1846 3268
216 257 294 296 332
815 251 1081 293 PLA'roNJs
1577 256 1686 310 [ω

220 369 258 392 ac
272 357 410 402 syllabas
424 357 515 390 rebus
531 356 663 400 singulis
677 357 917 389 accommodare
927 357 1053 389 videtur
1063 357 1224 390 nominum
1236 362 1359 400 auctor,
1371 358 1494 400 signum
1509 367 1691 402 nomenque

218 413 434 446 constituens:
468 422 506 444 ex
531 411 580 443 his
616 410 733 443 deinde
757 410 878 453 speeies
896 410 964 453 jam
989 411 1125 453 reliquas
1151 422 1206 454 per
1227 412 1464 444 similitudinem
1488 413 1695 447 constitum.

220 466 302 499 Haec
315 465 403 509 mihi,
418 466 646 508 Hermogenes,
661 470 748 497 recta
761 464 885 496 videtur
900 475 967 497 osse
982 465 1143 496 nominum
1160 466 1251 504 ratio,
1271 466 1331 497 nisi
1347 466 1422 508 quid
1439 466 1525 498 aliud
1539 466 1688 509 ctatylu·

219 521 272 553 hic
284 520 406 553 afferat.
450 518 572 552 Herm.
597 519 735 556 Etenim,
751 529 773 550 o
786 519 942 557 Socrates,
958 529 1043 561 saepe
1058 529 1108 551 me
1124 521 1230 552 turbat
1245 521 1393 564 Cratylus
1418 522 1488 559 iste,
1505 526 1540 553 ut
1561 531 1580 552 a
1604 521 1690 564 prin·

221 573 305 616 cipio
320 574 396 611 dixi,
408 574 484 604 dum
501 583 570 605 esse
586 573 743 615 quandam
760 572 869 604 asserit
883 577 998 604 rectam
1015 572 1175 604 nominum
1192 574 1355 612 rationem,
1376 585 1446 616 quae
1462 586 1535 607 vero
1558 575 1609 614 sit,
1624 585 1694 607 non

220 628 378 670 explicat:
405 632 440 659 ut
455 627 630 659 discernere
646 637 812 669 nequeam,
835 631 937 659 utrum
959 627 999 658 de
1015 627 1168 658 industria
1182 638 1283 660 necne
1298 629 1377 661 adeo
1394 629 1434 660 sit
1447 629 1607 660 obscurus.
1650 629 1698 660 In

221 682 389 724 praesentia
403 681 508 724 igitur,
525 692 544 713 ο
558 681 702 724 Cratyle‚
719 691 821 712 coram
839 681 967 712 Socrate
983 681 1082 718 dicas,
1099 686 1201 713 utrum
1227 683 1375 724 placeant
1389 692 1426 713 ea
1447 681 1521 722 tibi,
1534 692 1606 726 qnae
1632 682 1692 715 So-

222 741 321 768 crates
337 736 378 768 de
392 735 572 767 nominibus
599 735 762 777 praedicat,
777 745 816 766 an
840 734 1017 777 praeclarius
1039 735 1160 777 aliquid
1179 735 1288 768 afferre
1313 735 1424 778 possis.
1447 737 1533 779 quod
1548 737 1574 768 si
1588 742 1696 779 potes,

223 791 366 822 adducas
381 790 416 822 in
431 790 581 827 medium,
602 793 639 820 ut
653 789 703 820 vel
725 799 742 820 a
759 790 886 821 Socrate
902 788 1006 820 discas
1019 789 1068 820 vel
1085 799 1142 821 nos
1158 790 1266 821 ambos
1277 789 1411 822 erudias.
1457 789 1569 822 Can.
1592 790 1694 823 Vide-

220 849 312 876 turne
328 843 399 885 tibi,
417 843 645 885 Hermogenes,
661 843 754 875 facile
768 853 836 875 esse
852 848 915 874 tam
931 842 1017 874 brevi
1033 843 1194 885 percipere
1218 843 1354 886 quodvis
1377 849 1474 886 atque
1497 844 1623 882 docere,
1634 855 1694 876 ne-

219 898 295 929 dum
307 907 370 929 rem
385 902 518 935 tantam,
534 907 606 939 quae
623 897 789 928 maximum
805 896 883 939 quid
899 897 939 928 de
955 897 1096 928 maximis
1112 897 1279 929 aestimatur
1293 898 1304 929 ?
1348 897 1472 929 Hnm.
1497 897 1595 939 [428]
1615 897 1693 930 Non

219 951 299 983 mihi
315 962 370 994 per
384 951 510 984 Jovem.
534 952 611 993 quin
627 951 723 983 immo
738 951 816 983 scite
834 951 972 983 locutum
989 949 1164 983 Hesiodum
1181 951 1324 992 arbitror,
1338 951 1423 993 quod
1439 961 1543 993 operte
1558 952 1693 993 pretium

220 1006 261 1036 sit
275 1015 404 1048 parvum
432 1015 528 1047 parvo
553 1005 693 1038 addere.
727 1006 832 1043 Quare
855 1005 881 1036 si
906 1005 1087 1048 quicquam,
1105 1005 1180 1036 licet
1202 1005 1361 1046 exiguum,
1377 1005 1525 1047 perficere
1541 1005 1636 1042 vales,
1650 1015 1695 1038 ne

219 1058 375 1101 graveris:
402 1059 457 1090 sed
473 1063 505 1090 et
521 1059 679 1090 Socratem
695 1058 791 1089 istum
802 1058 880 1100 juva
895 1064 928 1089 et
954 1069 1002 1089 me
1027 1059 1164 1100 insuper.
1187 1059 1283 1090 debes
1304 1059 1398 1091 enim.
1444 1058 1500 1090 So.
1522 1057 1693 1101 Equidem,

220 1124 239 1144 o
255 1112 396 1155 Cratyle,
412 1112 490 1144 nihil
506 1122 612 1144 eorum
628 1123 698 1154 qum
713 1123 807 1154 supra
819 1113 1074 1149 commemoravi,
1090 1122 1268 1144 assererem.
1283 1122 1409 1154 nempe,
1419 1117 1581 1154 utcunque
1592 1113 1693 1144 visum

218 1172 278 1204 est,
299 1177 372 1199 cum
398 1167 596 1208 Hermogene
621 1168 682 1199 hoc
707 1167 867 1209 indagavi.
913 1167 1071 1205 Quocirca
1094 1167 1187 1203 aude,
1205 1167 1231 1198 si
1247 1166 1323 1209 quid
1341 1166 1450 1198 melius
1465 1167 1693 1209 habes,expri-

218 1231 316 1262 mere,
332 1226 481 1263 tanquam
508 1221 566 1252 sim
586 1221 730 1262 libenter,
745 1222 832 1264 quod
858 1221 983 1258 dixeris,
1010 1226 1221 1263 suscepturus.
1267 1220 1382 1262 Neque
1407 1219 1490 1252 enim
1515 1220 1648 1259 mirarer,
1665 1220 1693 1253 si

218 1274 294 1316 quid
311 1279 344 1305 tu
360 1274 447 1306 hisce
463 1275 591 1306 haberes
608 1275 797 1316 praeclarius.
820 1275 935 1306 videris
951 1284 1041 1316 porro
1059 1280 1092 1306 et
1114 1274 1181 1316 ipse
1205 1274 1279 1305 talia
1299 1275 1444 1316 quaedam
1466 1274 1694 1312 considerasse.

218 1333 250 1359 et
265 1328 305 1359 ab
332 1328 402 1359 aliis
424 1328 590 1360 didicisse.
634 1329 666 1360 Si
689 1329 765 1370 quid
789 1339 864 1371 ergo
884 1329 1084 1371 praestantius
1107 1329 1232 1366 dixeris,
1248 1339 1298 1360 me
1321 1327 1403 1360 inter
1425 1327 1598 1370 discipulos
1620 1333 1694 1360 tuos

218 1381 302 1414 circa
325 1387 442 1414 rectam
469 1382 633 1414 nominum
657 1382 810 1414 rationem
836 1393 934 1413 unum
957 1386 1192 1415 connumerato.
1238 1381 1351 1414 Cna'r.
1374 1381 1469 1413 Certe
1494 1381 1584 1419 milri,
1600 1381 1693 1413 oSo-

218 1441 329 1474 crates,
345 1441 381 1467 ut
396 1436 454 1474 ais,
471 1445 552 1468 curte
566 1437 627 1467 ista
642 1437 779 1474 fuerunt,
796 1447 833 1468 ac
848 1437 929 1468 forte
944 1436 1134 1478 discipulum
1151 1441 1182 1467 te
1204 1435 1370 1468 efficerem.
1393 1446 1501 1467 vereor
1516 1441 1634 1474 tamen,
1649 1445 1692 1467 no

217 1495 328 1522 contra
342 1491 472 1522 omnino
487 1501 520 1522 se
535 1500 583 1522 res
599 1491 725 1523 habeat.
749 1491 900 1523 convenit
914 1490 990 1521 mihi
1005 1501 1090 1522 nunc
1105 1489 1189 1521 idem
1205 1500 1278 1531 erga
1296 1494 1326 1521 te
1347 1489 1464 1527 dicere,
1479 1490 1564 1531 quod
1580 1490 1691 1522 adver-

218 1554 271 1576 sus
286 1543 420 1586 Ajacem
445 1545 478 1575 in
507 1545 600 1576 sacris
615 1544 758 1576 Achilles
778 1545 902 1587 inquit:
930 1545 1101 1580 Generose,
1118 1544 1173 1579 ait,
1187 1543 1289 1583 Ajax,
1309 1543 1694 1586 Telamonie‚popu10rum

214 1599 375 1641 princeps,
400 1600 506 1631 omnia
527 1609 595 1632 mea
618 1610 660 1631 ex
682 1600 839 1631 sententia
859 1599 1038 1640 protulisti.
1061 1598 1105 1629 ita
1120 1603 1153 1629 tu
1169 1608 1309 1640 quoque,
1324 1608 1344 1629 o
1360 1598 1516 1636 Socrates,
1531 1604 1637 1630 nostra
1651 1609 1690 1630 ex

217 1658 322 1685 mente
337 1652 503 1685 vaticinari
516 1653 643 1690 videris,
660 1653 725 1685 sive
741 1654 780 1684 nb
796 1653 1028 1696 Euthyphrone
1045 1652 1140 1684 fueris
1156 1652 1336 1693 inspiratus,
1352 1652 1416 1683 sive
1432 1652 1528 1684 Musa
1543 1654 1688 1694 quaedam

219 1706 277 1738 tibi
295 1706 415 1749 pridem
432 1707 587 1738 inhaerens
602 1717 687 1739 nunc
705 1714 734 1739 te
751 1708 892 1749 protinus
908 1707 1122 1739 concitaverit.
1167 1706 1223 1739 So.
1248 1707 1277 1738 Ο
1297 1706 1339 1738 vir
1364 1707 1456 1748 bone,
1472 1706 1614 1750 Cratyle,
1629 1717 1692 1749 ego

220 1771 347 1803 quoque
362 1761 547 1804 sapientiam
565 1772 664 1793 meam
675 1762 866 1804 jampridem
882 1762 1027 1799 admiror,
1043 1772 1147 1803 neque
1161 1761 1253 1792 nimis
1268 1760 1407 1793 confido.
1452 1761 1558 1799 Quare
1573 1762 1691 1794 exami-

218 1816 359 1846 nandum
376 1815 453 1858 quid
469 1816 585 1854 dicam,
601 1816 757 1848 existimo.
803 1816 886 1848 Nam
911 1828 927 1848 a
945 1817 1048 1858 seipso
1066 1815 1171 1858 decipi
1186 1816 1399 1858 gravissimum
1416 1821 1474 1848 est.
1497 1815 1592 1850 nimis
1606 1816 1690 1848 enim

217 1869 393 1910 periculosa
408 1880 455 1901 res
470 1874 529 1907 est,
546 1880 616 1902 cum
634 1871 781 1902 seductor
795 1871 884 1902 abest
897 1881 1070 1913 nunquam.
1088 1880 1271 1912 semperque
1287 1871 1457 1912 deceptum
1473 1871 1613 1912 proxime
1636 1880 1695 1902 coo

217 1923 355 1955 mitatur.
401 1923 537 1966 Oportet
560 1925 667 1967 itaque
693 1925 851 1967 superiora
866 1926 1046 1968 frequenter
1061 1925 1320 1962 animadvertere,
1335 1929 1378 1965 et,
1396 1929 1430 1955 ut
1445 1923 1542 1966 potita
1555 1924 1610 1956 ille
1632 1925 1690 1963 ait,

218 1982 291 2009 ante
307 1978 361 2008 illa
376 1982 521 2020 retroque
536 1978 732 2020 conspicere.
777 1978 878 2021 Atqui
893 1984 925 2022 et
941 1980 972 2010 in
985 1979 1131 2021 praesenti
1147 1979 1320 2020 videamus,
1335 1978 1411 2020 quid
1428 1988 1446 2009 a
1461 1978 1550 2009 nobis
1565 1978 1606 2010 sit
1621 1978 1693 2011 dic-

218 2037 296 2065 tum.
342 2031 476 2063 Rectam
502 2032 636 2064 diximus
661 2032 797 2064 nominis
825 2033 991 2071 rationem,
1007 2044 1078 2075 quae
1105 2033 1205 2074 qualis
1229 2043 1364 2075 quaeque
1389 2043 1436 2064 res
1463 2033 1516 2073 sit,
1538 2032 1689 2066 ostendit.

218 2085 375 2128 Nunquid
401 2086 590 2118 sufficienter
618 2097 685 2120 esse
712 2087 832 2119 dictum
860 2087 1047 2118 asserimus?
1094 2086 1204 2118 Can.
1227 2086 1297 2128 Ego
1322 2086 1449 2128 quidem
1474 2095 1588 2118 assero.
1631 2086 1688 2118 So.

215 2139 381 2172 DoctrInae
406 2140 502 2182 igitur
526 2141 626 2182 gratia
649 2141 777 2172 nomina
801 2141 871 2183 ipsa
893 2141 1063 2173 dicuntur?
1109 2141 1219 2172 CnA‘r.
1244 2140 1382 2172 Prorsus.
1427 2140 1484 2172 So.
1506 2139 1562 2171 An
1577 2150 1641 2172 non
1656 2144 1690 2172 et

217 2198 316 2225 artem
329 2205 397 2225 esse
413 2195 495 2226 hanc
511 2194 661 2236 dicimus,
675 2200 708 2226 et
719 2195 817 2237 ipsius
833 2195 990 2227 artifices?
1015 2195 1126 2227 CnAT.
1151 2195 1302 2225 Maxime.
1346 2194 1403 2226 So.
1427 2194 1539 2231 Quos?
1574 2194 1690 2228 CRAT-

216 2247 306 2285 Quos
331 2247 428 2290 [429]
453 2259 471 2280 a
497 2247 656 2291 principio
683 2254 716 2280 tu
744 2250 848 2291 legum
877 2255 910 2282 et
933 2249 1096 2281 nominum
1123 2249 1302 2281 conditores
1328 2249 1584 2292 cognominabas.
1629 2250 1688 2282 So.

217 2301 332 2333 Utrum
347 2304 429 2334 hanc
445 2307 542 2334 artem
559 2303 702 2335 similiter
718 2308 813 2346 atque
837 2304 915 2335 alias
931 2305 1034 2336 inesse
1050 2304 1240 2341 hominibus,
1257 2314 1296 2335 an
1320 2303 1410 2335 aliter
1423 2302 1631 2334 arbitramur?
1654 2303 1690 2334 id

216 2361 323 2388 autern
348 2361 397 2388 est
418 2357 504 2398 quod
527 2357 613 2391 volo.
635 2357 771 2400 pictores
798 2358 927 2400 quidam
963 2358 1132 2389 deteriores
1164 2362 1249 2395 sunt,
1275 2357 1403 2399 quidam
1434 2356 1689 2398 praestantiores?

216 2409 328 2442 Cau.
351 2410 442 2444 Sunt.
487 2411 543 2443 So.
567 2411 685 2443 Nonne
702 2413 930 2454 praestantiores
943 2421 1038 2454 opera
1053 2422 1108 2443 sua
1124 2411 1305 2454 pulchriora
1319 2411 1452 2449 faciunt,
1469 2411 1582 2452 figuras
1598 2411 1689 2443 vide-

215 2463 291 2495 licet
315 2463 522 2496 animalium?
545 2465 640 2496 ceteri
665 2466 797 2497 contra?
822 2465 1027 2497 aedificatores
1055 2475 1182 2507 quoque
1198 2465 1340 2496 similiter
1355 2465 1465 2506 partim
1483 2465 1690 2507 pulchriores,

217 2517 329 2559 partim
350 2518 501 2559 turpiores
527 2519 640 2550 domos
661 2515 829 2551 efficiunt?
875 2519 986 2551 Cam.
1010 2519 1062 2550 Sic
1089 2524 1148 2552 est.
1194 2519 1250 2551 So.
1277 2519 1394 2550 Nonne
1417 2524 1450 2550 et
1475 2519 1579 2562 legum
1603 2518 1691 2561 ipsa·

215 2579 282 2602 rum
312 2575 455 2603 auctores
481 2573 593 2614 partim
621 2583 717 2615 opera
753 2583 809 2604 sua
836 2574 1025 2616 pulchriora,
1055 2573 1167 2616 partim
1193 2574 1329 2615 turpiora
1354 2573 1516 2605 efficiunt?
1578 2573 1689 2608 Can.

215 2624 312 2656 Haud
335 2626 470 2668 amplius
496 2627 578 2658 istud
602 2628 747 2660 admitto.
792 2628 846 2660 So.
870 2628 946 2659 Non
971 2638 1046 2670 ergo
1072 2628 1157 2669 leges
1179 2628 1248 2659 aliae
1263 2628 1418 2666 meliorem,
1435 2627 1604 2659 deteriores
1618 2627 1689 2659 alias

215 2679 275 2712 tibi
299 2680 456 2713 videntur.
501 2681 615 2714 Can.
648 2682 735 2715 Non.
782 2683 837 2714 So.
870 2682 986 2725 Neque
1008 2683 1102 2714 etiam
1126 2693 1254 2720 nomen,
1279 2688 1315 2713 ut
1341 2687 1485 2725 apparet,
1509 2682 1594 2713 aliud
1625 2690 1690 2712 me-

215 2733 287 2772 lius,
302 2734 387 2766 aliud
412 2735 550 2767 deterius
575 2736 759 2778 impositum
787 2738 954 2769 arbitraris.
999 2737 1113 2769 CnAT.
1138 2737 1251 2779 Neque
1282 2737 1375 2768 istud.
1432 2737 1488 2768 So.
1512 2735 1595 2778 Ergo
1619 2743 1687 2766 om·

213 2789 268 2820 nia
295 2789 423 2822 nomina
448 2798 530 2822 recte
556 2792 658 2833 posita
683 2797 764 2823 sunt.
811 2791 923 2824 Cna'r.
945 2792 1153 2833 Quaecunque
1176 2791 1325 2823 videlicet
1350 2791 1477 2822 nomina
1502 2795 1586 2822 sunt.
1629 2790 1685 2821 So.

214 2844 303 2882 Quid
329 2845 371 2877 de
396 2844 488 2886 hujus
511 2845 727 2887 Hermogenis,
744 2847 831 2888 quod
854 2858 947 2889 supra
971 2847 1089 2878 dictum
1116 2851 1174 2883 est,
1201 2846 1351 2878 nomine?
1376 2850 1477 2876 utrum
1502 2844 1685 2881 dicendum.

214 2907 280 2930 non
314 2909 382 2931 esse
409 2898 457 2930 illi
480 2899 564 2931 istud
587 2900 779 2942 impositum,
797 2901 856 2932 nisi
881 2902 957 2944 quid
974 2901 1091 2932 Hermu
1109 2911 1274 2943 geneseos,
1291 2901 1322 2931 id
1349 2904 1396 2932 est
1412 2898 1561 2931 Mercurii
1588 2907 1684 2940 gene-

212 2952 356 2992 rationis,
389 2953 437 2986 illi
476 2955 660 2997 competat?
696 2963 735 2987 :m
770 2956 951 2998 impositum
993 2956 1133 2999 quidem,
1169 2965 1232 2987 non
1261 2960 1363 2986 tamen
1404 2953 1511 2986 recte?
1568 2953 1681 2986 Cau.
