1846 3268
166 249 260 299 143]
595 226 597 228 ’
691 244 1069 290 PARMENIDES.
1552 251 1626 288 115

161 361 212 382 sus
226 361 265 382 ex
290 349 327 381 iis
349 348 544 391 passionibus
568 347 694 380 accidit.
740 347 853 382 Nulla.
895 347 1022 378 Nullius
1048 358 1121 390 ergo
1146 349 1293 390 temporis
1318 348 1486 390 particeps,
1508 360 1566 382 nec
1590 351 1623 382 in

162 403 267 445 aliquo
283 409 432 444 tempore.
477 401 551 435 Non
569 412 656 442 sane,
670 406 706 432 ut
721 401 800 432 ratio
815 400 926 432 dictat.
972 401 1059 437 Quid
1077 400 1195 442 igitur?
1218 401 1320 443 ipsum
1337 406 1413 439 erat,
1429 402 1499 438 fuit,
1515 403 1623 445 tiebat,

161 466 266 488 nonne
281 456 553 497 participat-ionem
576 454 724 496 temporis
749 454 941 495 quandoque
962 454 1109 495 praeteriti
1132 455 1306 496 significare
1319 455 1487 486 videntur?
1533 457 1622 494 Quin

157 508 266 542 immo.
311 507 358 544 At
371 519 443 540 vero
458 509 527 549 erit,
543 508 608 546 fiet,
622 507 739 539 factum
755 507 858 544 fuerit,
881 517 922 539 an
940 517 1004 538 non
1025 507 1162 542 futurum
1187 507 1278 539 nobis
1291 508 1478 549 designant?
1523 508 1621 540 Futu-

158 572 236 598 rum.
279 561 336 593 Est
351 566 454 594 autem
469 567 502 593 et
515 562 562 603 fit,
586 561 748 603 praesentis
768 565 842 592 sunt
856 560 1002 602 temporis
1018 565 1112 592 notae.
1158 560 1298 592 Omnino
1313 562 1452 602 quidem.
1497 560 1532 592 Si
1547 572 1620 603 ergo

157 614 258 656 ipsum
274 626 370 648 unum
383 615 471 647 nullo
486 626 611 657 prorsus
625 614 795 656 participat
804 618 960 655 tempore,
976 625 1035 646 nec
1059 614 1120 645 suit
1136 625 1286 656 unquam,
1302 626 1361 647 nec
1377 616 1424 652 fit,
1441 626 1544 658 neque
1560 622 1620 652 est,

157 678 259 711 neque
285 669 352 710 fiet,
377 679 480 711 neque
506 669 623 701 facturn
649 668 720 709 erit,
743 678 847 709 neque
871 668 942 700 erit.
988 668 1159 699 Verissima
1183 669 1251 700 haec
1276 673 1359 702 sunt.
1403 668 1490 700 Num
1516 673 1622 710 potest

156 722 326 764 quidquam
342 723 476 755 essentia
489 722 591 763 aliter,
612 732 704 764 quam
719 722 892 753 secundum
908 721 1036 752 istorum
1051 721 1193 763 aliquod,
1210 721 1397 763 participare
1415 722 1425 752 ?
1470 721 1546 753 Non
1562 722 1619 753 ali-

156 779 213 808 ter.
257 775 356 807 Nullo
377 776 470 807 modo
493 776 587 817 igitur
609 780 658 807 est
678 775 782 817 ipsum
810 786 918 806 unum.
962 775 1217 816 Haudquaquam
1232 775 1365 807 videtur.
1410 775 1486 806 Non
1512 775 1619 817 itaque

154 827 201 869 ila
213 833 272 866 est,
288 834 323 861 ut
336 829 377 861 sit
390 840 499 861 unum.
520 834 602 861 esset
617 829 700 861 enim
720 829 787 870 jam
803 839 859 860 ens
874 834 907 860 et
922 829 1064 860 essentiae
1089 829 1248 870 particeps
1264 841 1271 860 :
1295 829 1404 866 immo,
1434 835 1469 860 ut
1484 828 1617 865 videtur,

153 881 257 923 ipsum
271 893 366 915 unum
382 894 485 924 neque
499 893 596 914 unum
611 887 670 920 est,
685 893 788 925 neque
803 887 863 920 est,
887 883 913 914 si
929 882 1006 924 quid
1029 882 1102 914 huic
1125 882 1237 913 rationi
1259 882 1460 913 credendum.
1503 880 1531 912 A
1537 892 1617 923 ppa-

154 942 211 967 tet.
236 935 333 978 [142]
357 937 395 967 Ei
411 947 495 977 vero,
516 937 602 978 quod
625 947 688 968 non
705 942 766 974 est,
793 947 867 967 num
890 942 938 968 est
954 936 1002 967 vel
1026 936 1087 977 ipsi
1101 936 1150 967 vel
1172 936 1271 977 ipsius
1296 935 1435 978 aliquid?
1479 934 1524 967 At
1538 946 1617 977 quo-

155 989 249 1022 modo
263 989 275 1020 ?
319 989 395 1021 Non
411 990 517 1031 itaque
532 1001 647 1022 nomen
662 990 780 1028 intest,
794 1001 858 1021 non
874 1000 985 1030 sermo,
1007 1000 1071 1020 non
1087 989 1217 1021 scientia
1233 990 1388 1030 quaedam,
1412 999 1476 1020 non
1497 998 1616 1026 sensus,

154 1052 219 1074 non
231 1042 351 1084 opinio.
396 1043 472 1076 Non
489 1043 623 1075 videtur.
667 1044 870 1085 Quapropter
882 1054 941 1075 nec
957 1043 1146 1081 nominatur,
1166 1053 1224 1074 nec
1237 1042 1363 1080 dicitur,
1386 1052 1445 1074 nec
1465 1041 1617 1083 opinione

152 1091 318 1137 cogitat-ir,
334 1107 393 1128 nec
404 1097 615 1138 cognoscitur,
629 1107 733 1138 neque
747 1097 787 1128 ab
803 1097 910 1138 aliquo
930 1107 968 1128 ex
985 1097 1033 1134 iis,
1049 1107 1120 1138 quae
1138 1101 1224 1133 sunt,
1240 1096 1383 1127 sentitur.
1427 1095 1524 1126 Haud
1540 1105 1616 1126 sanc

154 1149 288 1181 videtur.
329 1149 384 1181 An
408 1149 555 1191 possibile
577 1155 636 1187 est,
662 1149 723 1182 ista
749 1149 832 1182 circa.
846 1150 947 1191 ipsum
965 1159 1060 1180 uuum
1077 1149 1123 1181 sic
1138 1159 1171 1180 se
1187 1148 1326 1179 babere?
1369 1147 1460 1190 Non,
1483 1153 1520 1179 ut
1540 1147 1617 1179 mihi

152 1202 285 1235 videtur.
330 1203 428 1236 Visne
442 1203 568 1242 iterum,
581 1204 622 1235 ad
638 1204 736 1244 ipsam
753 1203 944 1245 positionem
961 1202 1047 1234 velut
1061 1213 1080 1234 a
1094 1202 1250 1244 principio
1272 1202 1446 1240 redeamus,
1470 1202 1615 1234 conside-

151 1260 265 1294 rantes,
288 1256 314 1288 si
330 1257 405 1298 quid
421 1257 501 1288 forte
517 1257 720 1289 redeuntibus
744 1256 834 1288 nobis
855 1255 946 1287 aliter
970 1266 1003 1287 se
1018 1257 1132 1287 habere
1146 1255 1311 1286 videatur?
1355 1254 1439 1286 Volo
1453 1255 1615 1296 equidem.

150 1307 268 1341 Nonne
282 1309 310 1341 si
322 1309 422 1351 ipsum
439 1320 535 1341 unum
550 1315 609 1347 est,
623 1309 757 1341 confessi
773 1320 890 1346 sumus,
907 1319 978 1350 quae
994 1309 1077 1341 circa
1088 1308 1166 1340 illud
1182 1309 1342 1347 eveniunt,
1354 1308 1532 1350 cujusmodi
1546 1319 1615 1340 esse

150 1363 315 1404 oporteat?
359 1363 519 1397 Profecto.
562 1363 723 1395 Meditare
746 1362 859 1399 iterum
875 1362 1078 1404 aprincipio.
1103 1372 1199 1393 unum
1215 1361 1240 1393 si
1254 1367 1314 1400 est,
1339 1361 1493 1403 numquid
1514 1361 1614 1403 possi-

149 1416 213 1451 bile
227 1422 286 1455 est,
300 1417 402 1459 ipsum
417 1428 497 1458 esse,
511 1417 646 1450 essentia
661 1427 733 1449 vero
749 1427 946 1458 nequaquam
964 1416 1171 1458 participare?
1215 1415 1427 1458 Impossibile.
1470 1415 1614 1446 Essentia

148 1474 253 1502 autem
269 1471 372 1508 unius,
387 1482 451 1502 non
467 1471 564 1508 idem,
578 1471 663 1513 quod
680 1471 781 1512 ipsum
798 1480 893 1502 unum
910 1470 978 1502 erit.
1001 1470 1140 1512 alioquin
1166 1470 1193 1501 si
1208 1469 1304 1508 idem,
1324 1479 1388 1500 non
1403 1468 1514 1511 utique
1526 1469 1612 1500 illius

147 1525 282 1557 essentia
295 1529 388 1562 esset,
412 1536 515 1567 neque
530 1525 631 1566 ipsum
647 1535 743 1556 unum
760 1524 815 1556 illa
829 1524 1059 1566 participasset,
1083 1524 1138 1555 sed
1159 1524 1282 1565 quoties
1306 1522 1492 1566 proferretur
1515 1533 1612 1555 unum

146 1587 227 1615 esse,
238 1577 339 1612 simile
354 1579 504 1620 quiddam
519 1579 756 1620 significaretur,
783 1589 821 1610 ac
836 1579 862 1609 si
878 1589 974 1609 unum
989 1577 1173 1610 diceremus.
1197 1588 1280 1609 nunc
1295 1582 1400 1608 autem
1415 1587 1479 1607 non
1493 1581 1540 1608 est
1555 1577 1615 1614 bu,

142 1630 283 1672 jusmodi
297 1633 472 1674 suppositio
485 1639 603 1672 nostra,
627 1632 749 1665 scilicet
763 1632 790 1663 si
806 1642 916 1672 unum,
941 1631 1092 1674 quidnam
1108 1636 1292 1663 eventurum
1308 1630 1361 1668 sit,
1382 1630 1438 1661 sed
1462 1629 1488 1660 si
1513 1640 1611 1661 unum

145 1689 205 1718 est.
227 1695 333 1717 nonne
347 1686 412 1717 ita?
456 1686 584 1718 Prorsus
599 1686 643 1717 sic
658 1691 718 1718 est.
763 1685 880 1717 Nonne
895 1687 941 1716 ita
963 1685 1090 1722 dicitur,
1115 1690 1262 1727 tanquam
1290 1684 1376 1715 aliud
1391 1683 1547 1725 significet
1559 1682 1609 1724 ip-

144 1748 215 1770 sum
243 1743 302 1775 est,
326 1739 411 1770 aliud
440 1739 543 1781 ipsum
568 1750 664 1771 unum
678 1739 689 1771 ?
734 1739 886 1772 Necesse.
933 1738 1020 1770 Num
1045 1739 1131 1770 aliud
1158 1749 1250 1780 quam
1276 1738 1362 1779 quod
1386 1737 1488 1778 ipsum
1513 1747 1609 1768 unum

145 1791 280 1825 essentia
299 1792 367 1833 ipsa
389 1793 579 1835 participat?
603 1795 663 1824 hoc
686 1792 767 1825 enim
792 1799 840 1825 est
866 1793 951 1834 quod
974 1793 1142 1834 profertur,
1167 1792 1313 1834 quotiens
1338 1791 1408 1832 quis
1434 1791 1609 1821 summatim

146 1845 232 1887 quod
247 1856 344 1877 unum
360 1850 408 1878 est
424 1847 551 1888 profert.
596 1846 748 1880 Omnino.
793 1846 915 1878 Rursus
930 1846 1037 1888 itaque
1054 1846 1207 1887 dicamus,
1223 1856 1318 1876 unum
1335 1845 1362 1877 si
1377 1849 1434 1882 est,
1457 1844 1607 1886 quidnam

144 1899 318 1941 contingat.
355 1899 444 1941 Age.
460 1900 492 1931 id
508 1901 645 1932 adverte.
668 1911 708 1931 an
725 1911 789 1931 non
804 1911 933 1932 necesse
948 1906 1006 1937 est,
1020 1901 1101 1931 hanc
1117 1899 1369 1941 suppositionem
1386 1898 1488 1939 ipsunt
1510 1908 1608 1928 unum

142 1951 334 1995 ejuscemodi
351 1954 531 1994 praedicare,
547 1954 636 1996 quasi
652 1959 756 1996 partes
771 1955 913 1986 habeat?
962 1954 1110 1992 Quonam
1135 1953 1252 1984 modo?
1285 1952 1370 1984 Hoc.
1394 1951 1427 1982 Si
1442 1951 1544 1993 ipsum
1561 1956 1609 1982 est

143 2007 185 2039 de
208 2017 271 2038 uno
292 2012 366 2039 ente
387 2007 513 2048 dicitur,
537 2015 570 2039 et
588 2007 693 2050 ipsum
717 2019 814 2039 unum
834 2008 875 2039 de
901 2013 975 2039 ente
1000 2018 1086 2038 uno:
1109 2012 1156 2038 est
1181 2010 1286 2037 autem
1308 2006 1392 2037 idem
1419 2005 1554 2036 essentia
1576 2009 1609 2035 ct

142 2071 252 2102 unum,
267 2062 378 2093 eodem
393 2062 562 2093 exsistente
577 2073 651 2099 uuo,
661 2063 746 2103 quod
764 2062 987 2104 supposuimus
1002 2073 1010 2092 t
1032 2071 1138 2092 nonne
1153 2070 1279 2092 necesse
1295 2063 1354 2096 est,
1371 2063 1468 2089 totum
1480 2058 1608 2099 quidem

142 2125 250 2152 unum,
273 2124 329 2146 ens
351 2115 454 2156 ipsum
469 2126 548 2155 esse,
573 2114 704 2156 ejusque
729 2121 832 2157 partes
856 2121 919 2146 tam
935 2125 1033 2146 unum
1049 2124 1142 2156 quam
1159 2124 1228 2145 esse
1243 2112 1411 2144 exsistere?
1456 2110 1607 2143 Necesse.

142 2168 256 2201 Utrum
276 2179 349 2200 vero
374 2174 536 2210 utramque
565 2169 671 2200 harum
689 2170 835 2210 partium,
862 2173 982 2209 partem
997 2169 1161 2199 dumtaxat
1174 2165 1397 2207 appellamus?
1420 2174 1459 2196 an
1475 2170 1607 2206 partem,

141 2221 237 2254 totius
252 2226 370 2263 partem
386 2222 554 2262 praedicare
565 2224 707 2263 oportet?
730 2222 856 2253 Totius.
879 2221 993 2252 Totum
1006 2221 1099 2262 igitur
1114 2225 1173 2257 est,
1188 2219 1273 2261 quod
1290 2229 1386 2249 unum
1401 2222 1461 2259 est,
1485 2228 1522 2249 ac
1536 2229 1607 2259 par·

144 2279 208 2306 tem
223 2276 329 2307 habet.
350 2274 494 2308 Penitus.
516 2275 604 2312 Quid
621 2276 748 2308 autem?
771 2286 847 2306 num
864 2275 912 2305 hae
929 2280 1030 2316 partes
1045 2273 1138 2305 unius
1154 2273 1247 2310 entis,
1258 2271 1379 2304 scilicet
1391 2281 1484 2302 unum
1493 2275 1524 2302 et
1539 2281 1607 2308 ens,

138 2328 185 2360 ita
196 2339 228 2360 se
243 2328 379 2361 invicem
395 2329 555 2369 deserunt,
570 2333 605 2359 ut
620 2328 681 2370 ipsi
695 2328 763 2360 enti
778 2339 888 2368 unum,
904 2332 937 2359 et
948 2327 1009 2369 ipsi
1021 2327 1073 2358 uni
1089 2336 1143 2358 ens
1159 2324 1262 2357 desit?
1297 2324 1372 2356 Non
1387 2328 1482 2355 certe.
1506 2318 1607 2364 Igitur

141 2387 274 2424 utraque
290 2393 359 2424 pars
374 2387 405 2413 et
422 2393 518 2413 unum
535 2382 625 2414 simul
649 2387 682 2414 et
706 2393 762 2413 ens
777 2382 1014 2424 complectitur:
1039 2381 1118 2412 adeo
1135 2385 1169 2412 ut
1183 2390 1252 2422 pars
1268 2374 1418 2421 quaeli‘bet
1431 2389 1469 2409 ex
1484 2377 1606 2408 duabus

139 2435 248 2466 saltem
261 2435 421 2477 particulis
434 2436 662 2470 constituatur:
686 2441 719 2467 et
734 2436 850 2467 secund
858 2446 907 2466 um
923 2435 1055 2466 eandem
1078 2434 1228 2465 rationem
1242 2442 1438 2474 quaecunque
1454 2431 1607 2472 particula

139 2488 286 2530 occurrit,
302 2494 430 2530 utraque
447 2500 568 2530 semper
582 2489 616 2521 in
632 2500 671 2521 ea
685 2489 883 2521 claudantur.
907 2488 1023 2519 etenim
1039 2498 1135 2518 unum
1152 2497 1274 2528 semper
1288 2496 1356 2523 ens,
1379 2489 1411 2516 et
1431 2495 1486 2516 ens
1509 2495 1604 2515 unum

139 2541 256 2572 mutuis
271 2542 400 2573 nexibus
414 2542 658 2584 amplectuntur.
683 2543 779 2580 unde,
795 2552 866 2574 curn
882 2541 999 2582 ubique
1016 2542 1046 2571 in
1061 2540 1170 2582 quavis
1186 2539 1340 2581 particula
1355 2539 1419 2569 duo
1434 2543 1607 2579 emergant,

139 2604 267 2625 necesse
281 2599 330 2626 est
352 2594 450 2637 [143]
474 2606 633 2637 nunquam
650 2606 745 2628 unum
767 2595 924 2627 exsistere.
957 2594 1108 2626 Omnino.
1137 2593 1255 2625 Nonne
1283 2593 1342 2623 hac
1363 2591 1483 2622 ratione
1508 2602 1605 2622 unum

138 2658 206 2685 ens,
221 2647 344 2679 infinita
359 2648 524 2680 multitudo
539 2649 619 2680 erit?
644 2649 792 2682 Videtur.
815 2648 899 2690 Age,
915 2658 1034 2690 quaeso,
1050 2653 1083 2679 et
1095 2647 1153 2678 hac
1168 2645 1275 2688 perge.
1311 2645 1406 2682 Qua?
1444 2644 1605 2683 Diximus,

140 2711 237 2733 unum
251 2702 387 2733 essentia
399 2701 596 2744 participare,
612 2702 644 2734 in
661 2707 812 2744 quantum
829 2703 900 2733 est?
937 2701 1096 2733 Diximus.
1130 2700 1173 2731 Et
1197 2700 1238 2730 ob
1258 2700 1339 2730 banc
1360 2708 1484 2730 causam
1508 2707 1604 2728 unum

138 2765 194 2786 ens
209 2755 377 2787 multitudo
393 2766 463 2787 esse
478 2754 635 2797 apparuit.
659 2755 712 2788 Sic
730 2761 789 2788 est.
812 2756 899 2794 Quid
915 2759 1019 2786 autem
1033 2754 1044 2785 ?
1067 2754 1092 2785 si
1108 2753 1207 2796 ipsum
1226 2763 1334 2789 unum,
1359 2751 1445 2793 quod
1461 2750 1605 2782 essentias

139 2809 294 2851 particeps
307 2819 374 2840 esse
395 2809 542 2850 diximus,
562 2808 664 2850 ipsum
687 2810 861 2840 secundum
888 2820 920 2840 se
943 2809 1045 2850 ipsum
1068 2807 1168 2838 solum
1189 2805 1398 2847 intelligentia
1422 2804 1604 2844 cogitemus,

138 2872 272 2895 seorsum
289 2863 329 2894 ab
343 2863 409 2900 illo,
424 2874 487 2905 quo
505 2862 690 2904 participare
707 2863 907 2904 praediximus
922 2874 929 2893 ·,
955 2861 1108 2902 numquid
1127 2871 1222 2891 unum
1239 2860 1338 2890 solum
1355 2857 1542 2900 apparebit?
1556 2855 1606 2886 vel

139 2915 234 2949 etiam
251 2917 348 2951 multa
363 2918 423 2950 hoc
438 2917 565 2960 ipsum?
590 2916 697 2949 Unum
708 2917 824 2956 solum,
839 2921 930 2960 puto.
964 2915 1206 2949 Consideremus
1217 2914 1284 2955 jam
1300 2919 1331 2945 ct
1346 2912 1430 2945 aliud
1446 2910 1610 2952 quiddam.
