1846 3268
208 240 285 279 390
806 237 1082 278 PLATONIS
1575 244 1670 295 [298

207 341 282 373 dum
297 346 396 384 agunt
409 342 493 384 quod
511 341 605 373 modo
622 341 776 378 laudatur,
792 341 934 383 quamvis
955 343 1198 384 haudquaquam
1222 343 1425 375 rectissimum
1451 341 1565 376 id'sit?
1609 346 1668 378 So.

207 396 294 434 Quid
309 396 411 428 illud?
456 396 562 428 Hosr.
586 396 681 434 Quod
709 406 802 426 nemo
826 395 994 438 quicquam
1018 401 1130 438 praeter
1156 396 1240 439 leges
1266 398 1460 430 committere
1485 399 1612 442 audeat,
1635 405 1670 431 et

205 447 347 493 quisquis
362 451 471 488 audet,
485 455 583 482 morte
599 450 766 481 mulctetur
779 450 985 491 extremisque
998 451 1141 482 omnibus
1152 452 1316 494 suppliciis
1325 452 1489 494 affligatur.
1512 452 1550 483 Id
1564 457 1669 484 autem

207 503 258 536 est
269 506 408 537 secundo
420 505 491 537 loco
507 505 711 536 rectissimum
727 509 822 546 atque
837 504 1106 536 honestissimum:
1132 505 1231 547 primo
1246 517 1381 548 namque
1405 506 1436 537 in
1461 506 1532 538 loco
1548 516 1670 548 ponen-

206 559 294 601 dum,
308 560 394 601 quod
410 570 494 591 nunc
509 564 558 590 est
571 559 702 590 dictum.
747 559 823 596 Quo
838 565 942 590 autem
958 559 1053 590 modo
1069 559 1186 598 evenit,
1201 561 1285 602 quod
1303 562 1397 592 modo
1413 560 1584 592 secundum
1601 571 1669 592 esse

205 612 352 653 diximus,
367 613 570 645 declaremus.
594 613 706 644 visne?
752 612 810 644 So.
834 612 876 643 Et
890 613 1023 644 maxime
1045 613 1185 655 quidem.
1230 614 1335 647 How.
1358 613 1532 646 Veniamus
1554 613 1667 645 iterum

205 667 244 698 ad
267 666 431 708 imagines,
445 666 559 708 quibus
584 666 684 708 regios
707 666 864 708 principes
889 677 1011 708 semper
1035 678 1216 709 comparare
1241 679 1368 700 necesse
1391 674 1448 700 est.
1493 669 1549 700 So.
1578 669 1667 706 Quas

204 720 357 762 imagines
371 720 496 762 inquis?
542 720 651 751 Hosr’.
674 719 868 751 Generosum
884 719 1012 761 inquam
1038 721 1126 751 navis
1149 721 1397 762 gubernatorem,
1415 722 1581 763 multisque
1597 721 1666 753 aliis

203 773 442 817 aequivalentem
460 774 627 806 medicum.
650 773 882 805 consideremus
892 773 972 815 jam,
990 774 1116 815 figuram
1135 774 1271 817 aliquam
1287 775 1319 806 in
1333 775 1382 807 his
1397 775 1560 817 fingentes.
1607 775 1666 808 So.

204 828 364 866 Qualem?
408 828 516 860 ΗοεΡ.
539 828 647 859 Talem
663 827 832 869 quandam,
857 827 954 869 [298]
980 827 1109 870 perinde
1124 839 1160 860 ac
1182 829 1207 860 si
1229 838 1337 860 omnes
1359 830 1601 861 existimaremus
1626 830 1666 861 ab

203 882 267 914 illis
281 882 386 925 gravia
397 883 540 927 quaedam
558 881 634 923 pati,
649 881 739 923 quasi
754 892 833 923 quos
848 886 986 912 nostrum
1010 892 1130 914 servare
1152 882 1262 925 utique
1278 883 1401 923 volunt,
1416 889 1538 916 servent
1552 895 1560 916 :
1585 894 1666 926 quos

204 942 312 970 contra
326 938 469 979 perdere,
485 937 627 978 perdant,
644 937 718 966 dum
735 941 852 973 secant,
870 940 973 973 urunt,
989 942 1021 967 et
1033 937 1175 967 instituto
1190 937 1277 979 quasi
1300 939 1436 978 quodam
1453 938 1568 968 tributo
1584 948 1665 969 mer·
1694 939 1697 941 ’

202 992 311 1023 cedem
327 991 483 1022 referunt:
505 1001 639 1031 cumque
667 990 763 1021 multa
785 994 900 1031 cogant
920 991 1110 1032 expendere,
1125 990 1203 1021 nihil
1231 996 1285 1021 aut
1299 1001 1406 1032 parurn
1423 991 1592 1022 admodum
1608 1002 1670 1035 pro¹

202 1050 373 1087 aegrotante
388 1049 528 1086 erogant,
544 1043 672 1085 reliquis
687 1049 790 1075 autern
806 1043 865 1086 ipsi
881 1043 1109 1086 familiaresque
1130 1049 1261 1076 utuntur
1276 1057 1284 1076 z
1308 1046 1434 1076 demum
1456 1045 1594 1086 acceptis
1609 1056 1663 1087 pe-

202 1099 304 1131 cuniis
319 1099 366 1130 vel
384 1110 402 1130 a
417 1097 558 1140 cognatis
574 1098 622 1129 vel
639 1098 678 1128 ab
693 1097 828 1130 inimicis
842 1099 1021 1140 aegrotantis
1033 1099 1132 1141 ipsius
1148 1100 1225 1130 mori
1237 1110 1308 1131 eum
1325 1105 1454 1142 cogunt.
1499 1088 1677 1133 Gubema-.

201 1150 283 1185 tores
297 1163 423 1195 quoque
439 1152 500 1184 alia
515 1153 659 1198 quasdam
675 1151 769 1193 liujus
786 1152 907 1194 generis
923 1152 1076 1195 permulta
1093 1158 1213 1195 patrare
1229 1153 1396 1185 dicuntur:
1420 1153 1510 1195 quasi
1521 1152 1664 1184 homines

201 1218 287 1250 saepe
302 1218 339 1240 ex
356 1198 477 1238 insidiis
491 1206 525 1237 in
540 1207 712 1238 recessibus
727 1206 914 1249 quibusdam
931 1208 1014 1239 solos
1030 1207 1258 1249 destitutusque
1280 1207 1459 1250 relinquant
1470 1211 1504 1238 et
1516 1207 1667 1238 offensio-

200 1263 294 1294 nibus
309 1261 524 1304 erroribusque
540 1262 571 1292 in
588 1261 700 1304 pelago
715 1261 818 1299 sactis,
834 1261 866 1292 in
885 1272 967 1293 mare
984 1262 1053 1294 illos
1076 1261 1218 1303 ejiciant,
1233 1262 1265 1293 in
1281 1261 1413 1304 aliisque
1428 1260 1588 1293 nonnullis
1609 1261 1663 1292 lae-

199 1318 288 1348 dant.
312 1316 582 1359 fingamusitaque
594 1327 650 1348 nos
665 1316 712 1347 his
728 1316 828 1347 causis
841 1316 1002 1348 lacessitos
1017 1317 1189 1354 consulere,
1201 1327 1264 1359 quo
1281 1321 1374 1358 pacto
1390 1316 1604 1348 auctoritatem
1615 1315 1677 1350 his.

199 1371 316 1402 artibus
332 1371 517 1413 auferamus,
533 1381 572 1402 ne
588 1370 684 1402 libere
700 1371 827 1402 ulterius
842 1376 896 1402 aut
918 1371 1013 1402 servis
1037 1371 1213 1402 hominibus
1239 1376 1294 1402 aut
1318 1371 1421 1402 liberis
1440 1371 1640 1403 dominentur
1654 1382 1676 1407 ε,

200 1429 429 1467 proptereaque
452 1429 536 1456 coetu
560 1424 645 1456 sacto
669 1435 727 1456 nos
753 1424 837 1466 ipsos
862 1435 1057 1466 concurrere,
1071 1433 1103 1457 ct
1118 1425 1166 1457 vel
1183 1436 1306 1456 omnem
1322 1425 1475 1467 populum
1490 1434 1664 1463 convocare

199 1479 248 1511 vel
265 1479 377 1511 divites
393 1483 537 1510 tantum:
562 1478 617 1510 ubi
639 1479 734 1510 etiam
760 1478 882 1510 rudium
907 1478 1067 1510 hominum
1090 1484 1123 1510 et
1146 1479 1297 1511 artificum
1322 1479 1451 1510 aliorum
1473 1479 1514 1510 de
1538 1478 1665 1520 navigio

199 1533 374 1575 morbisque
401 1533 565 1564 consilium
592 1532 748 1569 audiatur,
764 1544 827 1574 quo
856 1538 948 1574 pacto
974 1533 1105 1564 medelis
1130 1533 1344 1564 instrumentis
1367 1533 1558 1564 medicorum
1584 1543 1656 1574 erga

198 1591 332 1629 aegrotos
348 1586 393 1618 uti
407 1590 569 1629 oporteat:
587 1586 668 1621 ‘item
684 1586 814 1617 navibus
830 1591 862 1618 et
875 1597 979 1617 earum
995 1587 1210 1618 instrumentis
1237 1588 1276 1618 ad
1300 1587 1523 1629 navigandum,
1539 1587 1673 1631 pericu--

197 1642 290 1684 laque
306 1640 510 1683 procellarum
526 1645 558 1671 et
573 1640 724 1672 fluctuum
740 1641 923 1677 devitanda.
939 1645 972 1671 et
995 1640 1162 1683 piratarum
1179 1641 1307 1672 insidias
1323 1641 1500 1682 evadendo,
1514 1650 1551 1672 ac
1566 1639 1660 1671 etiarn

198 1696 224 1728 si
241 1696 315 1727 mari
331 1695 432 1736 longis
448 1695 579 1725 navibus
595 1694 742 1725 adversus
758 1694 873 1725 similes
890 1694 930 1725 sit
946 1695 1163 1736 pugnandum,
1184 1705 1246 1736 qua
1268 1694 1387 1727 ratione
1416 1694 1461 1725 uti
1476 1694 1523 1725 his
1538 1694 1659 1726 deceat.

198 1751 352 1792 fingamus
367 1749 442 1780 item
457 1759 514 1779 nos
527 1748 573 1779 his
587 1749 628 1779 de
643 1749 734 1779 rebus
750 1748 922 1779 sententias
938 1749 1035 1779 turbae
1052 1748 1101 1780 vel
1125 1749 1315 1780 medicorum
1337 1749 1531 1790 quorundam
1547 1748 1660 1789 guber-

197 1809 416 1845 natorumque,
431 1803 481 1834 vel
497 1802 620 1834 rudium
636 1802 809 1845 aliquorum
827 1803 867 1834 de
883 1802 930 1834 his
946 1803 1203 1844 consultantium,
1218 1803 1251 1834 in
1267 1803 1401 1844 publicis
1416 1803 1603 1845 quibusdam
1614 1808 1661 1834 ta-

196 1858 279 1890 bulis
294 1857 509 1899 columnisque
524 1857 705 1894 inscribere,
721 1861 754 1888 et
766 1867 865 1888 mores
881 1858 1033 1899 quosdam
1051 1858 1188 1899 ritusque
1204 1868 1267 1888 non
1283 1858 1426 1899 scriptos,
1439 1863 1586 1899 tanquam
1603 1867 1659 1899 pa·

197 1912 285 1949 trios,
299 1911 498 1949 constituere,
515 1912 594 1942 adeo
621 1916 656 1942 ut
678 1911 830 1954 reliquum
858 1922 950 1943 omne
976 1917 1099 1954 tempus
1114 1912 1153 1943 ad
1170 1912 1278 1943 horum
1294 1922 1430 1943 normam
1447 1912 1659 1954 navigandum

196 1966 236 1997 sit
251 1970 346 2007 atque
363 1965 564 1997 medendum.
609 1965 664 1997 So.
688 1965 773 1996 Mira
788 1966 932 2006 quaedam
947 1966 1073 1997 finxisti.
1118 1966 1226 1998 Hesp,
1250 1966 1403 1998 Praeterea
1419 1966 1587 2008 quotannis
1602 1976 1661 2008 po·-

196 2019 264 2063 puli
280 2019 437 2062 principes
452 2019 652 2056 constituere,
667 2019 731 2050 sive
754 2030 791 2051 ex
815 2019 963 2051 divitibus
983 2021 1047 2052 sive
1070 2031 1108 2052 ex
1124 2021 1210 2051 omni
1227 2020 1345 2062 populo
1361 2025 1442 2052 sorte
1456 2020 1588 2061 electos,
1603 2019 1658 2062 qui

196 2074 369 2106 secundum
385 2074 514 2115 scriptas
528 2073 741 2104 institutiones
757 2079 789 2105 et
804 2083 898 2105 naves
910 2073 1085 2115 gubernent
1099 2079 1132 2106 et
1146 2074 1370 2116 aegrotantibus
1385 2074 1579 2106 medeantur.
1602 2074 1661 2106 So.

195 2129 276 2161 Haec
291 2128 501 2171 superioribus
516 2139 643 2170 quoque
658 2128 781 2159 duriora
795 2128 950 2160 videntur.
997 2129 1103 2162 HosP.
1129 2128 1302 2160 Videamus
1315 2135 1475 2171 praeterea,
1485 2129 1570 2170 quod
1586 2128 1660 2160 hinc

196 2183 347 2226 sequitur,
393 2182 474 2215 Cum
499 2183 593 2214 annui
619 2182 815 2224 magistratus
837 2181 991 2224 cujusque
1017 2187 1139 2224 tempus
1165 2188 1306 2214 exactum
1332 2182 1436 2220 fuerit,
1452 2192 1580 2214 necesse
1603 2182 1664 2214 erit

195 2237 367 2269 constituto
378 2236 502 2279 judicio
518 2242 572 2268 aut
587 2248 624 2268 ex
650 2236 760 2268 electis
784 2236 946 2274 divitibus,
962 2241 1018 2267 aut
1039 2246 1093 2278 per
1118 2241 1231 2268 sortem
1248 2247 1286 2268 ex
1314 2236 1456 2267 universo
1480 2235 1577 2277 [299]
1601 2246 1674 2278 por

194 2291 284 2333 pulo,
299 2292 333 2323 in
360 2292 391 2323 id
409 2302 562 2323 arcessere
577 2291 660 2322 viros
677 2291 904 2334 magistratibus
929 2291 1066 2328 functos,
1081 2302 1197 2334 eosque
1220 2291 1371 2332 corrigere
1386 2301 1394 2321 :
1420 2289 1500 2321 adeo
1516 2293 1551 2320 ut
1565 2289 1659 2321 liceat

195 2345 313 2376 volenti
329 2345 457 2377 cuilibet
472 2346 611 2377 actiones
626 2345 748 2377 illorum
766 2345 936 2387 praeteritas
949 2345 1135 2386 improbare,
1151 2345 1241 2387 quasi
1268 2344 1358 2376 aliter
1381 2354 1473 2386 quam
1496 2343 1583 2385 leges
1603 2343 1658 2385 ju-

194 2399 290 2430 beant
305 2405 338 2431 et
353 2400 452 2442 patria
469 2400 665 2431 consuetudo
681 2400 806 2438 doceat,
822 2405 877 2431 aut
891 2410 986 2431 naves
1001 2399 1242 2442 gubernaverint
1263 2404 1318 2430 aut
1340 2409 1437 2440 aegros
1460 2397 1659 2438 curaverint;

194 2453 295 2494 etqui
311 2453 400 2485 aliter
414 2454 525 2486 secisse
541 2455 827 2496 deprehendentur,
851 2454 914 2486 lata
937 2454 1094 2486 sententia
1109 2454 1156 2485 vel
1182 2453 1339 2495 supplicio
1355 2453 1404 2484 vel
1431 2452 1493 2483 alio
1518 2452 1656 2494 quodam

193 2506 380 2538 detrimento
395 2517 414 2538 a
425 2506 587 2549 judicibus
602 2508 843 2540 damnabuntur.
889 2508 946 2539 So.
969 2507 1085 2538 Nonne
1101 2508 1283 2549 quicunque
1297 2505 1675 2549 magistratusejusmodis

194 2565 307 2602 sponte
319 2561 485 2603 suspiciet5
499 2562 607 2593 merito
624 2562 758 2603 quodvis
773 2562 961 2603 supplicium
977 2562 1165 2593 damnumve
1181 2562 1318 2603 patietur
1335 2562 1345 2592 ?
1391 2561 1500 2594 Host’.
1523 2561 1578 2592 Ad
1589 2560 1656 2592 baec

192 2614 322 2656 insuper
332 2614 432 2656 legem
449 2615 527 2646 serre
540 2616 717 2657 oportebit:
741 2615 766 2647 si
790 2617 861 2658 quis
885 2620 996 2658 praeter
1019 2616 1149 2658 scriptas
1166 2616 1408 2648 constitutiones
1422 2614 1594 2657 navigandi
1608 2624 1656 2645 ra·

193 2668 310 2699 tionem
324 2667 460 2711 aliquam
483 2669 606 2707 inserat,
623 2669 671 2701 vel
687 2669 870 2701 valitudinis
893 2675 1032 2701 naturam
1056 2670 1140 2702 circa
1155 2676 1265 2701 ventos
1286 2675 1319 2702 et
1343 2670 1461 2702 calores
1485 2674 1518 2700 et
1541 2668 1675 2710 frigora.

192 2727 412 2765 perscrutetur,
428 2728 460 2754 et
470 2722 550 2754 circa
567 2725 633 2755 haec
649 2724 776 2766 ingenio
792 2735 848 2755 suo
864 2724 1100 2766 philosophetur
1116 2729 1148 2756 et
1167 2725 1292 2762 doceat,
1309 2724 1407 2766 primo
1421 2722 1654 2766 quidem-hunc
1668 2766 1674 2770 '

193 2786 297 2818 neque
313 2776 548 2818 gubernatorem
565 2788 633 2809 esse
648 2789 751 2820 neque
766 2779 923 2811 medicum
939 2779 1177 2817 nominandum,
1193 2780 1247 2811 sed
1264 2778 1418 2811 curiosum
1433 2777 1590 2820 quendam
1599 2777 1654 2808 dc·

191 2830 346 2872 lirumque
369 2830 570 2873 Sopliistam:
596 2832 712 2864 deinde
735 2843 827 2874 posse
849 2843 867 2864 a
889 2833 1030 2875 quolibet
1051 2833 1086 2864 in
1104 2832 1262 2875 judicium
1286 2833 1378 2871 trahi,
1403 2831 1493 2874 quasi
1512 2828 1654 2872 juniores

194 2884 271 2916 alios
286 2890 475 2927 corrumpat,
488 2886 680 2928 suadentque
705 2887 951 2928 gubernatoriam
979 2893 1010 2919 et
1034 2888 1220 2920 medicinam
1246 2892 1359 2930 praeter
1382 2887 1485 2928 legum
1510 2883 1654 2916 instituta

194 2943 337 2982 tractare,
353 2940 633 2984 suoque·arbitmtu
660 2952 753 2973 naves
779 2943 964 2985 morbosque
987 2952 1116 2984 curare;
1139 2953 1175 2975 ac
1198 2942 1222 2975 si
1246 2947 1356 2984 praetcr
1377 2940 1461 2983 leges
1482 2938 1654 2981 juvenibus
