1846 3268
171 295 267 346 525]
779 286 1038 327 cononis,
1558 289 1636 328 ‘229

169 403 281 434 tarum,
297 396 388 428 irent.
433 394 554 426 Horum
570 402 641 424 vero
653 390 781 433 judices
797 391 854 422 sub
870 391 1006 421 Saturno
1022 394 1116 431 atque
1130 389 1223 421 etiam
1240 390 1298 420 sub
1321 389 1391 431 ipso
1409 389 1490 422 Jove
1506 400 1634 432 regnare

169 461 269 493 nuper
290 449 462 491 incipiente
489 447 628 478 viventes
658 450 746 477 erant
766 450 860 486 atque
881 443 1066 480 viventium,
1083 447 1177 485 atque
1202 443 1312 475 eadem
1337 444 1400 480 die,
1417 454 1479 486 qua
1505 450 1632 476 mvrtcm

169 505 239 546 quis
263 503 402 535 obiturus
426 502 539 537 fuerat,
562 499 750 541 judicabant
765 511 772 529 ε
805 502 997 540 quapropter
1023 496 1140 537 injuste
1166 495 1366 538 judicabant.
1411 496 1513 538 Igitur
1536 497 1632 528 Pluto

169 562 265 599 atque
281 557 438 588 beatarum
463 558 620 586 curatores
646 552 815 583 insularum
840 551 952 582 Jovem
973 551 1126 581 adeuntes
1152 550 1338 587 retulerunt,
1352 550 1500 591 indignos
1522 551 1561 582 ad
1579 560 1632 582 eos

167 611 314 652 utrinque
339 607 482 640 homines
506 606 664 639 devenire.
711 605 763 636 Ad
779 616 858 646 quos
874 604 917 636 sic
934 604 1038 645 inquit
1053 603 1213 644 Juppiter,
1238 603 1283 634 At
1297 614 1359 644 ego
1383 603 1554 635 remedium
1576 605 1632 635 ad-

165 663 294 702 hibebo·
315 672 401 693 nunc
416 662 499 693 enim
515 665 682 703 propterea
696 659 857 701 judicatur
885 658 1004 700 inique,
1020 658 1106 699 quod
1123 657 1227 688 vestiti
1252 662 1347 699 atque
1371 658 1555 689 circumdati
1570 659 1634 689 sin-

169 716 234 759 guli
255 716 451 758 judicantur,
467 715 616 756 quoniam
643 718 715 744 ante
739 713 858 743 obitum
879 711 1072 753 judicantur.
1097 711 1204 753 itaque
1229 711 1333 752 multi,
1349 721 1460 752 pravas
1482 712 1633 744 habentes

167 771 297 807 animas,
312 769 498 801 circumdati
512 773 585 799 sunt
604 768 743 809 corporis
764 767 861 797 forma
886 771 918 797 et
942 776 1055 806 genere
1077 770 1172 806 atque
1189 764 1319 795 divitiis.
1344 770 1492 806 praeterea
1506 767 1634 807 quando

163 823 322 867 judicium
337 823 489 860 imminet,
506 822 637 854 confluit
652 821 819 852 multitudo
835 819 959 850 testium
977 818 1177 850 asserentium
1191 828 1244 849 eos
1256 818 1342 859 juste
1359 818 1482 851 vixisse.
1507 830 1569 861 quo
1585 820 1633 858 fit,

168 876 339 919 utjudices
353 877 394 908 ob
409 877 476 907 baec
490 876 725 917 obstupescant.
770 873 909 905 Accedit
923 873 1008 915 quod
1022 878 1054 903 et
1069 872 1128 913 ipsi
1144 872 1249 903 vestiti
1263 877 1357 914 atque
1374 872 1559 904 circumdati
1578 873 1632 915 ju-

167 930 286 968 dicant,
304 930 412 962 oculos
426 936 459 961 et
473 940 562 961 aures
576 934 608 960 et
623 934 721 960 totum
737 938 849 970 corpus
863 928 951 970 quasi
966 926 1078 958 animae
1093 926 1235 958 velamen
1252 927 1412 958 habentes.
1455 927 1534 959 Haec
1549 929 1632 959 enim

167 984 273 1015 omnia
288 983 348 1015 illis
362 983 524 1015 obstacula
536 987 621 1022 sunt,
636 982 786 1013 videlicet
807 987 869 1012 tam
895 981 942 1012 sui
965 980 1092 1022 quidam
1115 991 1208 1022 quam
1231 991 1337 1012 eorum
1360 981 1415 1022 qui
1436 981 1632 1023 judicantur,

169 1036 311 1069 amictus.
355 1037 518 1079 Principio
534 1036 763 1078 providendum
791 1040 850 1074 est,
872 1034 987 1076 inquit,
1003 1045 1043 1066 ne
1072 1034 1212 1065 homines
1228 1039 1356 1066 mortem
1372 1045 1458 1066 suam
1475 1036 1635 1077 praesenti-

169 1096 235 1122 aut.
257 1101 341 1123 nunc
357 1092 440 1123 enim
457 1091 641 1132 praevident.
687 1090 730 1120 Et
753 1089 932 1120 mandatum
958 1094 1006 1120 est
1021 1089 1220 1126 Prometheo,
1236 1099 1276 1120 ne
1299 1099 1352 1120 eos
1368 1090 1546 1130 praesentire
1563 1101 1632 1132 per·—

169 1146 283 1178 rnittat.
330 1145 458 1177 Deinde
474 1145 550 1175 nudi
566 1145 612 1175 his
627 1143 770 1175 omnibus
781 1150 854 1175 sunt
864 1143 1042 1184 judicandi.
1055 1149 1127 1175 sunt
1136 1143 1219 1175 enim
1231 1143 1399 1185 judicandi
1413 1149 1484 1185 post
1499 1145 1631 1176 obitum.

169 1200 316 1231 Judicem
331 1209 457 1241 quoque
473 1200 574 1240 ipsum
592 1203 715 1239 oportet
731 1208 798 1229 esse
814 1198 945 1235 nudum,
961 1202 1117 1228 mortuum
1134 1197 1283 1228 videficet
1297 1209 1304 1227 ε
1328 1202 1361 1228 et
1385 1196 1454 1239 ipso
1481 1198 1634 1229 duntaxat

169 1253 275 1285 animo
289 1253 426 1284 animum
441 1253 542 1294 ipsum
556 1252 773 1294 inspicientem
787 1251 890 1282 statim
902 1251 1176 1293 postinsperatum
1189 1250 1342 1292 cujusque
1353 1252 1484 1289 obitum,
1494 1252 1633 1282 animum

168 1306 311 1348 inquam,
327 1317 345 1337 a
361 1307 422 1338 suis
443 1306 587 1337 omnibus
610 1307 777 1342 desertum,
794 1315 980 1345 omnemque
997 1310 1138 1335 ornatum
1154 1305 1334 1335 exteriorem
1353 1305 1580 1347 relinquentem
1601 1305 1634 1336 in

170 1364 260 1401 terra,
273 1364 309 1390 ut
318 1358 473 1400 judicium
486 1358 572 1399 juste
587 1359 747 1400 procedat.
793 1358 862 1399 Ego
880 1358 985 1399 igitur,
1001 1362 1113 1399 utpote
1125 1358 1178 1399 qui
1191 1363 1264 1388 ante
1275 1369 1328 1389 vos
1339 1359 1406 1390 haec
1416 1359 1632 1401 praeviderem,

167 1413 317 1444 constitui
330 1412 396 1454 jam
414 1422 500 1443 meos
515 1412 595 1443 filios
607 1411 746 1453 judices,
763 1412 841 1442 duos
865 1412 993 1453 quidem
1015 1422 1051 1443 ex
1068 1411 1156 1449 Asia,
1174 1411 1319 1443 Minoem
1335 1402 1484 1444 videlicet
1498 1418 1531 1445 et
1546 1413 1633 1445 Rha-

168 1467 382 1503 damanthum,
407 1466 504 1508 [524]
531 1476 625 1497 unum
653 1476 725 1497 vero
749 1476 787 1496 ex
814 1465 952 1507 Europa,
966 1466 1115 1498 AEacum.
1158 1466 1203 1496 Hi
1229 1477 1302 1508 ergo
1328 1471 1493 1510 postquam
1521 1469 1633 1498 mortui

167 1520 296 1560 fuerint,
307 1520 498 1562 judicabunt
513 1519 545 1570 in
562 1525 650 1562 prato
668 1520 820 1561 quodam,
843 1519 950 1561 ibique
965 1520 996 1552 in
1022 1520 1125 1560 trivio,
1140 1530 1175 1551 ex
1193 1531 1256 1562 quo
1273 1520 1404 1561 geminae
1420 1525 1545 1562 portant
1560 1522 1630 1559 viae,

167 1574 266 1606 altera
274 1574 401 1617 quidem
419 1575 458 1614 ad
473 1574 648 1616 Tartarum,
662 1574 758 1606 altera
773 1585 846 1605 vero
871 1575 911 1605 ad
925 1574 1043 1605 insulas
1059 1575 1230 1605 beatorum.
1275 1574 1317 1604 Et
1331 1573 1487 1606 Asiaticos
1502 1575 1630 1616 quidem

169 1627 443 1666 Rhadamanthus,
469 1638 523 1659 eos
538 1638 623 1664 vero,
641 1627 696 1669 qui
714 1629 755 1658 ab
775 1627 902 1669 Europa
919 1628 1057 1664 venient,
1081 1628 1199 1659 ⁴AEacus
1217 1627 1386 1669 judicabit.
1430 1628 1537 1659 Minoi
1559 1639 1631 1660 vero
1649 1659 1650 1662 ,

167 1680 201 1711 id
218 1692 329 1713 munus
344 1681 518 1723 injungam,
535 1686 570 1713 ut
581 1681 650 1723 ipse
665 1681 830 1723 dijudicet,
846 1683 871 1713 si
887 1682 964 1724 quid
989 1682 1058 1713 aliis
1081 1682 1259 1723 ambiguum
1282 1682 1387 1719 fuerit,
1403 1688 1437 1713 ut
1456 1682 1630 1723 justissime

168 1736 320 1777 procedat
328 1735 487 1776 judicium
502 1740 648 1777 recteque
662 1735 716 1766 fiat
730 1735 919 1767 transmissio
931 1735 1116 1768 animorum.
1162 1736 1242 1767 Haec
1252 1741 1338 1777 sunt,
1353 1747 1372 1766 o
1388 1736 1547 1778 Callicles,
1559 1747 1630 1778 quae

168 1789 279 1820 audivi
293 1799 427 1831 veraque
450 1799 517 1820 esse
535 1789 650 1821 credo:
673 1794 768 1830 atque
794 1800 831 1820 ex
854 1790 901 1820 his
924 1790 1116 1821 sermonibus
1141 1790 1296 1822 adductus
1312 1790 1355 1821 ita
1370 1801 1491 1822 mecum
1507 1796 1630 1832 reputo.

169 1843 259 1874 Mors
271 1842 398 1884 quidem
415 1847 474 1882 est,
490 1842 614 1874 utvmihi
631 1843 764 1879 videtur,
781 1843 859 1874 nihil
876 1843 961 1874 aliud
983 1854 1075 1885 quam
1103 1855 1200 1875 rerum
1227 1845 1369 1881 duarum,
1384 1845 1495 1875 animae
1511 1845 1632 1876 scilicet

167 1902 263 1939 atque
277 1896 425 1937 corporis,
441 1895 574 1928 invicem
587 1896 763 1928 dissolutio.
809 1897 890 1929 Cum
907 1908 978 1928 vero
995 1898 1059 1929 duo
1075 1899 1142 1929 haec
1157 1898 1317 1940 disjuncta
1327 1898 1554 1936 suntinvicem,
1567 1909 1632 1930 non

169 1951 300 1982 multum
323 1951 423 1987 abest,
438 1951 515 1992 quin
539 1955 702 1992 utrumque
724 1951 862 1992 ipsorum
883 1952 1022 1983 habitum
1046 1958 1147 1983 servet
1162 1953 1309 1989 eundem,
1327 1963 1419 1994 quem
1434 1953 1559 1983 vivente
1576 1954 1632 1983 ho-

167 2004 255 2035 mine
269 2003 461 2046 possidebat.
492 2004 670 2046 *Principio
687 2015 800 2046 corpus
823 2010 886 2036 tam
909 2011 1049 2038 naturam
1074 2017 1160 2037 suam
1177 2017 1270 2048 quam
1287 2006 1438 2038 culturam
1454 2007 1631 2049 passiones-

168 2069 230 2100 que
254 2058 390 2100 praefert.
416 2058 546 2090 .Veluti
571 2058 598 2090 si
620 2069 766 2100 magnum
789 2065 855 2091 erat
877 2059 970 2091 alicui
997 2071 1110 2102 corpus
1134 2061 1182 2091 vel
1209 2066 1319 2091 natura
1344 2060 1391 2092 vel
1417 2061 1565 2092 alimonia
1581 2061 1630 2092 vel

168 2112 320 2154 utrisque,
342 2113 418 2143 dum
434 2113 572 2150 vivebat,
585 2117 708 2143 mortuo
724 2113 817 2144 etiam
833 2114 960 2144 homine
974 2114 1034 2145 erit
1049 2124 1193 2154 magnum
1207 2125 1215 2144 ε
1239 2115 1314 2145 item
1331 2115 1356 2145 si
1371 2125 1505 2159 crassum
1520 2115 1632 2152 fuerat,

169 2166 234 2197 erit⁴
251 2171 284 2198 et
309 2177 463 2199 crassum:
489 2171 654 2207 ceteraque
677 2167 830 2199 similiter.
853 2172 1001 2208 practerea
1024 2168 1050 2198 si
1075 2168 1221 2199 comandi
1237 2169 1395 2199 studiosus
1409 2169 1503 2199 homo
1518 2168 1631 2208 fuerat,

167 2220 303 2250 servabit
311 2230 443 2252 comam.
488 2219 608 2251 Rursus
623 2221 647 2251 si
665 2221 734 2262 quis
750 2226 815 2252 erat
833 2221 971 2258 verbero,
989 2222 1149 2263 multaque
1173 2218 1334 2263 plagarum
1353 2222 1483 2263 vestigia
1508 2222 1630 2263 corpori

168 2273 305 2304 habebat
330 2274 477 2316 impressa
493 2275 542 2305 vel
565 2285 583 2304 a
598 2275 775 2305 verberibus
800 2274 848 2305 vel
873 2285 892 2305 a
908 2275 1099 2312 vulneribus,
1123 2275 1198 2305 dum
1221 2274 1361 2307 viveret:
1385 2276 1479 2317 hujus
1504 2285 1630 2316 quoque

170 2327 281 2358 mortui
297 2338 410 2368 corpus
426 2328 536 2360 eadem
551 2328 684 2359 retinere
700 2328 853 2359 videmus.
898 2329 940 2359 Et
955 2329 978 2360 si
993 2340 1054 2371 qua
1070 2329 1102 2359 in
1118 2335 1206 2371 parte
1221 2330 1352 2360 fractum
1369 2337 1434 2360 crat
1450 2335 1504 2360 aut
1518 2329 1631 2360 distor-

169 2386 247 2418 tum,
262 2392 301 2413 eo
317 2392 443 2424 quoque
459 2387 579 2413 mortuo
607 2383 717 2413 eadem
742 2383 809 2414 haec
832 2389 986 2424 apparent
1002 2394 1010 2414 :
1037 2389 1131 2425 atque
1153 2388 1188 2414 ut
1202 2384 1376 2414 summatim
1392 2384 1508 2420 dicam,
1524 2382 1633 2424 quale-

169 2445 294 2476 cunque
307 2436 441 2467 viventis
455 2441 522 2467 erat
536 2446 660 2477 corpus,
677 2436 752 2467 talia
767 2436 867 2479 ipsius
881 2437 993 2468 mortui
1011 2438 1116 2468 omnia
1131 2438 1179 2468 vel
1196 2437 1328 2479 plurima
1344 2438 1383 2468 ad
1398 2427 1519 2479 tempus
1535 2447 1634 2479 appa-

169 2494 251 2520 rent.
294 2489 384 2520 Idem
399 2500 525 2531 quoque
540 2490 616 2521 mihi
632 2490 768 2531 videtur,
784 2502 803 2522 ο
833 2491 991 2527 Callicles,
1007 2491 1091 2523 circa
1112 2491 1267 2523 animam:
1290 2497 1405 2523 cuncta
1426 2492 1509 2523 enim
1537 2502 1635 2533 appa-

168 2547 238 2572 rent
253 2542 284 2572 in
299 2542 414 2584 anima,
428 2553 499 2574 cum
514 2554 626 2585 corpus
641 2545 772 2582 exuerit,
788 2550 850 2576 tam
868 2556 938 2587 quae
959 2557 998 2577 ex
1014 2550 1231 2591 naturalquam
1247 2556 1317 2587 quae
1329 2556 1368 2576 ex
1383 2546 1549 2578 affectibus
1564 2546 1633 2576 ine-

170 2599 250 2630 rant.
266 2605 337 2636 quae
360 2595 400 2626 ob
422 2595 465 2627 rei
489 2596 641 2639 cujusque
663 2599 802 2630 studium
825 2600 919 2630 homo
941 2599 1096 2630 contraxit
1119 2600 1154 2630 in
1177 2599 1324 2631 animam.
1370 2600 1451 2632 Cum
1477 2601 1570 2641 igitur
1592 2600 1633 2630 ad

165 2647 307 2689 judicem
334 2655 553 2690 pervenerunt,
581 2650 715 2683 Asiatici
741 2653 869 2694 quidem
892 2654 932 2684 ad
958 2653 1235 2685 Rhadamanthum
1250 2665 1259 2693 3
1293 2653 1554 2685 Rhadamanthus
1578 2664 1631 2685 eos

169 2702 282 2733 sistens
298 2702 543 2745 uniuscujusque
557 2705 698 2736 anim-m.
708 2706 856 2744 intuetur,
874 2706 964 2748 cujus
981 2712 1084 2739 tamen
1101 2708 1203 2739 anima
1213 2709 1269 2739 illa
1278 2708 1371 2740 fuerit
1382 2719 1445 2738 non
1456 2708 1632 2753 attendens.

171 2755 234 2787 Sed
250 2756 423 2799 plerunque
448 2758 550 2799 magni
567 2758 728 2790 Persarum
755 2761 835 2801 regis
860 2766 915 2791 aut
937 2761 1062 2792 alterius
1084 2762 1164 2803 regis
1188 2762 1252 2793 sive
1271 2763 1408 2804 potentis
1422 2762 1548 2792 obvium
1563 2761 1631 2792 aui-

170 2820 253 2840 mum
270 2811 512 2852 contemplatus,
530 2812 605 2842 nihil
632 2813 665 2843 in
690 2824 729 2844 eo
751 2814 881 2856 inspicit
895 2825 1027 2846 sanum:
1053 2817 1108 2846 sed
1135 2826 1153 2846 a
1178 2816 1322 2858 perjuriis
1348 2822 1441 2858 atque
1464 2815 1629 2855 injustitia,

171 2864 261 2905 quasi
276 2864 459 2905 quibusdam
476 2865 653 2897 verberibus
668 2866 937 2909 cicatrIcibusque,
950 2868 1112 2906 infectum,
1138 2869 1235 2912 [525]
1259 2870 1366 2912 qualia
1380 2869 1532 2911 cujusque
1547 2868 1629 2899 actio

171 2918 323 2949 contraxit
347 2918 578 2960 impressitque,
594 2919 754 2951 animum:
779 2921 947 2963 omniaque
972 2923 1095 2954 obtorta
1118 2924 1288 2955 mendaciis
1312 2929 1406 2964 atque
1423 2923 1569 2957 vanitate,
1585 2920 1634 2950 ni-

170 2969 276 3013 hilque
298 2972 372 3004 recti
398 2973 578 3011 habentem,
593 2974 666 3016 quia
690 2975 759 3006 sine
775 2975 903 3008 veritate
920 2976 1020 3009 fuerat
1045 2977 1218 3018 educatus:
1244 2982 1392 3019 ptaetcrea
1418 2976 1458 3006 ob
1479 2973 1632 3017 peccandi
