1846 3268
236 265 318 304 240
820 243 1099 300 'PLAroms
1601 260 1699 314 [³157

238 370 348 403 Genus
363 371 468 399 autem
483 364 629 398 sensibile
650 362 755 396 sensui
771 362 901 394 cuilibet
916 367 964 394 est
979 368 1148 405 cognatum
1165 374 1172 394 2
1197 363 1373 406 omnigenis
1389 362 1562 395 visionibus
1581 363 1709 404 colores,

236 423 395 464 omnigeni
409 434 416 452 z
440 420 564 452 auribus
580 418 690 449 itidem
705 427 820 448 voces:
845 417 1019 458 ceterisque
1035 418 1176 448 sensibus
1191 417 1252 448 alia
1268 418 1428 449 sensibilia
1443 422 1578 459 cognata
1593 417 1702 448 simili-

236 484 284 510 ter
297 478 422 509 adsunt.
468 474 555 511 Quid
571 473 675 513 igitur,
693 482 711 501 ο
725 471 898 508 Theaeteto,
915 482 1015 502 sermo
1030 472 1080 502 hic
1104 472 1143 502 ad
1160 472 1340 513 superiora?
1365 472 1543 503 advertisne
1557 471 1568 502 ?
1613 470 1704 502 Tne.

235 533 332 564 Haud
359 529 506 572 equidem
531 526 675 563 multum,
690 536 709 556 ο
736 525 890 556 Socrates.
936 525 992 556 So.
1015 524 1147 567 Aspice,
1160 530 1263 557 utrum
1287 526 1443 568 ejusmodi
1466 536 1565 557 sermo
1590 524 1634 556 sic
1661 524 1703 555 ad

236 587 353 618 exitum
370 584 567 626 perducatur.
612 580 696 611 Illud
713 580 796 611 enim
812 580 870 611 sibi
885 579 974 623 yult:
998 580 1103 610 omnia
1119 580 1186 611 haec
1203 580 1360 617 videlicet,
1375 585 1410 611 ut
1425 580 1570 617 diximus,
1581 578 1705 621 agitari,

235 642 409 680 horumque
433 636 569 668 motibus
594 634 791 666 velocitatem
818 634 1035 665 tarditatemve
1060 634 1171 666 inesse.
1216 635 1381 672 Quatenus
1408 635 1537 666 tarditas
1559 634 1654 674 inest,
1671 634 1702 664 in

237 694 360 730 eodem,
376 696 409 724 et
422 691 463 723 ad
481 689 621 733 proxima
635 689 837 726 commoveri,
853 694 948 730 atque
976 689 1020 719 ita
1046 699 1261 731 progenerare.
1285 699 1355 731 quae
1370 699 1444 720 vero
1458 688 1504 719 ita
1521 688 1704 730 gignuntur,

236 747 392 780 velociora
406 746 556 777 evadunt.
579 744 721 775 seruntur
743 743 840 782 enim,
855 747 888 774 et
908 743 940 774 in
965 742 1082 774 latione
1101 743 1223 774 illorum
1252 743 1398 774 motionis
1424 748 1534 774 natura
1549 741 1705 774 consistit.

236 803 318 835 Cum
333 801 427 843 igitur
441 804 474 832 et
486 799 596 831 oculus
610 803 642 830 et
657 797 776 840 aliquid
800 797 847 829 illi
869 802 1151 829 commensuratum
1177 798 1348 838 cohaerent,
1363 797 1543 828 albedinem
1567 796 1704 839 gignunt

236 865 423 900 sensumque
448 858 634 896 cognatum:
660 863 731 894 quae
757 862 916 895 nunquam
938 857 1012 883 nata
1034 852 1178 889 fuissent,
1204 853 1278 883 dum
1307 851 1430 883 illorum
1456 851 1636 883 alterutrum
1660 851 1701 882 ad

234 911 320 943 aliud
336 911 560 941 adventassetz
585 912 660 938 tunc
675 906 798 938 sanein
818 906 922 938 medio
949 906 1054 943 motis,
1071 906 1192 937 visione
1213 906 1341 947 quidem
1367 907 1407 937 ab
1428 906 1538 943 oculis,
1554 905 1703 936 albedine

235 970 340 997 autem
356 965 396 995 ab
410 974 449 995 eo
463 963 548 1005 quod
565 961 700 993 colorem
717 965 872 998 concreat,
889 961 998 992 oculus
1016 960 1134 991 visione
1150 960 1301 1002 repletur,
1315 961 1463 1002 videtque
1485 965 1519 991 et
1539 959 1643 990 sactus
1655 963 1705 990 est

234 1031 299 1051 non
314 1019 410 1056 visus,
426 1018 480 1049 sed
497 1017 608 1047 videns
623 1015 743 1048 oculus.
767 1015 853 1056 quod
876 1025 947 1046 vero
969 1015 1105 1046 colorem
1130 1019 1288 1052 concreat,
1305 1014 1451 1046 albedine
1473 1013 1627 1055 repletum
1642 1019 1704 1050 est.

233 1075 415 1114 factumque
429 1076 556 1104 estnon
571 1070 697 1107 albedo,
712 1070 766 1100 sed
791 1069 919 1109 album3
943 1069 1010 1101 sive
1033 1069 1151 1110 lignum
1174 1079 1228 1100 scu
1257 1068 1336 1110 lapis
1361 1068 1426 1099 sive
1452 1067 1578 1110 quidvis
1603 1067 1704 1106 aliud,

234 1128 320 1171 quod
335 1128 415 1158 forte
431 1126 474 1157 sitv
484 1125 589 1157 colore
609 1123 790 1166 hujusmodi
815 1124 986 1155 coloratum
1002 1135 1008 1154 :
1033 1124 1207 1165 eodemque
1225 1129 1316 1164 pacto
1333 1123 1374 1154 de
1388 1123 1467 1160 aliis,
1484 1127 1520 1153 ut
1540 1123 1581 1154 de
1595 1121 1701 1154 calido

234 1187 268 1214 et
289 1182 368 1213 duro
383 1181 555 1223 ceterisque
569 1179 713 1210 omnibus
732 1177 955 1219 judicandum,
971 1178 1050 1209 nihil
1074 1189 1113 1210 ex
1137 1178 1184 1209 his
1209 1183 1321 1220 suapte
1346 1177 1444 1219 [157]
1459 1182 1578 1209 natura
1603 1188 1702 1208 unum

234 1236 353 1278 aliquid
368 1246 449 1272 esse,
466 1234 729 1277 quemadmodum
749 1233 781 1264 in
797 1233 1008 1275 superioribus
1024 1233 1266 1274 disputavimus,
1278 1233 1332 1264 sed
1350 1233 1382 1263 in
1398 1232 1517 1264 alterno
1532 1241 1700 1273 congressu

234 1290 339 1322 omnia
360 1289 426 1320 fieri
451 1293 484 1320 et
508 1288 676 1329 omnigena
692 1292 819 1328 propter
834 1294 964 1319 motum.
987 1287 1138 1329 quoniam
1154 1292 1216 1318 tam
1240 1297 1337 1328 agens
1351 1297 1444 1328 quam
1466 1285 1589 1328 patiens
1604 1295 1701 1316 unum

234 1344 353 1387 aliquid
367 1354 434 1375 esse
446 1353 502 1385 per
515 1353 560 1380 se,
573 1342 656 1373 haud
673 1341 810 1378 firmiter,
822 1346 857 1372 ut
873 1341 973 1381 aiunt,
989 1336 1162 1383 intelligere
1176 1351 1351 1383 possumus.
1383 1340 1497 1382 Neque
1508 1340 1591 1371 enirn
1605 1349 1704 1382 agens

234 1403 282 1430 est
295 1398 414 1440 aliquid
440 1397 524 1439 prius
543 1407 636 1438 quam
662 1395 795 1437 patienti
817 1395 1055 1436 congrediatur:
1082 1405 1184 1436 neque
1208 1394 1332 1435 patiens
1356 1393 1441 1435 prius
1467 1403 1560 1436 quam
1585 1393 1704 1435 agenti.

234 1459 310 1485 tunc
326 1452 488 1484 cohaerens
504 1449 597 1482 alicui
614 1449 661 1480 vel
678 1459 774 1491 agens
791 1449 839 1479 vel
857 1449 979 1490 patiens
995 1448 1120 1480 emicat.
1167 1449 1214 1479 Ex
1231 1448 1268 1479 iis
1283 1449 1427 1479 omnibus
1442 1448 1592 1489 sequitur,
1615 1447 1702 1490 quod

234 1507 273 1538 ab
289 1506 379 1537 initio
395 1515 521 1547 quoque
536 1503 685 1539 diximus,
702 1502 778 1532 nihil
803 1512 870 1533 esse
897 1512 995 1532 unum
1014 1502 1186 1533 secundum
1215 1502 1366 1543 seipsum,
1381 1503 1436 1534 scd
1461 1502 1554 1534 alicui
1579 1511 1703 1544 semper

233 1560 300 1592 fieri
314 1571 321 1591 ε
344 1559 447 1602 ipsum
462 1563 568 1593 autem
582 1568 650 1589 esse
666 1556 805 1598 undique
821 1555 1058 1597 excipiendum,
1074 1555 1148 1587 licet
1170 1566 1226 1587 nos
1243 1556 1276 1586 in
1299 1556 1510 1598 superioribus
1532 1561 1704 1588 consuetu-

233 1615 309 1646 dine
330 1614 466 1655 quadam
490 1617 585 1653 atque
611 1610 736 1642 inscitia
759 1609 828 1647 illo,
857 1609 979 1641 scilicet
1001 1610 1069 1651 ipso
1093 1621 1172 1646 esse,
1201 1610 1245 1641 uti
1267 1611 1381 1652 saepius
1410 1609 1514 1642 coacti
1542 1610 1704 1642 fuerimus.

232 1669 468 1709 Verumtamen,
482 1671 517 1699 ut
532 1665 709 1707 sapientum
726 1675 824 1696 sermo
840 1663 951 1706 dictat,
966 1663 1053 1695 nullo
1079 1665 1174 1696 modo
1196 1665 1430 1706 praedicandum
1453 1669 1502 1696 est
1516 1664 1636 1707 aliquid
1651 1665 1702 1696 vel

232 1723 379 1772 alicujus,
396 1722 443 1754 vel
464 1722 537 1760 mei,
553 1725 608 1753 aut
629 1721 702 1758 hoc,
719 1725 774 1750 aut
798 1719 889 1756 illud,
906 1724 962 1750 aut
986 1719 1105 1761 aliquid
1132 1719 1219 1751 aliud
1241 1730 1368 1757 nornen,
1394 1720 1480 1762 quod
1504 1719 1702 1751 existentiam

232 1778 409 1821 significet:
433 1778 489 1808 sed
513 1776 685 1808 secundum
709 1779 851 1806 naturam
873 1774 1038 1806 enuntiare
1064 1779 1201 1815 oportet,
1218 1774 1303 1816 quod
1329 1780 1474 1816 agantur,
1500 1774 1586 1816 quod
1611 1773 1703 1812 fiant,

231 1833 317 1875 quod
330 1835 578 1873 corrumpantur,
593 1829 678 1872 quod
694 1834 863 1862 mutentur.
885 1839 957 1860 narn
974 1829 1000 1860 si
1015 1828 1086 1871 quis
1099 1828 1220 1870 aliquid
1236 1839 1378 1860 sermone
1393 1828 1563 1860 consistere
1577 1837 1703 1859 asseve-

230 1886 356 1928 raverit,
370 1885 462 1917 facile
478 1884 622 1926 redargui
646 1883 774 1926 poterit.
818 1883 956 1925 Oportet
981 1887 1086 1914 autem
1109 1888 1143 1914 et
1167 1882 1327 1924 sigillatim
1354 1883 1399 1914 sic
1425 1882 1523 1924 loqui,
1538 1886 1634 1924 utque
1659 1881 1703 1914 de

231 1940 352 1972 cunctis
366 1940 398 1971 in
414 1950 511 1970 unum
524 1938 666 1970 collectis
682 1950 689 1969 z
714 1938 747 1969 in
760 1948 822 1981 qua
838 1938 1027 1970 collectione
1042 1936 1200 1969 hominem
1217 1942 1343 1979 ponunt
1353 1941 1385 1968 et
1399 1937 1535 1979 lapidem
1546 1941 1578 1968 et
1587 1945 1702 1968 unum-

231 1995 382 2036 quodque
409 1993 525 2026 animal
549 2003 586 2024 ac
612 1993 761 2035 speclem.
808 1992 975 2030 Haecne,o
1000 1992 1174 2031 Theaetete‚
1193 1991 1339 2034 jucunda
1364 1991 1423 2023 tibi
1447 2001 1515 2023 esse
1530 1990 1701 2022 videntur?

231 2059 331 2090 eaque
348 2053 495 2090 tanquam
510 2047 568 2079 tibi
583 2047 728 2089 placeant
743 2046 947 2089 degustabis?
991 2046 1078 2078 Tne.
1101 2046 1230 2088 Ignoto,
1245 2058 1264 2078 o
1275 2046 1437 2078 Socrates:
1461 2050 1494 2077 et
1505 2045 1545 2077 de
1561 2049 1592 2076 te
1605 2044 1701 2077 etim

231 2103 370 2145 ambigo,
387 2108 488 2134 utrum
502 2102 563 2133 ista
580 2107 729 2144 tanquam
745 2107 808 2132 tuae
825 2101 922 2133 menti
938 2111 1078 2132 consona
1095 2101 1219 2138 referas,
1235 2111 1275 2132 an
1293 2112 1341 2132 me
1357 2100 1462 2142 potius
1484 2104 1598 2132 tentes,
1641 2099 1702 2131 So.

230 2156 306 2188 Non
323 2157 503 2199 recordaris,
515 2157 627 2194 amice,
643 2167 693 2188 me
708 2156 786 2187 nihil
803 2156 913 2187 horum
939 2156 1030 2194 scire,
1046 2155 1188 2197 nihilque
1204 2155 1312 2186 talium
1329 2160 1364 2186 ut
1379 2165 1482 2186 meum
1498 2153 1576 2186 mihi
1591 2153 1701 2186 vendi·

230 2211 323 2243 care?
347 2222 414 2243 sum
430 2211 514 2243 enim
529 2211 652 2243 sterilis.
675 2215 708 2242 te
722 2216 826 2242 autem
842 2210 1018 2242 obstetricis
1041 2210 1101 2241 ritu
1117 2210 1202 2251 agito
1216 2214 1310 2252 atque
1325 2220 1471 2246 exerceo,
1495 2214 1591 2252 atque
1607 2207 1702 2250 hujus

230 2264 328 2307 gratia
345 2270 375 2298 te
391 2266 531 2303 incanto,
547 2270 581 2297 et
596 2265 653 2297 tibi
669 2265 860 2308 singulorum
876 2265 1054 2307 sapientum
1070 2265 1241 2306 gustandas
1256 2264 1367 2306 epulas
1386 2263 1498 2302 offero,
1513 2264 1615 2295 donec
1630 2272 1702 2294 sen-

230 2321 361 2352 tentiam
377 2326 462 2352 tuam
477 2321 509 2352 in
525 2320 626 2352 lucem
642 2320 784 2352 educam.
810 2330 881 2351 cum
897 2320 1023 2351 demum
1034 2320 1150 2351 educta
1164 2319 1269 2360 fuerit,
1277 2323 1352 2350 tunc
1360 2318 1492 2360 primum
1504 2316 1702 2355 examinabo,

231 2373 310 2406 sitne
327 2385 407 2406 vana
423 2374 612 2417 sterilisque,
627 2384 668 2406 an
683 2375 820 2406 fecunda
837 2379 871 2409 et
891 2374 1005 2406 solida.
1050 2373 1215 2405 Audacter
1239 2373 1333 2415 igitur
1352 2378 1385 2404 et
1410 2376 1601 2408 constanter.
1620 2371 1702 2403 bene

230 2433 325 2470 atque
340 2429 468 2460 viriliter
483 2429 664 2471 opinionem
683 2434 767 2460 tuam
783 2429 815 2460 in
843 2428 902 2466 bis,
917 2439 989 2472 quae
1015 2433 1046 2460 te
1073 2437 1235 2469 rogavero,
1253 2427 1320 2469 jam
1336 2437 1455 2469 prome.
1497 2425 1585 2457 'sna-
1609 2424 1703 2468 Roga

228 2481 335 2524 igitur.
357 2483 413 2515 So.
437 2483 513 2520 Dic,
529 2493 603 2514 num
619 2483 675 2514 tibi
692 2483 826 2525 placeat,
841 2482 920 2514 nihil
935 2493 1014 2519 esse,
1030 2482 1084 2513 sed
1100 2481 1167 2513 fieri
1178 2492 1299 2523 semper
1313 2482 1430 2513 bonum
1441 2491 1478 2514 ac
1494 2481 1656 2522 pulchrum
1668 2484 1702 2511 ct

229 2537 442 2579 quodcunque
458 2537 552 2579 paulo
577 2542 650 2568 ante
665 2536 941 2568 dinumeravimus.
986 2536 1073 2569 Tun.
1095 2535 1182 2567 Dum
1198 2539 1229 2567 te
1244 2535 1340 2566 audio
1356 2535 1571 2571 disserentem,
1587 2534 1699 2565 mirum

227 2591 261 2622 in
277 2591 404 2623 modum
420 2591 594 2632 probabilia
604 2595 637 2622 et
650 2591 847 2623 admittenda
861 2590 1017 2622 videntur.
1041 2590 1096 2622 So.
1114 2588 1166 2622 Ne
1179 2589 1450 2632 praetermittamus
1465 2598 1538 2630 ergo
1553 2598 1623 2630 quae
1637 2598 1702 2619 res·

228 2650 307 2678 tant.
355 2645 527 2687 Reliquum
543 2651 591 2678 est
606 2645 703 2687 enim,
718 2651 754 2677 ut
769 2647 809 2677 de
825 2645 953 2677 somniis
965 2644 1141 2686 morbisque
1154 2655 1225 2677 cum
1241 2643 1310 2676 aliis
1331 2649 1396 2676 tum
1422 2643 1544 2675 insania
1569 2641 1701 2674 maxime

228 2698 344 2737 dicam,
354 2700 437 2731 etde
448 2710 486 2731 eo
497 2700 583 2742 quod
593 2710 735 2741 perverso
747 2700 842 2731 modo
855 2700 961 2730 videre
974 2698 1022 2730 vel
1035 2699 1142 2730 audire
1153 2699 1202 2731 vel
1210 2699 1300 2731 aliter
1311 2697 1437 2741 oblique
1449 2696 1563 2730 sentire
1575 2695 1700 2728 dicitur.

227 2753 324 2786 Nosti
338 2754 435 2795 enim,
447 2754 481 2785 in
496 2754 545 2786 his
559 2753 704 2786 omnibus
721 2764 905 2791 sermonem,
921 2764 1013 2795 quem
1031 2763 1124 2795 supra
1138 2754 1312 2795 retulimus,
1327 2753 1395 2784 sine
1409 2751 1473 2783 ulla
1488 2749 1700 2784 controversia

227 2807 396 2849 confutari,
421 2818 492 2839 cum
520 2818 629 2839 sensus
655 2809 686 2839 in
712 2808 787 2850 ipsis
814 2818 939 2850 prorsus
962 2807 1061 2849 [158]
1083 2808 1295 2849 decipiantur.
1329 2811 1514 2848 tantumque
1540 2805 1640 2844 abest,
1666 2809 1701 2835 ut

229 2861 348 2900 omnia,
363 2872 433 2904 quse
448 2867 603 2904 apparent
615 2862 742 2904 cuique,
757 2873 792 2895 ea
810 2863 886 2904 sint,
901 2867 938 2894 ut
952 2867 1062 2894 contra
1076 2861 1154 2894 nihil
1170 2872 1288 2898 eorum,
1304 2862 1559 2903 quaessapparenss
1573 2858 1699 2890 existat.

229 2916 318 2949 Tun.
341 2915 428 2948 Vera
442 2926 559 2956 narras,
572 2926 590 2947 o
606 2916 761 2948 Socrates.
805 2917 864 2950 So.
889 2917 962 2954 Quo
977 2916 1142 2958 deinceps,
1158 2927 1177 2947 ο
1192 2925 1281 2958 puer.
1295 2914 1348 2947 ille
1369 2912 1542 2954 confugiet,
1558 2911 1612 2954 qui
1628 2921 1698 2943 sen-

233 2981 299 3003 sum
327 2970 491 3003 scientiam
516 2970 691 3010 affirmavit,
708 2981 819 3013 quaeve
843 2971 959 3014 cuique
983 2975 1149 3013 apparent,
1165 2970 1266 3003 eidem
1282 2973 1315 3001 et
1330 2967 1403 3000 talia
1419 2978 1498 3006 esse,
1514 2965 1618 3009 qualia
1634 2965 1700 2999 visa
