1846 3268
180 278 283 330 235]
688 275 691 278 ’
751 272 1034 314 SOPHISTA.
1565 277 1643 316 349

179 380 375 422 arboresque.
417 377 504 423 Tua.
525 375 694 414 Quomodo
718 375 847 417 inquis?
891 375 958 407 Ho.
981 375 1015 408 Si
1037 374 1107 418 quis
1128 385 1178 408 me
1200 386 1238 408 ae
1261 380 1292 408 te
1312 381 1479 420 ceteraque
1504 378 1642 410 viventia

182 434 289 467 omnia
302 444 335 465 se
349 432 500 464 facturum
515 430 688 473 promittat.
709 429 796 460 Tim.
818 429 922 467 Quem
937 429 1074 462 faciendi
1089 430 1216 461 modum
1232 430 1335 462 dicis?
1359 441 1423 462 non
1437 431 1521 462 enim
1544 431 1645 473 [234]

183 487 268 520 dicis
295 486 512 529 agricultorem
540 491 741 526 quenquam:
765 494 837 514 nam
865 483 1046 515 animalium
1074 484 1222 516 factorem
1252 484 1368 518 aiebas,
1412 484 1481 517 Ho.
1503 484 1580 522 Aio,
1609 491 1643 516 et

183 545 275 573 terrae
290 545 440 586 praeterea
464 544 498 571 et
520 537 612 570 maris
633 538 767 579 coelique
790 548 828 570 ac
854 538 982 569 deorum
1005 537 1197 580 aliorumque
1212 539 1363 573 omnium.
1386 543 1503 571 etcum
1518 538 1643 580 singula

183 594 271 626 brevi
286 593 418 630 finxerit,
433 592 679 634 unumquodque
694 591 808 633 exiguo
824 591 924 633 pretio
938 591 1065 624 vendet.
1108 591 1196 624 Tun.
1217 593 1332 624 Jocum
1353 593 1512 636 quendam
1526 602 1642 623 narras.

187 647 254 680 Ηο.
277 647 364 686 Quid
381 647 476 678 vero?
497 657 603 678 nonne
619 651 652 677 et
676 645 729 677 ille
748 644 849 686 jocari
870 645 1025 677 dicendus
1046 650 1106 683 est,
1119 646 1183 687 qui
1198 646 1303 678 omnia
1325 657 1359 678 se
1373 657 1465 678 nosse
1479 646 1644 689 praedicat,

181 700 339 744 aliumque
353 701 466 733 docere
483 700 588 732 omnia
603 700 715 741 exigua
729 700 865 742 quadam
881 699 1023 731 mercede
1037 699 1187 741 brevique
1199 705 1338 742 tempore
1349 701 1533 742 profitetur?
1554 700 1642 732 Tur-2.

183 753 325 788 Prorsus.
369 754 437 789 Ho.
458 754 595 787 Jocandi
610 764 682 785 vero
697 753 834 796 speciem
848 753 944 784 habes
959 753 1054 784 ullam
1077 753 1176 795 magis
1189 753 1387 785 artificiosam
1404 754 1641 796 jucundamque

181 818 278 850 quam
292 808 520 840 imitationem?
563 807 651 840 Tun.
675 806 815 839 Nullam.
837 806 974 848 amplam
999 817 1074 838 sane
1098 806 1234 848 speciem
1259 807 1378 849 dixisti,
1403 808 1436 838 in
1460 818 1524 838 uno
1538 809 1643 839 omnia

183 862 500 904 comprehendentem
514 865 609 903 atque
624 860 841 902 multiplicem.
886 860 953 892 Ηο.
975 860 1028 892 An
1043 871 1108 892 non
1123 860 1327 903 intelligimus
1335 872 1420 903 eum,
1429 861 1484 903 qui
1499 866 1564 893 arte
1579 872 1642 892 una

178 922 297 949 cuncta
322 917 476 948 facturum
504 926 538 947 se
566 915 739 958 profitetur,
768 915 923 956 picturam
951 914 1122 956 fingentem
1148 915 1302 957 equivoca
1330 926 1430 948 rerum
1466 915 1642 957 simulacra,

184 970 344 1003 dementes
359 980 471 1011 pueros
485 980 576 1012 posse
591 968 749 1010 decipere,
764 969 839 999 dum
854 969 940 1010 picta
955 968 1077 1000 eminus
1089 969 1350 1010 prospicientibus
1365 973 1526 1006 monstrat,
1540 969 1641 1010 quasi,

185 1023 398 1066 quodcunque
423 1023 512 1060 velit,
537 1023 658 1055 efficere
679 1023 799 1064 possit?
842 1022 929 1056 Tne.
951 1023 1039 1060 Quid
1056 1023 1224 1064 prohibet?
1267 1023 1334 1056 Ηο.
1355 1022 1474 1054 Nonne
1495 1028 1529 1055 et
1549 1022 1642 1054 aliam

180 1077 265 1116 eirca
280 1087 435 1109 sermones
450 1076 542 1108 talem
553 1081 648 1108 artem
660 1086 726 1107 esse
737 1080 895 1118 putamus,
904 1086 967 1118 qua
980 1076 1171 1119 seductores,
1180 1077 1270 1119 quasi
1281 1077 1444 1120 praestigiis
1454 1078 1643 1120 quibusdam

183 1133 319 1169 utentes,
333 1130 594 1172 adolescentulos,
608 1130 716 1172 procul
732 1140 751 1161 a
765 1130 894 1161 veritate
908 1140 1007 1161 rerum
1022 1130 1126 1162 adhuc
1145 1131 1326 1170 existentes,
1347 1131 1492 1174 decipere
1506 1131 1644 1170 valeant,

185 1183 338 1225 imagines
351 1185 500 1226 quasdam
516 1184 697 1215 verisimiles
712 1184 783 1216 loco
797 1194 937 1215 verarum
951 1194 1051 1216 rerum
1066 1184 1192 1215 auribus
1207 1184 1409 1222 inculcando,
1425 1186 1505 1216 adeo
1521 1190 1556 1216 ut
1570 1196 1643 1217 vera

183 1238 293 1280 ,eloqui
307 1238 470 1270 videantur
484 1238 685 1280 omniumque
700 1238 860 1269 hominum
875 1248 943 1269 esse
958 1238 991 1269 in
1003 1239 1146 1270 omnibus
1159 1239 1401 1280 sapientissimi?
1444 1238 1532 1272 Tmz.
1554 1238 1645 1270 Nihil

186 1292 342 1335 prohibet,
355 1292 446 1324 aliam
459 1293 617 1334 quandam
639 1291 796 1334 ejusmodi
812 1302 879 1323 esse
894 1298 1002 1326 artem.
1046 1292 1112 1324 Ho-
1135 1292 1274 1324 Necesse
1288 1298 1334 1324 est
1358 1292 1482 1330 multos,
1497 1303 1517 1323 o
1531 1292 1644 1325 Theae·

188 1351 265 1388 tete,
277 1357 384 1384 eorum
399 1347 453 1388 qui
468 1347 535 1377 haec
550 1345 745 1383 audiverunt,
760 1355 831 1377 cum
842 1345 1049 1387 adoleverint,
1062 1356 1099 1378 ac
1114 1356 1161 1377 res
1176 1347 1259 1388 ipsas
1271 1347 1414 1378 cominus
1428 1346 1646 1378 considerave-

183 1400 258 1436 rint,
290 1399 452 1434 affatibus
480 1399 666 1441 quibusdam
694 1410 741 1430 res
766 1399 929 1431 manifeste
955 1404 1118 1431 attrectare
1142 1405 1283 1441 coactos,
1306 1400 1451 1442 pristinas
1478 1400 1644 1441 opiniones

184 1452 320 1494 abjicere
334 1457 428 1494 atque
439 1452 484 1484 ita
498 1458 699 1490 commutare,
715 1458 750 1483 ut
764 1452 876 1495 exigua
894 1453 1059 1484 videantur
1073 1463 1144 1496 quoe
1160 1463 1284 1495 magna,
1295 1453 1434 1486 difficilia
1445 1453 1644 1496 quaebfacilia,

186 1510 222 1538 et
235 1506 357 1548 singula
372 1506 485 1548 passim
502 1506 694 1538 sermonibus
710 1511 862 1548 concepta
878 1508 1096 1549 phantasmata
1111 1507 1271 1540 actionum
1295 1508 1506 1550 progressibus
1519 1507 1552 1539 in
1566 1518 1643 1540 con-

186 1559 278 1591 traria
291 1560 368 1592 verti
382 1565 544 1601 cogantur.
587 1560 676 1593 Tne.
698 1560 748 1592 Ita
772 1561 848 1592 mihi
875 1560 1008 1599 videtur,
1031 1566 1124 1603 prout
1148 1572 1226 1594 meae
1250 1561 1344 1603 hujus
1367 1562 1467 1593 aetatis
1485 1560 1643 1602 judicium

187 1614 326 1655 porrigit.
348 1614 476 1645 arbitror
489 1614 571 1646 enim
588 1625 635 1646 me
651 1615 754 1647 adhuc
776 1626 814 1646 ex
830 1625 936 1646 eorum
951 1625 1079 1646 numero
1092 1626 1173 1653 esse,
1196 1616 1250 1658 qui
1266 1627 1284 1647 a
1300 1627 1371 1647 vcro
1394 1616 1504 1658 procul
1519 1617 1644 1648 absunt.

189 1667 259 1700 ΗΟ.
281 1668 327 1699 At
348 1679 421 1699 vero
443 1678 500 1699 nos
523 1673 689 1710 praesentes
704 1668 760 1699 tibi
783 1679 874 1710 opem
891 1669 968 1700 ferre
982 1669 1174 1702 conabimur.
1197 1674 1230 1701 et
1250 1680 1335 1701 nunc
1356 1670 1483 1711 quidem
1499 1670 1644 1708 nitamur,

189 1731 283 1763 quam
299 1721 435 1763 proxime
458 1723 575 1764 absque
601 1722 752 1754 doctrinis
776 1723 1013 1764 intelligentiam
1041 1724 1199 1756 adhibere.
1243 1723 1295 1755 De
1317 1724 1457 1766 sophista
1479 1724 1514 1755 in
1539 1725 1645 1766 primis

190 1775 266 1807 mihi
281 1776 377 1813 dicas,
389 1781 490 1807 utrum
506 1777 586 1807 inter
600 1787 657 1808 nos
674 1781 808 1815 constet,
825 1777 920 1819 [235]
939 1778 1027 1819 quasi
1042 1778 1294 1820 praestigiatorern
1311 1779 1467 1820 quendam
1483 1779 1566 1809 hunc
1578 1788 1647 1809 esse·

189 1840 390 1872 verarumque
405 1841 503 1861 rerum
519 1831 703 1862 imitatorem
718 1843 726 1862 z
749 1842 788 1862 an
804 1831 996 1873 suspicamur
1011 1833 1125 1869 adhuc,
1141 1843 1181 1863 ne
1197 1832 1275 1863 sorte
1292 1843 1393 1864 veram
1411 1831 1530 1863 illarum
1545 1841 1647 1862 rerum·

192 1884 354 1916 scientiam
378 1885 504 1926 habeat,
518 1886 558 1917 de
574 1885 686 1927 quibus
702 1885 913 1917 contradicere
937 1885 1005 1917 aliis
1029 1897 1121 1928 posse
1135 1887 1269 1918 videtur.
1312 1886 1400 1918 Tun.
1423 1884 1504 1923 Quis
1519 1885 1648 1916 ulterius

188 1937 372 1979 suspicetur,
399 1938 535 1980 hospes?
553 1938 621 1980 jam
649 1950 685 1970 ex
710 1939 771 1977 his,
799 1949 869 1981 quae
894 1939 981 1971 dicta
1007 1945 1090 1978 sunt,
1116 1945 1205 1982 patet
1228 1951 1300 1971 eum
1325 1951 1363 1971 ex
1377 1939 1499 1971 illorum
1515 1949 1644 1970 numero

187 2002 269 2032 esse,
294 1991 349 2034 qui
376 2002 438 2023 una
460 1993 595 2035 quadam
621 1993 789 2035 disciplina
811 1993 943 2035 pollent.
987 1993 1054 2026 Ho.
1078 1994 1289 2037 Praestigiator
1318 1993 1422 2037 itaque
1451 1998 1484 2025 et
1511 1994 1647 2025 imitator

190 2045 318 2088 quidam
348 2051 396 2078 est
424 2046 589 2079 dicendus.
632 2046 719 2078 Tne.
744 2047 859 2079 Procul
888 2048 997 2082 dubio.
1041 2048 1109 2081 Ho.
1132 2048 1293 2091 Deinceps
1316 2049 1489 2080 cavendum
1518 2053 1579 2090 est,
1604 2057 1646 2079 ne

189 2100 327 2142 proedam
342 2100 423 2132 hanc
439 2100 643 2133 dimittamus.
665 2100 760 2133 ferme
776 2112 911 2144 namque
927 2101 1098 2144 sophistam
1121 2102 1216 2134 veluti
1231 2102 1329 2133 funda
1343 2102 1478 2144 quadam
1493 2101 1644 2133 irretitum

189 2154 404 2186 ratiocinando
420 2154 723 2196 comprehendimus.
746 2160 936 2197 quapropter
957 2156 1017 2189 hoc
1033 2156 1142 2187 saltem
1157 2156 1286 2187 minime
1302 2155 1517 2197 subterfugiet.
1559 2154 1647 2186 Triu-

191 2208 280 2246 Quid
294 2208 401 2239 istud?
446 2208 514 2241 Ho.
538 2209 633 2246 Quod
648 2209 797 2241 videlicet
819 2220 899 2240 unus
912 2210 1039 2251 quidam
1055 2215 1102 2241 est
1116 2221 1152 2241 ex
1177 2210 1235 2246 his,
1250 2209 1305 2251 qui
1320 2208 1593 2241 allucinationibus
1614 2213 1647 2239 et

192 2263 354 2305 praestigiis
369 2261 506 2294 fallunt?
549 2262 637 2295 Tun.
653 2262 742 2294 Idem
763 2273 889 2305 quoque
913 2263 989 2294 mihi
1004 2263 1137 2296 videtur.
1182 2264 1248 2297 Ηο.
1270 2263 1439 2295 ostensum
1465 2268 1513 2294 est
1526 2262 1647 2304 utique,

190 2315 418 2359 quamprimum
450 2322 546 2348 artem
575 2316 802 2358 imaginariam,
832 2318 1063 2350 simulacrorum
1092 2318 1243 2350 videlicet
1269 2318 1469 2356 effectricem,
1506 2317 1646 2349 dividere

190 2375 353 2412 oportere:
376 2381 511 2412 cumque
525 2370 610 2402 illam
626 2371 753 2413 ingressi
767 2371 926 2409 fuerimus,
953 2372 978 2403 si
993 2372 1096 2403 statim
1113 2371 1254 2414 sophista
1267 2383 1325 2404 nos
1339 2377 1510 2415 exspectet,
1534 2382 1647 2414 capere

190 2423 292 2461 illum,
308 2424 388 2456 sicut
412 2425 498 2466 regio
512 2429 561 2455 est
582 2435 722 2470 sermone
744 2426 937 2463 mandatum,
961 2426 1054 2468 eique
1077 2427 1228 2458 tradendo
1252 2428 1387 2469 praedam
1402 2427 1577 2459 ostendere.
1599 2426 1647 2456 sin

162 2513 166 2518 φ
191 2482 294 2508 autem
311 2478 486 2510 subintrans
501 2478 572 2510 artis
587 2478 728 2510 imitandi
746 2479 913 2521 particulas
927 2480 1102 2522 delitescat,
1124 2480 1350 2522 insequendum
1366 2486 1444 2518 esse,
1460 2485 1493 2512 et
1514 2486 1647 2522 partem,

189 2541 255 2572 qua
269 2542 336 2562 sese
360 2532 489 2574 occulit,
508 2532 707 2564 dividendam
724 2533 1000 2576 aperiendamque,
1014 2545 1177 2576 quousque
1204 2534 1332 2565 omnino
1356 2535 1649 2576 comprehendatur.

193 2583 276 2616 Nam
292 2595 350 2617 nec
366 2585 425 2616 iste
439 2595 498 2617 nec
513 2586 599 2618 aliud
615 2586 711 2618 ullum
728 2597 826 2629 genus
841 2598 912 2619 eum
927 2587 1039 2629 fugiet,
1050 2587 1103 2630 qui
1119 2598 1175 2630 per
1187 2588 1292 2619 omnia
1305 2588 1463 2630 sigillatim
1478 2588 1648 2630 disquirere

193 2639 321 2681 poterit.
363 2639 451 2672 Tne.
475 2638 577 2671 Recte
609 2650 729 2678 mones,
757 2646 852 2683 atque
878 2641 922 2672 ita
951 2642 1120 2683 agendum.
1162 2641 1230 2675 Ho.
1252 2642 1432 2673 Secundum
1459 2642 1647 2684 superiorem

192 2691 357 2724 dividendi
386 2693 536 2724 rationem
566 2693 643 2724 duas
671 2704 756 2726 nunc
783 2694 967 2725 imitationis
997 2695 1116 2736 species
1145 2705 1270 2727 cernere
1298 2696 1374 2726 mihi
1403 2695 1521 2727 videor.
1543 2695 1647 2726 ideam

191 2756 278 2787 vero,
307 2756 402 2788 quam
430 2746 607 2786 quaerimus,
637 2752 705 2778 utra
729 2748 762 2779 in
791 2748 895 2789 specie
934 2758 1049 2790 ponam
1077 2749 1214 2791 ambigo.
1238 2754 1272 2781 tu
1294 2750 1390 2781 vero?
1433 2749 1522 2781 Tmz.
1542 2749 1648 2780 Hasce.

190 2799 278 2842 prius
306 2799 426 2842 species
458 2800 536 2831 duas
565 2800 721 2843 distingue
752 2807 846 2843 atque
876 2802 1011 2834 declara.
1055 2801 1122 2834 Ηο.
1146 2802 1254 2834 'Unam
1291 2803 1419 2845 quidem
1456 2800 1647 2834 assimilandi

193 2857 290 2884 artem
306 2852 396 2885 vIdeo
410 2864 420 2893 3
444 2853 533 2894 cujus
549 2864 627 2895 opus
643 2859 702 2891 est,
724 2855 895 2886 secundum
912 2855 1096 2896 exemplaris
1111 2857 1436 2894 commemorationes,
1451 2857 1555 2898 quoad
1578 2856 1647 2886 lon·

192 2906 378 2950 guadium,
393 2907 604 2945 latitudinem,
620 2908 866 2950 profunditatem
881 2909 1166 2952 convenientesque
1187 2911 1306 2942 colores
1323 2911 1464 2942 aemulam
1481 2909 1645 2950 imaginem

189 2959 350 3013 fabricare.
395 2960 479 2994 Tur..
502 2961 692 3006 Quicunque
708 2962 828 3006 aliquid
845 2962 1017 3003 imitantur,
1031 2964 1065 2996 id
1082 2975 1137 3007 pro
1154 2965 1268 2998 viribus
1284 2969 1396 3008 agunt.
1441 2963 1507 2997 Ho.
1530 2962 1647 2994 Nonne
