1846 3268
169 270 267 323 535]
860 265 931 308 10.
1554 270 1629 311 157

166 373 243 407 riis?
267 373 372 406 vidisti
387 382 578 417 quenquam,
593 371 649 415 qui
663 382 702 404 ea
715 381 787 416 quae
801 370 955 404 Daedalus
976 371 1145 416 Metionis,
1169 378 1224 406 aut
1248 372 1349 416 Epius
1373 372 1517 416 Panopei
1532 373 1628 416 filius,

167 433 224 460 aut
232 428 414 460 Theodorus
428 428 561 469 Samius,
574 427 624 458 vel
649 426 728 458 alius
751 425 910 469 quispiam
927 431 1097 459 statuarum
1118 428 1218 467 saber,
1243 429 1325 460 bene
1349 432 1398 460 est
1420 428 1630 464 machinatus,

166 493 323 525 exponere
338 481 476 520 valeat,
466 491 501 513 in
517 481 647 513 aliorum
662 491 736 511 vero
760 481 954 522 sculptorum
979 482 1126 523 operibus
1152 487 1278 525 torpeat
1300 487 1395 524 atque
1410 481 1628 513 obmutescat?

166 536 218 568 Io.
240 536 301 568 Per
311 535 421 568 Joveru
438 546 598 578 nunquam
613 536 713 567 virum
728 535 822 567 talem
838 535 951 577 reperi.
995 536 1052 567 So.
1073 535 1174 589 Atqui
1194 547 1255 568 nec
1269 537 1304 567 in
1322 535 1466 567 tibiarum
1488 535 1578 571 flatu,
1593 539 1629 565 ut

166 591 305 629 arbitror,
319 602 378 623 nec
393 591 426 622 in
441 591 535 633 pulsu
545 590 685 628 citharae,
701 601 760 622 nec
775 590 809 621 in
823 590 964 622 cithareo
980 595 1088 628 cantu,
1101 602 1205 634 neque
1221 591 1254 622 in
1269 590 1449 633 rhapsodia,
1464 589 1562 621 virum
1578 588 1627 619 in-

166 645 263 676 tuitus
287 655 333 683 es,
355 645 411 687 qui
435 644 570 687 Olympi
593 654 700 686 opera,
725 643 774 675 vel
791 644 972 687 Thamyras,
989 644 1038 675 vel
1064 643 1199 686 Orphei,
1224 649 1280 676 aut
1303 642 1480 676 Ithacensis
1504 641 1629 674 Phemii

164 699 311 741 rhapsodi
327 699 499 741 exprimere
514 698 614 741 possit
627 710 634 729 :
658 698 691 729 in
706 697 853 740 operibus
868 708 941 729 vero
955 697 1044 729 Ionis
1059 697 1192 739 Ephesii
1203 698 1341 734 deficiat,
1351 707 1455 739 neque
1467 696 1629 738 percipere

164 753 366 796 conferreque
382 753 493 794 possit,
509 763 579 795 quae
591 753 672 783 bene
687 756 720 783 et
733 761 804 793 quae
820 757 928 783 contra
940 751 1130 784 modulatur.
1173 750 1225 783 Io.
1248 751 1336 788 Quid
1350 750 1384 782 in
1399 751 1459 782 hoc
1475 750 1534 781 tibi
1549 759 1626 782 con-

162 806 313 838 tradicam
327 817 392 837 non
407 806 507 837 habeo
520 816 529 837 ι
554 806 611 837 sed
626 810 732 836 tamen
748 805 824 836 mihi
837 805 901 847 ipsi
925 805 1070 836 conscius
1083 816 1164 842 sum,
1178 815 1230 836 me
1245 815 1308 847 prae
1322 805 1435 837 ceteris
1449 804 1627 835 hominibus

162 859 369 902 pulcherrima
391 860 432 890 de
457 859 596 890 Homero
621 858 746 896 referre,
770 853 874 900 neque
901 858 1011 889 deesse
1038 857 1115 890 mihi
1134 858 1262 890 dicendi
1285 859 1410 901 copiam
1422 870 1442 896 ε,
1454 858 1532 890 alios
1552 868 1627 889 vero

162 924 270 946 omnes
283 914 343 945 hac
357 913 389 944 in
401 923 434 944 re
449 923 498 944 me
512 912 654 950 laudare,
669 911 702 943 in
714 911 826 943 ceteris
841 921 915 942 vero
931 922 1143 954 nequaquam.
1178 911 1235 956 'Tu
1252 923 1324 957 vero
1339 912 1490 955 quidnam
1505 913 1565 945 hoc
1585 912 1628 943 sit

162 969 247 999 vide.
288 967 346 1000 So.
369 967 553 1009 Conspicio,
567 966 638 1003 Ion,
654 971 687 997 et
701 967 788 1008 quod
804 965 880 997 mihi
896 965 928 997 id
942 977 1008 998 esse
1024 966 1162 1008 videtur,
1172 966 1229 998 tibi
1240 967 1360 1009 aperire
1373 966 1534 1009 incipiam.
1578 965 1626 998 Ut

162 1023 244 1054 bene
259 1022 299 1053 de
313 1022 452 1053 Homero
468 1021 616 1063 loquaris,
639 1031 687 1052 ars
703 1020 761 1051 tibi
777 1030 841 1051 non
857 1025 997 1061 praestat,
1021 1025 1057 1051 ut
1070 1020 1166 1051 modo
1189 1020 1331 1052 dicebam
1344 1032 1351 1052 :
1376 1021 1432 1052 sed
1457 1020 1565 1051 divina
1578 1019 1626 1050 vis

163 1081 222 1113 est,
237 1087 308 1118 quae
321 1081 352 1108 te
367 1080 493 1116 movet;
517 1075 598 1106 sicut
611 1074 647 1105 in
663 1074 780 1116 lapide,
795 1084 888 1116 quem
905 1073 1089 1115 Magnetem
1102 1073 1268 1116 Euripides
1283 1073 1468 1110 nominavit,
1480 1072 1626 1104 nonnulli

163 1130 343 1162 Heraclium
358 1135 483 1162 vocant.
528 1129 594 1167 Qui
610 1129 690 1171 lapis
705 1139 770 1160 non
785 1127 885 1159 solum
901 1127 1015 1160 ferreos
1031 1128 1142 1160 anulos
1153 1129 1258 1166 trahit,
1274 1129 1329 1160 sed
1341 1128 1404 1159 vim
1416 1128 1511 1159 etiam
1522 1126 1625 1158 anulis

155 1183 239 1226 ipsis
253 1184 404 1223 infundit,
421 1195 484 1226 qua
498 1185 559 1216 hoc
572 1183 656 1215 idem
672 1183 794 1214 efficere
810 1183 944 1225 possint,
960 1193 1009 1220 ac,
1025 1182 1158 1225 perinde
1173 1189 1209 1214 ut
1222 1182 1315 1224 lapis,
1339 1182 1416 1213 alios
1430 1181 1540 1212 anulos
1561 1186 1623 1212 tra-

163 1239 248 1271 here.
270 1240 356 1270 unde
371 1239 466 1280 longa
480 1238 664 1281 plerumque
690 1237 909 1269 concatenatio
932 1237 1005 1268 ferri
1029 1242 1062 1268 et
1085 1237 1248 1268 anulorum
1270 1236 1404 1268 invicem
1427 1236 1567 1277 pendet:
1591 1240 1625 1266 et

161 1294 305 1324 omnibus
319 1292 387 1326 istis
402 1304 439 1324 ex
455 1293 510 1324 illo
527 1292 634 1334 lapide
649 1291 697 1323 vis
717 1292 892 1324 attrahitur.
936 1291 987 1322 Ita
1007 1291 1076 1334 ipsa
1098 1291 1195 1323 Musa
1215 1289 1329 1333 poetas
1351 1289 1460 1321 divino
1474 1289 1626 1320 instinctu

159 1348 320 1380 concitat:
340 1347 445 1390 poetas
459 1347 576 1379 conciti
603 1346 681 1378 ulios
704 1346 806 1377 furore
827 1345 1010 1388 corripiunt.
1033 1356 1131 1388 quare
1151 1356 1190 1377 ex
1212 1346 1260 1377 his
1280 1344 1425 1377 omnibus
1449 1343 1542 1375 series
1556 1343 1626 1384 ipsa

161 1402 348 1434 contexitur.
392 1401 512 1433 Omnes
528 1401 633 1444 itaque
654 1400 826 1432 carminum
848 1400 955 1442 poetae
970 1400 1108 1442 insignes
1126 1411 1191 1432 non
1206 1405 1283 1438 arte,
1308 1400 1364 1431 sed
1383 1398 1492 1430 divino
1517 1397 1624 1428 affiatu

160 1456 265 1488 omnia
278 1456 338 1488 ista
353 1455 500 1498 praeclara
515 1454 665 1497 poemata
679 1460 808 1493 canunt,
825 1460 858 1486 et
873 1461 909 1486 ut
924 1454 1125 1498 Corybantes
1149 1454 1248 1498 [534]
1273 1465 1337 1486 non
1352 1464 1428 1485 sana
1443 1457 1548 1485 mente
1563 1451 1623 1483 sal-

159 1515 239 1548 tant,
254 1511 300 1542 ita
314 1521 418 1553 neque
432 1510 658 1542 cantilenarum
681 1510 892 1541 modulatores
915 1509 1033 1552 egregii
1047 1520 1124 1541 sana
1138 1514 1243 1541 mente
1257 1509 1314 1541 hos
1329 1513 1439 1541 cantus
1450 1508 1624 1550 effingunt;

159 1565 215 1597 sed
231 1565 284 1596 ubi
299 1565 333 1596 iu
347 1564 539 1596 harmoniam
555 1569 588 1596 et
602 1564 784 1607 rhythmum
809 1563 988 1606 insurgunt,
1008 1569 1042 1595 et
1061 1564 1208 1606 occupati
1232 1564 1446 1596 bacchantur:
1471 1563 1622 1605 quemad-

160 1620 288 1651 modum
302 1619 490 1651 bacchantes
504 1618 629 1650 feminae
645 1624 750 1650 mente
765 1629 830 1650 non
846 1629 934 1660 sana,
949 1618 1010 1650 mel
1025 1623 1058 1650 et
1072 1618 1120 1650 lac
1135 1629 1174 1650 ex
1188 1618 1368 1650 fluminibus
1377 1617 1535 1654 hauriunt,
1547 1627 1624 1648 sana

159 1680 265 1706 autem
280 1679 383 1705 mente
398 1673 522 1705 haurire
533 1678 708 1715 nequeunt'.
731 1673 827 1715 idque
843 1673 939 1705 efficit
954 1673 1076 1704 illorum
1099 1674 1221 1704 animus
1245 1673 1300 1715 qui
1323 1677 1434 1704 cantus
1457 1671 1623 1712 effingunt,

160 1729 246 1771 quod
260 1727 324 1770 ipsi
338 1728 486 1760 referunt.
509 1727 599 1759 aiunt
612 1728 696 1759 enim
712 1728 803 1759 nobis
825 1727 942 1770 poetae,
965 1729 1053 1770 quod
1073 1738 1092 1759 a
1113 1727 1264 1766 fontibus,
1278 1727 1392 1770 quibus
1407 1726 1468 1758 mel
1483 1725 1623 1766 scaturit,

159 1783 350 1820 haurientes,
364 1787 398 1814 et
412 1793 431 1814 a
447 1782 610 1814 Musarum
625 1782 782 1814 viridariis
797 1782 995 1825 collibusque
1011 1783 1216 1825 decerpentes
1231 1782 1380 1820 carmina,
1395 1781 1435 1812 ad
1449 1791 1506 1812 nos
1521 1785 1621 1812 trans-

158 1836 275 1874 ferunt,
300 1837 564 1879 quemadmodum
586 1836 648 1868 mel
673 1847 712 1868 ex
734 1837 862 1868 floribus
885 1847 974 1879 apes,
998 1841 1031 1868 et
1051 1835 1149 1868 instar
1173 1847 1267 1879 apum
1283 1836 1386 1868 volare
1411 1846 1444 1867 se
1468 1839 1620 1867 asserunt.

160 1891 234 1929 Qua
247 1890 280 1922 in
294 1901 327 1922 re
342 1901 415 1922 vera
428 1890 610 1933 loquuntur.
633 1901 680 1922 res
703 1891 787 1922 enim
804 1891 893 1932 levis,
908 1890 1056 1928 volatilis,
1082 1895 1178 1934 atque
1202 1901 1288 1922 sacra
1306 1890 1404 1932 poeta
1423 1895 1494 1921 est:
1517 1899 1622 1931 neque

157 1944 287 1988 poetica
300 1944 385 1987 prius
400 1955 512 1977 canere
527 1949 644 1987 potest,
660 1955 755 1987 quam
771 1945 832 1976 deo
849 1944 972 1986 plenus,
994 1950 1027 1976 et
1041 1951 1127 1976 extra
1142 1955 1175 1976 se
1190 1945 1324 1987 positus,
1339 1949 1372 1976 et
1386 1954 1405 1975 a
1424 1948 1530 1975 mente
1543 1943 1621 1974 alie-

157 2004 249 2030 natus
265 1999 316 2031 sit.
338 2009 410 2031 nam
426 1999 577 2041 quamdiu
593 2004 698 2030 mente
712 1999 782 2041 quis
799 1999 895 2037 valet,
915 2009 1020 2042 neque
1039 1998 1157 2041 fingere
1173 1998 1322 2036 carmina,
1344 2008 1448 2040 neque
1463 1998 1537 2029 dare
1553 2007 1622 2028 ora-

157 2053 229 2086 cula
243 2057 358 2095 potest.
381 2053 471 2095 quasi
486 2052 593 2095 poetae
606 2063 672 2084 non
686 2058 752 2084 arte
765 2053 913 2095 praeclara
927 2054 996 2085 haec
1016 2058 1144 2091 canant,
1159 2063 1231 2095 quae
1247 2058 1280 2084 tu
1297 2053 1337 2084 de
1352 2052 1491 2083 Homero
1506 2052 1600 2083 refers
1613 2061 1622 2070 *

157 2108 213 2139 sed
228 2112 309 2139 sorte
319 2107 428 2138 divina
444 2107 476 2138 id
492 2107 626 2150 quisque
641 2111 724 2139 recte
740 2107 861 2140 efficere
877 2107 988 2149 possit,
1003 2108 1044 2139 ad
1060 2108 1145 2150 quod
1159 2108 1255 2138 Musa
1271 2106 1449 2149 quempiam
1464 2106 1621 2138 incitavit.

157 2161 209 2194 hic
223 2161 452 2204 Ditbyrambos
466 2161 564 2200 canit,
580 2162 689 2193 laudes
712 2161 848 2204 alicujus
864 2162 936 2201 iste,
958 2163 1014 2194 ille
1037 2162 1297 2205 Hyporchemata
1317 2162 1520 2203 choreasque,
1542 2160 1620 2191 alius

158 2215 308 2253 carmina,
324 2215 403 2247 alius
417 2215 556 2249 Iambus.
578 2215 611 2247 in
627 2216 697 2248 aliis
711 2227 783 2248 vero
799 2217 920 2247 illorum
935 2217 1068 2259 quisque
1083 2215 1169 2247 rudis
1189 2221 1221 2247 et
1234 2215 1362 2258 ineptus
1376 2219 1434 2246 est.
1456 2225 1521 2246 non
1535 2213 1620 2245 enim

157 2274 236 2311 arte,
250 2270 304 2301 sed
320 2268 428 2301 divina
443 2269 474 2301 vi
490 2269 550 2301 ista
569 2270 692 2303 dicunt.
713 2281 785 2302 nam
802 2270 828 2302 si
854 2271 894 2302 de
916 2282 980 2302 uno
1004 2281 1162 2313 quoquam
1187 2270 1317 2302 istorum
1337 2280 1394 2311 per
1416 2273 1512 2300 artem
1537 2272 1621 2299 recte

158 2325 245 2367 loqui
268 2324 394 2363 scirent,
420 2325 461 2356 de
485 2323 596 2356 ceteris
619 2335 748 2367 quoque
768 2325 915 2356 omnibus
940 2324 1024 2356 idem
1047 2329 1186 2366 possent.
1231 2323 1282 2356 Ob
1305 2324 1387 2355 hanc
1402 2333 1473 2354 vero
1495 2332 1621 2354 causam

157 2377 247 2410 Deus
259 2378 319 2410 illis
333 2383 470 2410 mentem
485 2378 666 2421 surripiens,
681 2379 759 2421 ipsis
773 2384 922 2422 tanquam
938 2378 1084 2410 ministris
1099 2379 1207 2416 utitur,
1222 2376 1479 2419 oraculorumque
1490 2375 1625 2425 nuntiis,

157 2437 190 2464 et
204 2431 321 2464 divinis
335 2432 479 2464 vatibus:
503 2438 539 2463 ut
553 2443 611 2464 nos
627 2433 682 2476 qui
698 2433 857 2471 audimus,
882 2433 1093 2475 percipiamus
1110 2443 1175 2464 non
1197 2443 1252 2465 eos
1271 2443 1339 2464 esse
1361 2432 1416 2474 qui
1438 2437 1501 2462 tam
1524 2431 1621 2472 digna

157 2485 306 2523 referunt,
321 2497 392 2518 cum
407 2496 471 2518 suae
487 2486 600 2518 mentis
616 2491 779 2529 compotes
794 2486 921 2518 minime
937 2486 1002 2518 sint
1014 2497 1024 2527 ς
1046 2487 1101 2518 sed
1116 2487 1185 2518 haec
1197 2486 1291 2518 deum
1306 2486 1406 2527 loqui,
1428 2489 1460 2516 et
1474 2495 1530 2526 per
1545 2484 1620 2516 istos

156 2538 247 2570 nobis
262 2540 329 2571 haec
339 2539 520 2572 inclamare.
564 2540 651 2572 Huic
666 2545 770 2572 autern
793 2540 838 2572 rei
859 2540 1095 2572 evidentissimo
1106 2545 1289 2583 argumento
1300 2550 1367 2572 esse
1379 2545 1484 2582 potest
1497 2538 1622 2581 Tynni·

156 2593 234 2624 chus
247 2592 449 2632 Chalcidem,
458 2594 514 2636 qui
525 2599 619 2626 antea
632 2595 749 2637 poiima
763 2595 883 2626 nullum
900 2594 1047 2627 memoria
1060 2595 1191 2636 dignum
1206 2599 1443 2637 composuerat:
1467 2594 1620 2636 hymnum

156 2650 261 2678 autem
277 2646 311 2678 in
322 2646 517 2689 Apollinem,
540 2659 633 2691 quem
649 2659 756 2681 omnes
780 2655 922 2688 cantant,
938 2650 1077 2681 omnium
1091 2649 1187 2680 ferme
1201 2649 1426 2681 cantilenarum
1449 2647 1621 2690 pulcherri-

155 2711 253 2739 mum,
266 2701 429 2732 Musamm
441 2701 646 2744 inspiratione
654 2703 812 2735 invenisse
824 2715 857 2736 se
871 2704 961 2736 dicit.
984 2704 1024 2735 In
1040 2705 1100 2735 hoc
1115 2703 1248 2735 maxime
1260 2705 1339 2735 deus
1348 2702 1521 2735 ostendisse
1531 2701 1618 2733 vide-

155 2759 206 2786 tur
215 2756 317 2794 nobis,
331 2756 540 2787 dubitandum
556 2767 620 2788 non
635 2768 715 2796 esse,
728 2758 805 2800 quin
822 2758 968 2800 praeclara
983 2758 1043 2789 ista
1058 2758 1218 2800 poEmata,
1233 2757 1341 2789 divina
1355 2757 1546 2797 deorumque
1561 2765 1620 2797 po·-

156 2808 218 2840 tius
228 2819 321 2850 quarn
332 2810 468 2841 humana
481 2810 704 2852 hominumque
717 2812 779 2843 sint
794 2823 906 2854 opera:
926 2811 1031 2855 poe'tae
1044 2819 1148 2844 autem
1163 2812 1241 2844 nihil
1253 2812 1341 2844 aliud
1353 2812 1427 2848 sint,
1439 2821 1531 2852 quam
1543 2810 1619 2840 deo-

157 2872 224 2893 rum
238 2863 436 2905 interpretes,
452 2865 526 2895 dum
544 2869 617 2895 sunt
630 2865 731 2896 furore
747 2866 892 2908 correpti,
904 2877 923 2898 a
935 2866 1047 2908 quovis
1060 2865 1188 2898 numine
1201 2867 1272 2908 quis
1283 2865 1475 2907 corripiatur.
1521 2862 1617 2900 Quod

156 2915 284 2957 quidem
294 2917 372 2949 deus
385 2919 551 2950 ostendere
563 2918 683 2956 volens,
699 2919 740 2950 de
756 2920 908 2951 industria
919 2931 974 2962 per
984 2919 1211 2962 ineptissimum
1223 2920 1348 2962 poetam
1363 2918 1458 2960 [535]
1477 2917 1618 2959 pulcher-

149 2968 263 3007 ,rimam
274 2970 391 3006 cecinit
404 2971 583 3007 melodiam.
617 2972 670 3007 An
685 2983 750 3009 non
765 2984 837 3007 vcra
851 2974 908 3008 tibi
919 2975 1030 3009 referre
1046 2974 1174 3008 videor?
1212 2975 1264 3010 Io.
1286 2974 1370 3007 Mihi
1379 2977 1472 3006 certe.
1509 2970 1616 3011 Atque
