1832 3256
243 233 312 284 30]
781 223 1166 263 PROTAGORAS.
1621 228 1669 266 51

205 336 294 373 fiant,
309 342 507 376 cognoscere,
529 316 623 373 atqu-c
645 329 689 361 ita
715 339 778 360 rem
798 329 899 371 ipsam
923 329 1083 370 perficere,
1108 331 1143 359 ut
1157 326 1287 369 dignum
1303 331 1351 359 est
1365 336 1404 360 ea
1417 328 1561 360 mercede
1577 339 1671 371 quam

203 389 296 431 exigo
311 401 319 419 :
342 388 434 419 immo
450 387 544 418 etiam
561 385 704 417 mercede
721 383 853 425 majori3
878 388 912 414 ut
927 382 988 424 ipsi
1003 381 1152 433 discipuli
1163 381 1325 423 judicant.
1369 381 1551 414 Exactionis
1566 389 1670 415 autem

208 453 286 474 meae
301 443 367 474 haec
382 446 431 472 est
444 440 596 473 conditio.
642 439 814 479 Postquam
832 437 945 479 aliquis
960 447 979 468 a
992 447 1041 468 me
1055 436 1182 478 didicit,
1197 435 1222 467 si
1237 436 1305 467 vult
1313 435 1366 467 ille
1378 436 1518 478 quidem,
1534 437 1675 469 retribuit

203 503 356 539 quantum
380 495 473 537 exigo
497 486 679 536 argentum:
705 493 753 523 sin
780 492 894 528 minus,
918 491 1074 534 ingressus
1100 490 1267 532 templum,
1292 490 1498 532 jurejurando
1527 491 1671 523 adhibito

203 550 348 587 aestimat,
361 553 480 591 quanta
495 547 637 579 mercede
657 547 755 588 digna
775 546 835 576 sibi
850 556 919 576 mea
935 546 1125 576 documenta
1137 545 1315 586 videantur,
1330 549 1512 586 tantamque
1527 545 1671 587 deponit.

205 605 302 643 Quod
316 604 412 646 igitur
427 604 523 634 virtus
538 602 645 634 doceri
661 601 805 643 discique
827 600 939 642 possit,
963 610 983 631 o
1006 599 1160 638 Socrates,
1183 599 1242 631 hac
1256 598 1364 630 fabula
1377 599 1435 630 tibi
1449 599 1490 630 sit
1503 604 1536 630 et
1549 599 1670 632 ratione

201 660 366 702 probatum
380 670 387 689 :
411 658 496 700 quod
512 662 545 689 et
559 656 769 688 Athenienses
783 655 847 697 ipsi
865 659 1028 686 testantur.
1052 654 1246 686 ostendimus
1260 653 1346 690 item,
1357 653 1435 684 nihil
1449 653 1558 684 mirum
1572 653 1671 685 videri

201 713 328 750 debere,
343 713 369 743 si
383 713 535 743 bonorum
549 716 670 753 patrum
684 710 758 741 mali
774 710 837 741 sint
851 709 921 750 filii,
937 709 1126 740 malorumve
1148 708 1222 740 boni
1238 720 1246 740 :
1268 708 1526 750 quandoquidem
1549 712 1583 739 et
1604 708 1668 739 Po-

202 767 313 810 lycleti
327 767 395 803 filii,
411 765 515 798 Parali
529 770 562 797 et
575 764 752 806 Xanthippi
766 763 857 796 istius
872 763 1020 805 aequales,
1037 763 1062 794 si
1077 773 1148 794 cum
1162 767 1249 804 patre
1263 767 1494 804 comparentur,
1506 762 1669 793 intervallo

203 822 341 864 quodam
369 820 549 862 longissimo
574 824 758 861 superantur
772 829 780 851 ι
805 817 946 849 similiter
975 817 1070 849 etiarn
1097 817 1225 848 aliorum
1256 816 1410 848 artificum
1439 815 1509 848 filii.
1553 815 1669 859 Neque

200 876 276 907 dum
293 875 509 906 adolescentes
526 874 578 906 isti
600 874 787 916 reprobandi
809 877 904 905 sunt:
930 883 1017 915 spem
1039 872 1160 914 quippe
1184 877 1292 903 tenera
1312 871 1432 913 praebet
1452 875 1540 902 aetas.
1585 871 1668 903 Cum

200 931 269 962 haec
284 929 473 961 ostendisset
495 928 692 970 Protagoras,
716 927 867 970 loquendi
892 927 986 959 finem
1008 925 1096 959 fecit.
1138 926 1184 958 At
1197 937 1257 968 ego
1271 926 1325 957 diu
1341 930 1425 967 post,
1450 930 1562 967 utpote
1573 936 1668 968 supe-

199 985 272 1016 riori
286 985 426 1016 oratione
440 983 640 1026 permulctus‚
654 982 687 1013 in
702 992 737 1013 os
749 981 928 1023 Protagorae
944 980 1115 1018 inhiabam,
1129 979 1326 1022 sequentium
1336 979 1498 1010 verborum
1512 979 1669 1011 desiderio

199 1039 423 1072 inflammatus.
468 1039 587 1071 Verum
603 1042 771 1080 postquam
786 1036 944 1067 destitisse
960 1045 1082 1077 prorsus
1101 1033 1319 1075 animadverti,
1339 1043 1390 1064 me
1413 1033 1482 1075 ipse
1497 1034 1614 1076 recepi,
1637 1039 1670 1066 et

201 1093 243 1125 ad
258 1092 486 1135 Hippocratem
511 1102 691 1133 conversus,
716 1091 746 1122 O
769 1091 814 1121 fili
829 1089 1032 1132 Apollodori,
1055 1090 1197 1131 inquam,
1218 1099 1313 1131 quam
1334 1088 1478 1130 ingentes
1493 1088 1549 1119 tibi
1564 1089 1667 1121 debeo

199 1147 326 1190 gratias,
350 1147 436 1189 quod
452 1157 501 1178 me
523 1147 585 1178 huc
608 1146 703 1177 hodie
723 1144 902 1176 adduxisti!
927 1155 1000 1176 nam
1023 1143 1148 1186 plurimi
1171 1143 1255 1175 facio
1271 1144 1338 1174 haec
1354 1153 1373 1173 a
1389 1143 1561 1184 Protagora
1575 1144 1666 1175 audi-

197 1202 290 1233 visse.
334 1201 490 1243 Equidem
508 1199 660 1242 superiori
677 1205 817 1241 ternpore
831 1199 915 1230 haud
932 1199 1100 1230 humanam
1115 1207 1220 1229 curam
1235 1208 1304 1229 esse
1319 1197 1419 1238 rebar,
1443 1206 1507 1238 qua
1519 1196 1575 1228 viri
1591 1197 1667 1229 boni

197 1255 390 1286 efficiuntur:
415 1265 500 1286 nunc
528 1259 633 1286 autem
660 1264 728 1285 eam
753 1264 820 1285 esse
846 1263 1010 1295 persuasus
1034 1263 1113 1284 sum.
1157 1252 1221 1283 Sed
1245 1251 1375 1294 paulum
1398 1251 1548 1293 quiddam
1573 1257 1670 1284 restat

196 1308 309 1340 iterum
324 1309 560 1349 declarandum,
576 1309 662 1350 quod
677 1308 826 1340 videlicet
836 1307 1022 1350 Protagoras
1037 1306 1130 1339 facile
1143 1305 1379 1343 demonstrabit,
1393 1310 1559 1348 postquam
1571 1305 1669 1338 multa

197 1363 265 1395 hoec
281 1363 420 1395 edocuit.
462 1362 588 1394 Etenim
611 1363 637 1394 si
652 1362 722 1405 quis
746 1363 788 1394 de
808 1362 919 1394 iisdem
942 1362 1033 1394 rebus
1055 1372 1126 1394 cum
1141 1361 1247 1403 aliquo
1262 1360 1431 1392 forensium
1447 1364 1603 1391 oratorum
1618 1361 1665 1392 lo·

197 1421 323 1459 quatur,
345 1417 444 1459 [329]
467 1417 548 1449 sorte
563 1417 640 1449 tales
655 1427 813 1449 sermones
828 1417 948 1454 audiet,
963 1416 1071 1459 quales
1082 1416 1212 1448 Periclis
1226 1426 1293 1447 esse
1303 1415 1417 1452 solent,
1431 1419 1667 1458 ceterorumque

195 1470 412 1513 eloquentium
435 1471 609 1504 hominum.
655 1470 682 1502 si
705 1476 810 1502 autem
832 1470 873 1502 de
893 1471 1000 1513 aliquo
1024 1475 1237 1512 percontetur,
1259 1469 1407 1501 librorum
1430 1469 1540 1511 instar,
1561 1479 1667 1512 neque

196 1526 275 1569 quid
290 1526 513 1568 respondeant,
529 1536 632 1568 neque
647 1526 725 1568 quid
741 1525 944 1568 interrogent,
961 1525 1022 1568 ipsi
1037 1526 1165 1557 habent.
1209 1524 1251 1555 Et
1265 1525 1291 1556 si
1306 1524 1376 1566 quis
1391 1524 1431 1556 de
1445 1523 1551 1565 aliquo
1564 1523 1666 1555 dicto-

196 1591 264 1613 rum
279 1580 460 1622 interroget,
475 1580 562 1612 velut
576 1591 619 1612 aes
635 1591 814 1623 percussum
835 1580 897 1612 alte
911 1585 1058 1612 resonant
1072 1580 1229 1623 longeque
1244 1579 1467 1616 vociferantur,
1482 1576 1543 1609 nisi
1557 1588 1666 1609 eorum

198 1635 286 1667 dicta
301 1635 442 1677 protinus
457 1635 673 1667 admittantur.
697 1640 791 1678 atque
805 1635 851 1666 ita
865 1636 1001 1667 rhetores
1015 1635 1108 1666 breve
1128 1634 1279 1677 quiddam
1299 1632 1491 1674 interrogati,
1514 1632 1666 1675 prolixam

197 1690 377 1731 producunt
402 1688 586 1721 orationem.
633 1689 752 1720 Verum
778 1689 965 1731 Protagoras
990 1689 1050 1720 iste
1080 1689 1210 1731 copiose
1235 1692 1268 1719 et
1293 1691 1401 1718 ornate
1431 1686 1518 1728 loqui
1546 1691 1665 1728 potest,

196 1744 283 1786 quod
311 1743 451 1785 superior
472 1747 603 1774 testatur
623 1743 734 1774 oratio.
758 1747 865 1785 potest
888 1743 996 1784 etiam,
1019 1753 1092 1775 cuin
1113 1747 1249 1784 rogatur,
1275 1740 1451 1772 summatim
1470 1751 1508 1772 ac
1533 1740 1667 1772 breviter

194 1798 407 1839 respondere:
430 1797 624 1839 tolerareque
651 1796 904 1839 interrogantem,
932 1797 1141 1839 accipereque
1163 1801 1197 1828 et
1220 1796 1351 1828 reddere
1377 1794 1539 1826 rationem.
1577 1794 1665 1837 quod

195 1852 325 1894 quidem
339 1851 380 1883 de
395 1850 504 1893 paucis
520 1851 594 1883 licet
607 1851 724 1883 dicere.
770 1851 810 1883 In
821 1852 988 1894 praesentia
1002 1852 1110 1894 igitur,
1125 1862 1144 1882 o
1160 1851 1342 1892 Protagora,
1366 1859 1475 1891 parurn
1490 1849 1568 1891 quid
1583 1849 1666 1881 ultra

193 1906 339 1938 desidero
353 1917 361 1937 ε
384 1906 470 1948 quod
482 1905 506 1936 si
522 1905 739 1944 declaraveris,
755 1907 874 1948 putabo
891 1906 967 1937 mihi
982 1905 1016 1937 in
1031 1906 1176 1937 omnibus
1191 1905 1398 1937 satisfactum.
1441 1902 1600 1935 Virtutem
1616 1903 1663 1936 ais

192 1960 343 1992 doctrinae
355 1960 460 1991 studio
475 1960 716 2002 comparabilem
730 1971 739 1993 z
764 1966 797 1992 et
811 1972 883 2003 ego,
909 1962 934 1993 si
950 1961 999 1992 cui
1017 1971 1169 2003 unquam,
1193 1959 1251 1991 tibi
1265 1958 1398 1990 maxime
1412 1958 1519 1990 credo.
1565 1958 1663 1996 Quod

192 2025 266 2046 vero
282 2019 313 2046 te
328 2015 455 2047 dicente
470 2025 536 2046 sum
551 2014 732 2054 admiratus,
748 2016 870 2058 aperias
885 2017 1026 2047 obsecro.
1071 2015 1210 2047 Dicebas
1225 2014 1367 2056 profecto
1382 2012 1495 2045 Jovem
1506 2011 1663 2054 justitiam

191 2074 225 2101 et
239 2070 391 2112 pudorem
408 2069 586 2101 horninibus
611 2069 786 2102 infudisse:
810 2070 926 2102 deinde
949 2070 1141 2112 procedente
1162 2078 1315 2105 sermone,
1337 2077 1421 2108 saepe
1431 2065 1589 2108 justitiam
1603 2076 1663 2097 no-

192 2124 329 2162 minasti,
355 2123 605 2165 temperantiam,
628 2123 836 2162 sanctitatem,
862 2124 994 2166 perinde
1008 2135 1044 2156 ac
1060 2124 1087 2155 si
1099 2124 1159 2155 ista
1173 2122 1277 2154 omnia
1293 2122 1352 2153 sub
1365 2131 1430 2152 una
1451 2121 1587 2162 quadam
1600 2119 1662 2151 vir-

191 2184 258 2210 tute
272 2176 504 2215 contineantur,
521 2187 681 2220 unumque
697 2177 815 2220 aliquid
830 2177 902 2220 ipsa
918 2177 1016 2209 virtus
1035 2179 1159 2210 existat.
1205 2177 1285 2208 Haec
1311 2171 1388 2207 mihi
1409 2175 1530 2216 liquido
1550 2174 1661 2216 expla-

190 2233 258 2264 nari
279 2232 385 2269 volim,
413 2231 526 2263 Utrum
549 2231 669 2263 scilicet
692 2243 788 2263 unum
814 2233 964 2274 quiddam
990 2233 1031 2263 sit
1053 2233 1172 2271 virtus;
1194 2231 1285 2273 cujus
1310 2234 1414 2272 partes
1437 2229 1501 2260 sint
1522 2228 1662 2270 justitia,

187 2287 405 2329 temperantia,
421 2285 569 2317 sanctitas
585 2296 594 2318 z
620 2296 660 2317 an
676 2287 744 2318 haec
759 2287 875 2323 omnia,
893 2297 963 2328 quae
979 2296 1064 2317 nunc
1080 2285 1183 2322 retuli,
1199 2285 1329 2316 nomina
1344 2283 1437 2314 unius
1451 2282 1659 2325 ejusdemque

188 2342 263 2374 sint.
286 2342 346 2372 hoc
361 2346 419 2378 est,
435 2340 577 2382 inquam,
598 2341 684 2382 quod
705 2341 787 2372 ultra
809 2340 944 2384 requiro.
988 2341 1099 2372 Pno‘r.
1122 2339 1167 2371 At
1188 2339 1289 2371 facilis
1311 2343 1370 2376 est,
1394 2349 1413 2369 o
1437 2338 1592 2375 Socrates,
1616 2338 1658 2368 ad

186 2397 247 2428 ista
262 2394 435 2437 responsio,
462 2395 547 2437 quod
562 2395 688 2427 virtutis
702 2395 813 2438 ipsius,
841 2406 911 2438 quae
927 2395 1103 2427 summatim
1118 2405 1216 2426 unum
1231 2398 1291 2435 est,
1316 2397 1421 2435 partes
1437 2396 1510 2423 sunt
1523 2402 1594 2433 quae
1610 2390 1658 2421 in-

188 2455 326 2491 terrogas
348 2449 464 2480 omnia.
510 2449 570 2481 So.
595 2449 708 2481 Utrum
735 2450 1002 2492 quemadmodum
1020 2450 1127 2481 vultus
1150 2449 1242 2480 unius
1263 2452 1366 2490 partes
1388 2451 1462 2478 sunt
1485 2456 1532 2487 οε,
1556 2455 1658 2483 nares,

190 2503 286 2545 oculi,
300 2513 388 2535 aures
401 2503 412 2534 ?
435 2513 474 2534 an
490 2503 584 2534 sicuti
597 2504 663 2535 auri
679 2504 894 2546 partesnihilo
910 2504 1061 2535 differunt
1076 2514 1095 2535 a
1109 2507 1191 2544 toto,
1217 2506 1426 2544 praeterquam
1441 2497 1659 2541 magnitudine

188 2558 325 2601 quadam
352 2562 385 2589 et
404 2557 585 2599 parvitate?
630 2558 740 2592 Pnor.
763 2558 815 2590 Ita
839 2569 871 2589 se
894 2559 1008 2589 habere
1035 2557 1110 2588 mihi
1134 2557 1293 2593 videntur,
1319 2565 1338 2586 ο
1366 2555 1521 2590 Socrates,
1536 2552 1659 2584 virtutis

188 2617 292 2654 partes
307 2612 347 2642 ad
364 2615 474 2652 totam,
491 2615 526 2642 ut
543 2611 648 2643 vultus
663 2617 767 2654 partes
782 2622 890 2645 omnes
907 2613 946 2643 ad
963 2615 1075 2642 totum.
1120 2611 1176 2642 So.
1200 2610 1314 2642 Utrum
1334 2608 1389 2640 alii
1404 2607 1549 2639 homines
1564 2607 1658 2638 aliam

188 2665 309 2697 virtutis
324 2670 443 2708 partem
465 2665 651 2707 accipiunt?
675 2677 716 2697 an
739 2677 868 2699 necesse
883 2672 942 2705 est,
967 2677 1039 2698 eum
1063 2665 1117 2708 qui
1139 2675 1233 2696 unam
1256 2664 1364 2701 habet,
1389 2672 1498 2693 omnes
1521 2661 1658 2693 habere?

187 2719 299 2752 Paor.
321 2719 421 2751 Nullo
437 2719 552 2751 modo:
577 2720 725 2761 quoniam
739 2721 830 2752 multi
845 2721 945 2752 fortes
960 2720 1088 2762 quidem
1103 2723 1190 2760 sunt,
1214 2719 1269 2750 sed
1294 2717 1404 2759 injusti
1421 2728 1428 2747 ε
1452 2721 1486 2747 et
1503 2715 1557 2746 alii
1579 2714 1659 2756 justi

186 2774 315 2816 quidem
337 2778 423 2813 sunt,
439 2773 597 2815 sapientes
613 2773 751 2806 minime.
796 2775 852 2806 So.
876 2774 1040 2816 Numquid
1056 2773 1211 2815 sapientia
1225 2778 1258 2804 et
1276 2771 1428 2803 fortitudo
1443 2774 1546 2812 partes
1561 2769 1658 2799 virtu-

187 2827 228 2858 tis
241 2828 338 2859 sunt?
383 2827 495 2859 Pnor.
519 2827 658 2858 Omnino
682 2828 824 2870 quidem,
864 2828 962 2870 [330]
1001 2833 1034 2860 et
1060 2827 1314 2870 praestantissima
1342 2835 1412 2867 pars
1442 2823 1582 2855 omnium
1609 2827 1657 2853 est

187 2882 353 2924 sapientia.
397 2882 454 2914 So.
478 2881 577 2913 Estne
603 2883 663 2914 hoc
693 2883 823 2925 quidem
859 2883 958 2922 aliud,
987 2883 1066 2915 illud
1098 2893 1170 2914 vero
1201 2881 1310 2913 aliud?
1356 2879 1465 2910 PnoT.
1489 2877 1556 2907 Est.
1602 2876 1658 2908 So.

188 2936 352 2979 Numquid
368 2941 401 2969 et
415 2936 589 2979 potentiam
617 2942 783 2981 utrumque
807 2938 963 2982 propriam
986 2938 1080 2970 habet
1096 2938 1108 2969 ἓ
1130 2934 1396 2980 quemadmodum
1412 2943 1429 2964 e
1444 2931 1547 2963 vultus
1563 2927 1659 2970 parti⁶
