1846 3268
227 292 309 330 412
834 285 1100 326 PLATONIS
1608 293 1705 344 [198

236 393 299 425 Hic
315 391 515 425 rusticitatem
531 401 549 422 a
572 388 663 421 nobis
682 391 818 425 amovet,
839 387 893 419 hie
913 397 971 419 nos
997 389 1204 422 familiaritate
1223 390 1385 429 conciliat,
1402 395 1501 425 coetus
1522 393 1705 436 hujusmodi

237 453 349 479 omnes·
361 455 553 487 congregans
567 455 577 484 ς
599 443 635 474 in
651 442 841 474 solemnibus
855 441 1005 484 festisque
1021 443 1145 486 diebus,
1160 444 1190 476 in
1204 446 1316 483 choris,
1332 446 1364 477 in
1375 447 1542 485 sacrificiis,
1558 449 1622 480 dux
1642 459 1702 491 no-

237 501 285 532 bis
296 505 329 532 et
343 499 515 541 praesidens
529 509 535 529 ε
561 496 832 530 mansuetudinem
857 494 985 536 quidem
1011 496 1182 539 porrigens,
1197 499 1407 532 exterminans
1424 501 1590 541 feritatem,
1605 503 1703 535 bene-

236 554 383 585 volentiae
407 551 542 593 largitor,
559 549 788 581 malevolentiae
811 549 911 580 omnis
935 550 1101 592 expulsor:
1125 552 1293 594 propitius,
1317 554 1487 594 beneficus,
1511 557 1702 598 spectandus

236 605 525 650 sapientibus,.Diis
538 604 694 646 placidus,
706 603 907 644 exoptandus
917 604 1106 646 expertibus,
1119 606 1377 648 participantibus
1389 610 1598 651 possidendus
1608 617 1704 654 atque

237 661 409 693 tenendus:
432 658 627 699 deliciarum,
645 658 785 689 mollium
809 657 1039 702 illecebrarum,
1062 660 1242 703 gratiarum,
1256 661 1356 694 duleis
1371 663 1557 704 perfusionis
1572 669 1609 697 et
1621 666 1706 698 desi-

236 715 314 746 derii
329 719 437 756 pater:
461 714 613 744 bonorum
628 712 801 752 studiosus,
824 712 975 744 malorum
990 718 1130 755 spretor:
1155 714 1190 745 in
1205 714 1321 754 labore,
1335 717 1369 747 in
1384 717 1506 760 timore,
1526 718 1561 750 in
1576 719 1703 752 deside-

235 768 342 809 rio,in
365 777 507 798 sermone
529 766 726 807 gubernator,
750 765 906 807 perfectus
927 765 1054 808 adjutor
1073 773 1272 811 servatorque
1298 771 1496 812 praecipuus:
1519 778 1703 805 cunctorum

238 816 382 853 Deorum
394 826 488 862 atque
500 820 662 851 hominum
678 821 775 851 decus
799 825 831 851 et
853 820 916 851 dux
935 820 1162 862 pulcherrimus
1174 829 1269 865 atque
1289 824 1438 865 optimus,
1453 836 1547 868 quem
1560 827 1704 869 profecto

237 876 348 908 sectari
361 872 456 906 debet
477 875 697 916 praeelarisque
720 874 847 917 hymnis
863 875 1000 906 venerari
1011 875 1057 906 vir
1081 876 1213 919 quisque
1240 879 1404 910 cantilenas
1426 879 1512 912 illius
1535 882 1706 925 particeps,

237 941 332 972 quam
346 923 443 961 Amor
457 929 524 971 ipse
535 929 690 966 concinit,
707 933 844 960 mentem
861 929 1003 960 Deorum
1024 931 1248 974 hominumque
1263 933 1469 974 permulcens.
1514 934 1594 967 Haec
1609 936 1704 978 igitur

238 979 337 1015 oratio
351 994 433 1021 mea,
449 983 594 1020 Phaedre,
610 982 684 1014 Deo
710 983 912 1020 devoveatur,
933 983 1046 1025 partim
1065 983 1160 1027 jocis,
1177 986 1288 1027 partim
1311 986 1396 1018 seriis
1410 988 1502 1019 rebus
1515 998 1572 1030 pro
1585 989 1706 1031 ingenii

237 1037 300 1070 mei
316 1037 464 1069 facultate
490 1036 614 1069 referta.
660 1036 742 1068 Cum
766 1037 836 1069 haec
855 1037 1000 1079 Agathou
1026 1038 1165 1075 dixisset,
1191 1039 1287 1081 [198]
1311 1041 1575 1082 quemadmodum
1595 1043 1703 1075 retulit

241 1091 471 1128 Aristodemus,
485 1090 628 1122 convivae
642 1101 754 1122 omnes
766 1096 886 1122 summo
901 1092 1038 1133 quodam
1054 1092 1207 1134 applausu
1223 1093 1394 1125 orationem
1406 1095 1504 1137 ipsam
1521 1098 1706 1138 comproba-

238 1141 361 1183 verunt,
384 1150 497 1186 utpote
522 1155 605 1186 quae,
633 1145 714 1176 sicut
738 1149 771 1176 et
797 1144 969 1186 Agathone
1003 1146 1132 1178 et‘Deo
1158 1147 1287 1189 dignum
1308 1152 1386 1184 erat.
1408 1148 1516 1180 habita
1538 1149 1706 1182 videretur.

238 1197 439 1241 Quapropter
449 1199 602 1235 Socrates,
614 1199 653 1229 ad
665 1197 907 1240 Eryximachum
923 1209 1104 1237 conversus,
1114 1199 1230 1251 inquit,
1242 1199 1293 1232 An
1310 1211 1373 1232 non
1387 1201 1508 1243 merito,
1517 1212 1538 1234 ο
1551 1201 1712 1236 Acumem‘

238 1254 296 1292 fili,
317 1263 410 1295 supra
433 1252 571 1284 timuisse
593 1262 678 1283 nune
693 1252 815 1289 videor,
831 1252 925 1293 quod·
941 1262 1047 1284 revera
1062 1253 1208 1295 contigit,
1221 1253 1420 1291 vaticinatus,
1442 1256 1528 1297 quod
1551 1255 1704 1298 Agathou

237 1308 467 1350 elegantissime
493 1306 683 1348 loqueretur,
709 1317 746 1337 ex
766 1316 832 1348 quo
858 1305 934 1337 mihi
957 1306 1052 1338 verba
1079 1306 1272 1339 deficerent?
1326 1307 1416 1341 Eur.
1450 1308 1558 1340 Unum
1577 1310 1706 1352 quidem

235 1367 321 1394 reete
335 1361 539 1392 vaticinatum
554 1365 584 1391 te
600 1364 691 1401 puto,
707 1359 784 1390 scite
801 1359 978 1391 locuturum
995 1358 1213 1401 Agathonem:
1237 1361 1293 1393 tibi
1310 1371 1383 1392 vero
1407 1362 1584 1395 defuturam
1597 1363 1707 1396 facun-

236 1403 332 1454 diam,
347 1414 487 1446 minime.
531 1413 588 1445 So.
611 1413 677 1445 Cur
692 1423 755 1444 non
772 1418 804 1444 et
819 1413 899 1454 ipse,
914 1425 933 1444 o
948 1414 1052 1451 beate,
1067 1419 1101 1445 et
1122 1414 1200 1446 alius
1223 1414 1326 1456 quivis
1349 1425 1368 1446 a
1382 1414 1519 1448 dicendo
1533 1417 1704 1450 absterrea-

236 1475 297 1507 tur‚
324 1469 376 1501 cui
403 1473 476 1510 post
500 1471 563 1498 tam
589 1467 780 1498 luculentam
801 1467 1024 1509 copiosamque
1050 1468 1221 1500 orationem
1244 1469 1284 1500 sit
1307 1468 1524 1511 loquendum?
1547 1475 1580 1503 et
1602 1476 1706 1504 cetera

235 1523 378 1564 quidem,
393 1521 534 1564 quamvis
550 1525 625 1562 apte
640 1521 833 1563 composita,
844 1532 907 1552 non
922 1522 1002 1553 adeo
1019 1521 1161 1554 miranda
1176 1522 1340 1554 videntur:
1355 1524 1543 1566 elegantiam
1560 1536 1631 1558 vero
1644 1537 1703 1559 no-

234 1576 355 1608 minum
371 1580 467 1617 atque
480 1575 656 1612 verborum,
671 1585 734 1615 qua
749 1574 782 1605 in
798 1574 945 1606 orationis
961 1575 1048 1607 calce
1063 1580 1112 1606 est
1125 1587 1211 1613 usus,
1227 1576 1253 1607 si
1265 1577 1335 1619 quis
1350 1577 1614 1617 animadverterit,
1630 1590 1702 1622 pro-

236 1630 320 1662 tinus
336 1631 550 1671 obstupescet.
576 1629 834 1670 quandoquidem
848 1634 880 1660 et
895 1629 965 1671 ipse
980 1640 1050 1662 curn
1067 1629 1284 1672 intelligerem,
1301 1641 1363 1662 non
1381 1642 1473 1673 posse
1488 1643 1538 1665 me
1552 1632 1705 1676 eloquen-

235 1683 282 1715 tia
298 1693 399 1725 prope
414 1682 576 1717 accedere,
593 1692 703 1722 pamm
719 1682 832 1720 abfuit,
847 1682 924 1724 quin
940 1683 1244 1716 verecundiamotus
1258 1684 1332 1716 hinc
1347 1685 1421 1722 alio.
1436 1685 1462 1717 si
1476 1695 1540 1728 quo
1555 1686 1706 1730 licuisset,

236 1738 365 1770 abirem.
414 1735 540 1767 Etenim
564 1734 691 1777 Gorgiae
714 1746 764 1767 me
786 1746 886 1768 sermo
902 1736 1078 1779 admonuit,
1093 1738 1179 1779 quod
1201 1738 1279 1770 illud
1295 1739 1372 1770 mihi
1386 1738 1588 1773 Homericum
1603 1742 1705 1774 couti·

237 1792 343 1833 gisset.
367 1789 501 1822 extimui.-
514 1800 640 1831 nempe.
654 1800 694 1821 ne
709 1790 804 1822 finem
820 1791 920 1822 verbis
935 1791 1100 1833 imponens
1115 1791 1278 1833 Agathou,
1291 1791 1417 1834 Gorgiae
1431 1793 1560 1827 facundi
1574 1801 1672 1838 caput
1685 1807 1704 1828 ο

237 1855 379 1877 sermone
394 1842 450 1875 suo
465 1843 497 1874 in
513 1854 621 1875 meum
632 1843 856 1881 transmittens,
871 1849 991 1875 mutum
1007 1855 1056 1876 me
1072 1845 1200 1883 factum,
1217 1845 1354 1888 lapidem
1369 1857 1426 1888 pro
1449 1848 1577 1881 homine
1591 1849 1705 1882 redd&-

233 1904 293 1932 ret.
338 1898 429 1929 Tunc
445 1898 570 1929 demum
586 1901 702 1929 temere
725 1897 903 1940 promisisse
924 1909 974 1929 me
997 1899 1124 1940 agnovi,
1141 1899 1288 1931 Amorem
1304 1901 1464 1933 vobiscum
1480 1912 1537 1943 pro
1550 1902 1619 1936 vice
1634 1914 1705 1936 mea

234 1948 496 1989 collaudaturum‚
516 1956 550 1983 et
572 1951 683 1993 inepto
709 1952 859 1984 amatoria
885 1953 1058 1994 professum
1085 1953 1192 1995 fuisse,
1207 1965 1277 1986 curn
1304 1955 1432 1988 omnino
1456 1957 1619 1996 nescirem,
1641 1969 1706 2001 qua

234 2005 376 2048 quidque
391 2006 433 2037 sit
446 2005 567 2036 ratione
583 2006 786 2037 laudandum.
810 2007 958 2048 putabam
975 2007 1123 2049 equidem
1137 2009 1178 2040 ob
1190 2009 1356 2040 ruditatem
1371 2020 1484 2048 meam,
1499 2012 1540 2043 de
1560 2022 1703 2055 quocun-

235 2070 310 2101 que‘,
325 2060 412 2102 quod
436 2059 582 2091 laudatur
606 2070 624 2091 a
648 2060 751 2098 nobis,
775 2070 847 2091 vera
870 2065 1014 2102 oportere
1038 2061 1153 2100 referri,
1177 2066 1210 2093 et
1232 2063 1293 2094 hoc
1318 2063 1446 2105 quidem
1471 2065 1580 2097 adesse
1604 2070 1700 2108 atquc

233 2113 350 2146 ficere:
375 2124 414 2145 ex
438 2113 487 2144 his
509 2118 614 2145 autem
639 2114 846 2155 pulcherrima
871 2114 1050 2157 seligentes‚
1073 2126 1166 2157 quam
1197 2117 1415 2148 decentissime
1439 2117 1615 2151 adscribere
1643 2130 1702 2152 nos

235 2167 361 2200 debere.
407 2166 565 2204 Quocirca
587 2167 710 2209 ingenti
733 2168 868 2209 quadam
891 2179 948 2210 spe
972 2169 1072 2201 elatus
1087 2181 1168 2208 sum,
1184 2171 1273 2212 quasi
1288 2176 1372 2202 recte
1387 2171 1541 2209 dicturus,
1554 2173 1700 2215 quando-

234 2221 363 2264 quidem
380 2231 482 2252 veram
508 2220 660 2252 laudandi
683 2221 847 2260 rationem,
865 2228 900 2253 ut
914 2223 1090 2264 videbatur,
1104 2225 1263 2256 haberem.
1285 2225 1412 2256 taudem
1426 2235 1500 2257 vero
1525 2226 1610 2258 haud
1623 2236 1701 2259 con-

235 2285 330 2318 gruus
344 2274 536 2307 laudationis
550 2275 602 2307 hic
616 2275 726 2306 modus
750 2276 898 2317 apparuit
912 2288 919 2307 ε
944 2282 1088 2318 oportere
1113 2288 1248 2319 namque
1262 2278 1396 2316 videtur,
1412 2278 1547 2310 maxima
1567 2289 1703 2324 qumque

234 2334 266 2359 et
283 2328 515 2370 praeclarissima
538 2328 594 2365 rei,
610 2339 702 2370 quam
727 2329 903 2372 laudamus,
917 2330 1103 2368 adscribere,
1119 2333 1184 2363 sive
1209 2341 1315 2364 revera
1336 2332 1383 2363 illi
1403 2333 1521 2370 adsint,
1546 2333 1611 2365 sive
1635 2344 1702 2368 non

234 2381 351 2413 adsint.
374 2381 453 2412 nihil
473 2381 556 2413 enim
579 2382 707 2419 referre,
737 2383 855 2414 falsane
878 2393 918 2414 an
949 2394 1021 2417 vera
1043 2384 1119 2426 sint,
1146 2395 1218 2416 curn
1243 2387 1439 2428 propositum
1465 2386 1518 2424 sit,
1531 2397 1597 2418 non
1620 2397 1701 2430 quo-

235 2435 332 2466 modo
363 2435 461 2466 Amor
481 2435 551 2477 ipse
575 2435 733 2476 laudetur,
761 2435 857 2467 immo
884 2441 918 2468 ut
942 2437 1076 2479 quisque
1100 2438 1248 2470 Amorem
1271 2439 1399 2471 laudare
1435 2450 1529 2482 quam
1562 2441 1696 2474 maxime

233 2488 388 2519 videatur.
449 2489 650 2530 Quapropter
682 2489 826 2521 universa
863 2490 972 2521 Amori
998 2489 1154 2528 tribuitis,
1177 2491 1332 2534 talemque
1355 2503 1427 2524 eum
1448 2503 1516 2525 esse
1535 2499 1568 2526 et
1597 2494 1696 2538 [199]

233 2541 351 2572 talium·
381 2546 603 2584 tantorumque
639 2552 764 2574 causam
812 2543 983 2585 affirmatis,
1028 2549 1065 2575 ut
1107 2555 1201 2586 quarn
1245 2546 1468 2587 pulcherrimus
1495 2546 1696 2592 optimusque

234 2596 396 2637 appareat,
419 2595 635 2637 ignorantibus
659 2597 819 2629 videlicet.
853 2608 1015 2639 nunquam
1045 2598 1127 2630 enim
1152 2599 1402 2641 intelligentibus
1427 2600 1494 2632 laus
1518 2600 1699 2643 hujusmodi

233 2653 320 2680 recta
346 2653 379 2680 et
407 2659 484 2690 pura
495 2648 704 2690 judicaretur.
748 2650 906 2692 Equidem
935 2651 1125 2684 laudationis
1150 2652 1245 2694 hujus
1267 2654 1396 2685 modum
1417 2654 1543 2696 penitus
1575 2655 1700 2698 ignora-

234 2702 317 2732 bam.
338 2701 483 2733 nesciens
506 2703 625 2745 itaque,
653 2703 814 2737 vobiscum
838 2706 986 2743 conveni,
1013 2716 1063 2738 me
1086 2716 1212 2748 quoque
1236 2705 1318 2739 inter
1339 2708 1417 2740 alios
1440 2708 1700 2742 collaudatum.

233 2755 359 2797 Lingua
373 2765 446 2796 ergo
460 2755 602 2796 pollicita
617 2762 675 2798 est,
690 2768 777 2789 mens
792 2769 864 2790 vero
877 2769 1087 2802 nequaquam.
1129 2759 1226 2792 Absit
1249 2761 1343 2803 igitur
1367 2772 1386 2793 a
1411 2772 1460 2794 me
1475 2761 1535 2794 ista
1548 2763 1702 2797 laudatio.

207 2802 211 2808 ’
234 2819 338 2851 neque
353 2809 438 2840 enim
454 2809 498 2840 sic
514 2809 602 2840 illum
617 2812 765 2844 extollere
780 2823 913 2854 possem,
960 2814 1186 2852 Veruntamen,
1204 2815 1229 2846 si
1245 2815 1349 2852 vultis,
1365 2815 1424 2846 ritu
1441 2826 1511 2848 meo
1526 2825 1598 2848 vera
1607 2816 1695 2859 loqui

233 2863 342 2904 cupio,
354 2867 388 2894 et
402 2862 443 2894 ad
455 2863 623 2904 meipsum
639 2866 792 2907 respicere
805 2867 912 2908 potius
934 2879 1027 2910 quam
1050 2879 1122 2900 curn
1143 2869 1334 2900 orationibus
1350 2869 1457 2901 vestris
1471 2869 1578 2901 stilum
1591 2880 1694 2902 meum

233 2916 438 2958 conferre„ne
453 2916 546 2949 risum
563 2928 715 2950 moveam.
760 2920 844 2952 Vide
858 2921 979 2964 itaque,
996 2923 1141 2961 Phaedre,
1158 2927 1258 2954 utrum
1275 2923 1363 2955 vobis
1379 2923 1502 2965 placeat
1522 2923 1694 2956 orationem

234 2969 415 3010 hujusmodi
429 2981 514 3013 nunc
529 2971 646 3010 audire,
661 2982 732 3014 quae
749 2974 789 3006 de
806 2975 924 3009 Amore
943 2987 1013 3009 vera
1028 2978 1182 3010 duntaxat
1196 2982 1328 3015 enarret,
1345 2978 1504 3010 verborum
1520 2978 1698 3013 nominum-
