1846 3268
666 648 1296 745 HIPPAitCHUS.

692 907 932 947 socRATES,
955 906 1264 942 HIPPARCHUS.

237 1033 340 1079 [225]
362 1035 540 1074 Qurnruu
564 1033 644 1069 lucri
657 1034 817 1079 cupiditas
829 1035 902 1068 est?
925 1039 958 1067 et
981 1035 1038 1078 qui
1061 1040 1135 1068 sunt
1159 1036 1238 1067 lucri
1259 1035 1391 1077 cupidi?
1436 1035 1521 1070 Hrr.
1544 1036 1629 1068 Mihi
1643 1037 1715 1079 qui-

236 1090 310 1122 dem
324 1090 483 1133 videntur,
499 1090 555 1133 qui
571 1090 756 1123 lucrandum
769 1093 884 1132 putant
899 1100 936 1121 ex
953 1090 1044 1121 rebus
1058 1090 1145 1120 nulla
1160 1090 1366 1121 aestimatione
1379 1089 1493 1131 dignis.
1536 1090 1571 1124 S.
1590 1089 1714 1123 Viden·

237 1150 329 1177 turne
345 1145 402 1176 tibi
415 1146 505 1183 scire,
520 1146 607 1188 quod
629 1145 747 1177 nullius
769 1144 862 1186 pretii
887 1144 961 1182 sint,
985 1155 1027 1176 an
1050 1144 1217 1186 ignorare?
1241 1145 1326 1186 quod
1352 1144 1379 1175 si
1403 1145 1559 1186 ignorare,
1574 1151 1716 1178 amentes

236 1198 316 1232 lucri
330 1199 466 1242 cupidos
481 1211 586 1232 vocas.
631 1199 714 1231 Hu’.
738 1198 784 1232 At
800 1209 864 1230 non
879 1205 1020 1231 amentes
1036 1199 1177 1241 appello,
1195 1199 1250 1231 sed
1266 1199 1412 1241 callidos,
1428 1203 1523 1241 atque
1542 1199 1715 1241 improbos,

237 1259 272 1286 et
294 1254 426 1286 victosa
441 1254 539 1293 lucro,
555 1258 783 1296 cognoscentes
807 1253 924 1284 nullius
947 1254 1038 1296 p'retii
1063 1264 1144 1296 esse,
1171 1265 1209 1285 ex
1231 1253 1345 1295 quibus
1369 1253 1483 1285 lucrari
1505 1254 1656 1294 audeant,
1681 1259 1716 1286 et

236 1312 344 1340 tamen
369 1309 489 1340 audent
514 1308 626 1340 lucrari
651 1319 706 1350 per
730 1307 972 1350 impudentiam.
1018 1308 1075 1340 So.
1098 1307 1186 1339 Num
1207 1306 1431 1349 hujuscemodi
1455 1307 1536 1340 lucri
1561 1307 1715 1350 cupidum

234 1371 342 1402 vocas,
357 1363 457 1394 veluti
473 1362 499 1394 si
511 1363 649 1405 agricola
664 1363 823 1405 plantans,
839 1372 1097 1404 cognoscensque
1113 1362 1230 1393 nullius
1253 1361 1346 1404 pretii
1373 1361 1513 1403 plantam
1537 1372 1617 1399 esse,
1641 1362 1714 1404 dig-

235 1425 312 1447 num
327 1421 433 1449 tamen
450 1422 540 1459 putet
554 1428 593 1449 ex
618 1428 657 1449 ea
682 1417 818 1449 lucrari?
841 1417 978 1448 talemne
1004 1417 1108 1459 ipsum
1134 1417 1323 1458 nuncupas?
1368 1416 1452 1448 Hrr.
1477 1416 1713 1459 Undecunque,

235 1481 255 1502 o
271 1470 426 1508 Socrates,
441 1469 519 1503 lucri
534 1470 669 1514 cupidus
685 1472 889 1513 quaerendum
905 1476 1025 1504 censet.
1071 1471 1123 1503 So.
1147 1471 1199 1503 Ne
1216 1472 1297 1502 adeo
1315 1475 1430 1503 temere
1446 1470 1540 1502 verba
1554 1471 1712 1512 effundas,

233 1524 334 1556 veluti
356 1525 451 1557 alicui
476 1531 605 1568 propter
631 1531 794 1568 acceptam
820 1526 967 1567 injuriam
993 1525 1156 1558 infensus:
1181 1527 1235 1557 sed
1264 1526 1306 1557 ad
1332 1537 1381 1558 me
1410 1526 1515 1567 potius
1543 1527 1714 1559 attendens

233 1580 403 1621 responde,
419 1590 456 1612 ac
479 1581 506 1611 si
533 1589 552 1611 a
569 1580 724 1623 principio
740 1591 844 1612 rursus
858 1581 1091 1623 interrogarem.
1137 1580 1304 1613 Confiteris
1318 1581 1396 1612 lucri
1414 1580 1564 1622 cupidum
1580 1591 1715 1622 cognos-

234 1643 317 1671 cere,
333 1634 446 1677 quanti
461 1635 513 1673 sit,
537 1635 625 1666 unde
649 1635 762 1667 lucrari
785 1635 917 1678 dignum
934 1636 1049 1678 putat?
1094 1635 1178 1667 1111».
1202 1636 1373 1667 Confiteor.
1417 1635 1473 1668 So,
1496 1634 1579 1672 Quis
1594 1635 1712 1676 peritus

232 1692 282 1719 est
296 1688 380 1720 circa
394 1688 572 1731 plantarum
593 1689 794 1731 dignitatem,
818 1700 882 1733 qua
902 1690 935 1720 in
961 1690 1089 1731 regione
1114 1700 1150 1721 ac
1176 1695 1318 1731 tempore
1339 1690 1482 1731 plantare
1497 1690 1628 1731 dignum
1643 1689 1710 1721 sit?

234 1747 272 1774 ut
299 1743 420 1786 aliquid
447 1749 480 1775 et
495 1754 552 1775 nos
568 1744 746 1786 sapientum
762 1745 938 1781 verborum,
954 1744 1068 1787 quibus
1083 1744 1244 1787 elegantes
1259 1744 1410 1776 causidici
1434 1747 1574 1782 utuntur,
1598 1743 1631 1775 in
1647 1753 1715 1775 me-

234 1797 324 1829 dium
340 1798 518 1831 afferamus.
564 1796 648 1830 Hn’.
674 1797 855 1840 Agricolam
881 1798 1022 1830 arbitror.
1067 1799 1123 1831 So.
1145 1798 1231 1830 Num
1257 1799 1388 1840 dignum
1403 1798 1490 1830 lucro
1505 1808 1599 1829 vocas
1613 1797 1713 1835 aliud,

234 1862 332 1894 quam
346 1852 531 1884 lucrandum
547 1862 616 1883 esse
632 1851 833 1883 existimare?
878 1852 962 1883 Hm.
986 1852 1026 1882 Id
1041 1852 1155 1893 ipsum.
1201 1852 1257 1884 So.
1279 1852 1332 1883 Ne
1356 1863 1407 1884 me
1429 1852 1552 1884 coneris
1565 1851 1713 1893 decipere

231 1906 335 1938 virum
361 1906 429 1950 jam
460 1906 626 1944 seniorem,
651 1916 723 1937 cum
749 1906 830 1937 adeo
855 1905 954 1947 [226]
973 1905 1103 1947 juvenis
1133 1906 1186 1943 sis,
1213 1907 1420 1948 respondens,
1444 1907 1712 1948 quemadmodum

232 1971 334 1999 nunc,
358 1971 430 2003 quae
453 1961 523 2003 ipse
546 1960 676 1995 minime
702 1964 816 2002 putas:
841 1961 896 1991 sed
921 1960 1076 2002 responde
1100 1970 1194 2002 quam
1208 1960 1364 1992 verissime
1380 1966 1480 2002 potes.
1524 1960 1578 1992 An
1601 1970 1712 1993 censen

231 2015 451 2059 agricultorem
476 2014 670 2057 quempiam,
692 2019 935 2056 cognoscentem
962 2015 1048 2057 quod
1064 2015 1155 2045 arbor
1168 2015 1256 2046 nullo
1270 2015 1366 2046 modo
1391 2015 1589 2057 plantatione
1614 2016 1712 2058 digna

232 2070 286 2108 sit,
301 2075 412 2112 putare
428 2081 466 2101 ex
479 2071 548 2112 ipsa
563 2080 596 2103 se
612 2069 824 2101 lucraturum?
868 2068 953 2101 Hu’.
974 2069 1050 2100 Non
1066 2080 1123 2112 per
1142 2069 1163 2101 J
1166 2080 1268 2101 ovem.
1313 2070 1370 2102 So.
1396 2069 1581 2112 Equestrem
1597 2076 1714 2113 praete·

230 2132 286 2157 rea
301 2124 413 2162 virum,
428 2124 659 2167 intelligentem
675 2124 794 2155 nullius
818 2124 911 2166 pretii
938 2124 1089 2166 pabulum
1111 2135 1143 2156 se
1159 2135 1242 2167 equo
1267 2125 1418 2166 praebere,
1438 2124 1580 2167 ignorare
1601 2136 1712 2158 censes

231 2179 322 2222 quod
346 2189 463 2222 equum
487 2179 614 2221 perdit?
659 2179 743 2212 Hrr.
767 2178 992 2222 Nequaquam.
1037 2179 1095 2212 So.
1118 2179 1195 2210 Non
1219 2180 1316 2222 igitur
1341 2184 1434 2222 putat
1458 2180 1500 2212 ab
1529 2179 1713 2222 hujusmodi

230 2234 358 2277 pabulis
387 2234 589 2269 lucraturum.
635 2234 719 2267 Hm.
752 2234 900 2269 Minime.
945 2234 1003 2267 So-
1049 2234 1299 2266 Gubernatorem
1324 2245 1410 2272 vero,
1438 2233 1493 2277 qui
1522 2239 1649 2266 temone
1677 2239 1717 2267 et«

229 2288 311 2321 velis
325 2288 445 2321 nullius
460 2289 699 2321 existimationis
715 2300 828 2321 navem
844 2288 1003 2327 munierit,
1030 2289 1172 2331 ignorare
1187 2300 1309 2327 censes,
1325 2289 1412 2332 quod
1427 2289 1543 2321 damno
1558 2288 1712 2326 afficietur

231 2347 266 2375 et
281 2343 455 2385 periculum
471 2343 622 2383 incurret,
637 2354 677 2376 ne
692 2344 760 2386 ipse
776 2343 867 2375 simul
882 2347 915 2375 et
929 2343 1029 2385 navis,
1046 2349 1078 2375 et
1093 2354 1290 2386 quaecunque
1313 2344 1349 2376 in
1370 2343 1443 2374 navi
1469 2347 1554 2384 sunt,
1576 2343 1711 2386 perdan-

228 2397 303 2428 tur?
348 2396 432 2430 ΗΠ».
456 2396 533 2429 Non
548 2403 644 2431 certe.
691 2399 748 2430 So.
769 2397 867 2430 Haud
893 2398 987 2440 igitur
1011 2403 1103 2440 putat
1127 2409 1163 2430 se
1189 2409 1227 2430 ex
1251 2397 1464 2430 instrumentis
1478 2398 1596 2429 nullius
1619 2397 1711 2440 pretii

229 2449 435 2483 lucraturum.
477 2451 560 2483 Hrr.
584 2451 733 2485 Minime.
782 2453 841 2485 So.
863 2452 944 2484 Item
960 2452 1036 2484 belli
1052 2453 1128 2491 dux,
1156 2463 1286 2484 cernens
1302 2452 1472 2484 exercitum
1487 2451 1602 2483 vilibus
1617 2452 1709 2483 armis

229 2505 397 2543 confisum,
413 2510 559 2547 speratne
574 2517 610 2538 ac
624 2507 755 2549 dignum
769 2511 874 2550 putat,
898 2518 936 2539 ex
963 2507 1004 2538 iis
1029 2507 1149 2539 lucrum
1172 2507 1300 2549 aliquod
1327 2506 1474 2549 assequi?
1519 2505 1602 2538 Hrr’.
1626 2505 1709 2537 Nul-

229 2557 309 2590 lum.
353 2559 409 2592 So.
434 2559 555 2591 Eodem
571 2561 666 2592 modo
683 2561 800 2594 tibicen
817 2561 927 2593 tibiam
949 2567 982 2593 et
1005 2561 1166 2593 citharista
1181 2561 1332 2593 citharam
1351 2566 1383 2593 et
1398 2561 1508 2593 arcifer
1531 2571 1648 2599 arcum,
1674 2564 1709 2592 et

229 2617 268 2644 ut
294 2613 382 2644 brevi
411 2614 615 2656 complectar,
643 2615 827 2658 quicunque
854 2615 978 2654 artifex,
1003 2621 1058 2647 aut
1083 2616 1162 2647 alius
1189 2617 1355 2659 quisquam
1370 2615 1417 2647 vir
1436 2615 1566 2658 peritus,
1590 2625 1707 2657 organa

229 2677 267 2698 ac
282 2667 437 2709 reliquum
453 2674 638 2710 apparatum
653 2671 770 2702 nullius
786 2670 879 2713 pretii
895 2671 1021 2709 habeat,
1038 2675 1170 2712 putatne
1185 2681 1224 2702 ex
1249 2671 1287 2702 iis
1312 2670 1483 2712 aliquando
1508 2680 1542 2701 se
1566 2669 1703 2701 lucratu-

228 2722 321 2752 rum?
367 2721 450 2755 ΗΠ».
474 2722 562 2761 Νοη,
578 2729 614 2755 ut
629 2730 772 2767 apparet.
818 2726 876 2758 So.
900 2726 990 2763 Quos
1006 2726 1113 2768 itaquc
1138 2725 1215 2757 lucri
1238 2725 1371 2767 cupidos
1392 2724 1579 2766 nuncupas?
1602 2733 1706 2766 neque

229 2775 313 2807 enim
330 2786 394 2812 eos,
411 2787 489 2818 quos
504 2787 598 2818 supra
612 2779 785 2816 retulimus,
810 2780 866 2822 qui
888 2791 924 2811 ex
950 2781 1042 2812 rebus
1066 2780 1152 2811 nulla
1177 2779 1296 2811 ratione
1322 2779 1425 2822 dignis
1439 2783 1546 2810 rentur
1559 2782 1705 2820 oportere

227 2830 351 2861 lucrari.
396 2830 478 2861 ΗιΡ.
500 2830 547 2862 At
568 2833 627 2863 hoc
654 2834 759 2871 modo,
785 2845 804 2865 o
825 2834 955 2866 mirifice
981 2835 1037 2871 vir,
1061 2845 1124 2877 quo
1149 2834 1216 2877 ipse
1238 2834 1386 2876 loqueris,
1414 2832 1516 2863 nullus
1542 2831 1704 2864 hominum

228 2883 308 2916 lucri
322 2885 457 2926 cupidus
473 2891 566 2917 esset.
588 2887 643 2917 sed
660 2898 719 2929 ego
744 2899 798 2919 eos
824 2888 902 2920 lucri
926 2889 1059 2931 cupidos
1085 2900 1151 2921 esse
1177 2888 1331 2931 intelligo,
1351 2887 1405 2930 qui
1421 2892 1548 2930 propter
1563 2886 1706 2929 inexple-

227 2938 323 2971 bilem
348 2939 530 2973 aviditatem
555 2940 685 2974 minima
711 2953 800 2985 aeque
823 2949 921 2986 atque
936 2945 1011 2976 vilia
1033 2949 1066 2975 et
1090 2942 1208 2975 nullius
1233 2942 1324 2986 pretii
1347 2941 1457 2973 mirum
1472 2941 1506 2973 in
1523 2941 1650 2972 modum
1665 2940 1706 2972 si-

226 2992 322 3034 tiunt,
338 2993 418 3028 etin
433 2993 472 3028 iis
486 2993 582 3029 etiam
597 2995 717 3032 luctum
733 3002 889 3042 quaerunt.
933 2998 990 3032 So.
1013 2997 1090 3033 Non
1114 3002 1230 3034 tamen,
1254 3006 1273 3029 ο
1290 2997 1336 3028 vir
1358 2995 1488 3039 optime,
1512 2995 1705 3033 discernunt,
