1846 3268
221 243 299 280 366
816 237 1081 278 PLATOle
1590 243 1687 294 [267

223 343 364 375 tudinem
378 348 427 375 est
441 342 552 381 divisa,
575 342 616 374 ita
642 351 726 374 nunc
751 352 807 384 per
822 342 1050 384 longitudinem
1074 341 1250 375 dividatur:
1275 346 1370 386 atque
1393 343 1436 374 ita
1458 349 1591 385 quatuor
1605 344 1689 376 illius

223 403 327 439 partes
339 397 526 435 efficiuntur,
542 397 614 427 duae
629 397 734 438 quoad
747 407 817 435 nos,
832 397 988 434 humanoe,
1004 397 1075 428 duae
1091 397 1202 430 iterum
1218 399 1323 440 quoad
1339 399 1428 436 deos,
1442 398 1568 430 divina*-
1598 398 1686 431 Tur..

223 451 383 484 Profecto.
428 451 498 484 Ho.
520 450 567 482 Ex
585 451 633 482 his
647 451 776 493 quidem
792 461 895 482 rursus
909 451 998 482 aliter
1014 461 1097 483 nunc
1111 451 1230 490 divisis,
1247 453 1406 495 utriusque
1429 452 1606 495 partitionis
1620 463 1691 495 pars

225 515 289 536 una
312 510 361 536 est
384 505 538 547 effectrix,
565 504 692 547 reliquae
721 510 825 536 autem
849 504 1040 547 imaginatiae
1065 505 1278 544 nominantur,
1300 508 1386 538 unde
1408 517 1510 538 rursus
1532 506 1691 538 efficiendi

223 559 357 590 facultas
373 559 405 589 in
421 559 486 590 duo
501 558 662 590 dividitur.
707 558 796 590 Tim.
820 558 918 591 Dicas
933 559 1043 590 iterum
1060 560 1325 602 quemadmodum
1343 566 1484 602 utraque.
1530 560 1597 592 Ho.
1620 560 1689 592 Ho-

224 613 324 644 mines
340 613 448 655 utique
464 618 496 643 et
510 612 656 644 animalia
671 617 785 650 cetera,
801 623 877 656 eave
892 625 929 645 ex
945 614 1058 655 quibus
1073 614 1133 645 ista
1147 614 1327 657 gignuntur,
1340 615 1420 656 ignis
1433 620 1465 646 et
1474 615 1691 657 aquahorurn-

224 679 286 710 que
303 677 461 709 germana,
477 666 542 698 Dei
556 677 650 709 opera
667 677 735 698 esse
749 666 980 708 cognoscimus.
1024 667 1113 700 Tne.
1136 667 1273 710 Nempe.
1317 667 1384 700 Ho.
1407 669 1485 700 Post
1500 669 1566 700 lraee
1581 668 1690 699 horum

225 722 389 753 simulacra
404 726 588 763 sequuntur,
612 721 788 753 daemonica
813 721 948 763 quadam
972 721 1204 753 machinatione
1227 722 1392 765 producta.
1434 721 1523 754 Τιιε.
1547 721 1690 760 Qualia?

224 775 290 808 Ho.
315 776 551 816 Phantasmata,
573 785 644 817 quae
667 774 896 806 dormientibus
918 780 1096 812 occurrunt,
1119 785 1230 817 quaeve
1253 775 1284 806 in
1308 775 1360 807 die
1377 786 1432 817 per
1446 786 1479 807 se
1494 776 1612 818 absque
1626 781 1692 807 arte

224 829 382 870 videntur,
397 830 505 860 umbra
519 829 662 872 quidem,
676 839 748 861 cum
761 829 896 860 tenebra
908 827 974 869 igni
985 828 1152 859 miscentur
1165 840 1172 859 :
1189 828 1304 870 duplex
1317 834 1435 869 autem,
1447 829 1575 870 quando
1586 828 1692 860 lumen

224 883 384 925 proprium
407 888 439 914 et
453 887 644 920 extraneum,
659 883 744 914 circa
770 881 937 924 perspicua
961 881 1104 924 leviaque
1126 882 1160 913 in
1177 892 1273 913 unum
1289 893 1487 923 concurrens,
1505 893 1692 924 sensumque

223 929 410 969 contrarium
436 937 538 968 solitae
561 935 688 968 visionis
716 936 871 978 praebens,
897 934 1034 977 speciem
1061 934 1171 968 efficit.
1215 935 1292 967 Duo
1317 946 1392 976 ergo
1415 941 1489 966 sunt
1502 935 1559 967 ista
1575 937 1692 968 rlivinae

222 990 401 1022 effectionis
422 1000 529 1032 opera,
553 1000 600 1021 res
623 989 773 1021 videlicet
796 989 941 1031 singulae,
955 989 1208 1032 singularumque
1224 999 1322 1020 rerum
1340 989 1505 1031 sequentia
1520 989 1696 1022 simulacra.

222 1043 283 1075 Ars
297 1048 402 1076 autem
417 1045 554 1076 humana
581 1044 787 1075 architectura
803 1044 931 1075 domum
946 1043 1090 1085 fabricat,
1113 1043 1233 1086 pictura
1257 1044 1370 1074 domus
1392 1042 1573 1085 imaginem,
1596 1044 1692 1076 veluti

223 1098 384 1139 quoddam
408 1099 578 1129 humanum
604 1097 793 1129 insomnium
817 1097 1018 1139 vigilantibus
1039 1098 1168 1129 factum.
1211 1097 1300 1129 an..
1323 1096 1414 1128 Nulli
1436 1097 1579 1129 dubium.
1623 1098 1693 1130 Ho.

224 1152 264 1183 In
280 1151 350 1183 aliis
365 1163 492 1194 quoque
508 1151 648 1183 similiter
663 1162 718 1194 per
731 1151 796 1182 duo
813 1150 991 1193 partiendo,
1007 1151 1131 1193 gemina
1142 1162 1237 1194 opera
1256 1151 1423 1184 effectricis
1433 1159 1544 1183 nostrae
1560 1152 1693 1184 actionis

224 1205 424 1237 invenimus:
448 1207 548 1248 ipsam
579 1206 698 1248 quippe
728 1216 791 1237 rem
824 1205 991 1248 principali
1022 1205 1184 1247 facultate,
1213 1205 1381 1247 imaginem
1411 1216 1484 1238 vero
1513 1206 1695 1248 imaginaria

223 1260 369 1293 facimus.
413 1260 503 1291 Tne.
527 1260 629 1293 Plane
648 1259 715 1302 jam
732 1259 889 1302 intelligo,
905 1271 942 1292 ac
965 1260 1044 1291 duas
1059 1259 1201 1291 bifariam
1224 1271 1308 1302 pono
1324 1260 1490 1292 effectricis
1511 1260 1634 1302 species
1649 1260 1694 1292 fa-

224 1314 363 1346 cultatis.
408 1315 515 1346 Primo
531 1314 686 1356 siquidem
702 1314 734 1345 in
750 1314 889 1345 divinam
917 1314 1032 1356 partior
1046 1319 1080 1346 et
1094 1315 1261 1346 humanam
1277 1325 1286 1346 ε
1310 1314 1427 1346 deinde
1441 1314 1472 1346 in
1496 1325 1595 1346 rerum
1610 1314 1695 1357 ipsa·

224 1379 290 1400 rum
307 1369 518 1411 imaginumve
533 1369 746 1401 effectionem.
791 1367 859 1401 Ηο.
882 1367 1134 1400 Reminiscamur
1161 1369 1289 1400 obsecro
1305 1369 1369 1400 duo
1384 1368 1499 1400 dixisse
1514 1379 1572 1400 nos
1586 1368 1695 1410 imagi-

226 1423 321 1454 nariae
345 1423 503 1454 facultatis
531 1433 645 1464 genera
668 1433 735 1454 esse
761 1427 916 1464 oportere,
943 1422 1189 1454 assimilatorium
1216 1423 1336 1455 scilicet
1356 1427 1390 1454 et
1409 1422 1653 1465 phantasticum,
1668 1423 1695 1454 si

226 1478 319 1509 modo
335 1477 454 1519 aliquid
471 1488 502 1508 re
519 1488 590 1508 vera
605 1477 730 1519 falsum,
745 1482 778 1508 et
792 1477 903 1508 falsum
919 1488 1015 1508 unum
1033 1477 1151 1519 aliquid
1165 1488 1283 1514 eorum,
1299 1487 1370 1519 quae
1388 1482 1474 1518 sunt,
1489 1477 1528 1508 sit
1543 1477 1693 1508 futurum.

220 1532 309 1563 'Pur-2.
336 1530 469 1563 Dictum
484 1536 579 1564 certe.
625 1531 693 1564 Ho.
714 1530 831 1562 Nonne
856 1531 1022 1563 constitit?
1046 1531 1183 1574 ideoque
1206 1542 1290 1563 nunc
1305 1531 1365 1572 ipsi
1380 1531 1460 1562 duas
1483 1530 1551 1562 sine
1566 1535 1693 1564 contro.-

223 1586 322 1617 versia
336 1586 457 1627 species
473 1585 772 1625 annumerabimus?
816 1585 904 1617 Tne.
929 1586 1023 1617 Sane.
1068 1585 1137 1618 Ho.
1162 1584 1399 1617 Phantasticum
1415 1584 1521 1627 itaque
1536 1595 1639 1619 rursus
1661 1585 1694 1619 in

223 1641 288 1671 duo
312 1639 409 1682 [267]
431 1641 613 1672 secandum.
658 1639 686 1671 T
688 1650 748 1672 HE.
770 1639 1072 1677 Quemadmodum?
1117 1639 1183 1672 Ho.
1208 1639 1315 1671 Unum
1333 1650 1388 1681 per
1403 1639 1610 1671 instrumenta
1630 1638 1697 1674 fac·

224 1700 312 1734 tum;
336 1694 467 1725 alterum
493 1693 592 1731 illius,
619 1693 673 1736 qui
696 1705 763 1726 sese
785 1694 1026 1726 instrumentum
1051 1695 1235 1737 phantasma
1249 1693 1412 1726 efficientis
1423 1693 1562 1728 exiribet.
1606 1693 1694 1730 Tae.

224 1749 290 1787 Qui
315 1748 398 1780 istuc
422 1748 492 1780 ais?
538 1748 605 1780 Ho.
629 1748 787 1786 Quotiens
813 1748 925 1791 aliquis
949 1749 1078 1790 figuram
1106 1753 1190 1780 tuam
1218 1758 1381 1791 usurpanS,
1407 1757 1521 1789 corpus
1531 1757 1624 1782 suum
1640 1751 1694 1781 tuo

222 1803 327 1835 reddit
350 1802 523 1845 persimile,
547 1814 602 1834 seu
627 1813 735 1835 vocem
764 1803 847 1845 voci,
877 1803 1011 1834 imitatio
1039 1803 1099 1834 ista
1129 1802 1325 1845 phantastice
1350 1807 1562 1845 nuncupatur.
1606 1802 1695 1833 Tan.

224 1857 354 1899 Utique.
398 1856 464 1888 Ho-
486 1856 694 1888 Imitatorium
719 1857 779 1889 hoc
805 1857 1004 1899 appellantes
1035 1858 1078 1889 ita
1105 1857 1337 1894 distribuamus,
1361 1863 1394 1888 et
1419 1857 1572 1899 reliquum
1601 1868 1694 1889 omne

222 1911 310 1952 quasi
322 1910 388 1952 jam
404 1910 520 1953 quietis
535 1910 643 1952 cupidi
662 1911 943 1952 praetermittamus,
960 1911 1233 1953 concedamusque
1248 1911 1350 1948 alteri,
1361 1915 1397 1942 ut
1406 1910 1440 1942 in
1453 1921 1548 1942 unum
1565 1911 1694 1954 colligat

220 1970 253 1996 et
267 1964 458 1996 conveniens
474 1964 535 2006 ipsi
551 1965 666 1995 tribuat
680 1970 935 2006 cognomentum.
981 1964 1070 1998 Tne.
1093 1965 1320 2002 Distribuatur,
1342 1970 1378 1996 ut
1393 1964 1451 2006 vis,
1465 1969 1497 1996 et
1511 1965 1572 1997 hoc
1587 1965 1692 1998 dimit·

222 2024 315 2050 tatur.
359 2018 426 2050 110.
450 2019 523 2050 Hoc
549 2023 698 2059 praeterea
724 2019 870 2060 duplum,
897 2030 916 2050 ο
944 2018 1119 2060 Tlieaetete,
1145 2019 1398 2050 existimandum.
1420 2029 1514 2060 quam
1544 2029 1618 2051 vero
1649 2020 1691 2051 ob

219 2083 357 2110 causam,
372 2072 596 2104 animadverte.
640 2073 691 2104 Ta
699 2084 729 2105 Ε.
753 2073 827 2105 Dic.
872 2073 939 2105 Ho.
963 2073 1156 2114 Eorum,qui
1169 2073 1341 2111 imitantur,
1357 2073 1455 2114 aliqui
1465 2080 1692 2114 cognoscentes

221 2127 306 2169 quod
322 2126 498 2164 imitantur,
513 2127 574 2158 hoc
590 2132 699 2169 agunt,
715 2126 815 2170 aliqui
830 2132 934 2158 autem
962 2126 1153 2169 ignorantes.
1178 2138 1219 2158 an
1242 2127 1390 2169 majorem
1416 2126 1552 2168 aliquam
1575 2128 1694 2160 discre-

220 2181 360 2222 pantiam
375 2181 637 2222 divisionemque,
664 2192 757 2223 quam
784 2192 839 2224 per
859 2181 1068 2223 ignorantiam
1095 2179 1360 2223 cognitionemve‚
1387 2181 1560 2222 ponemus?
1603 2180 1692 2214 Tus.

220 2234 361 2281 Nullam.
406 2234 474 2266 Ho.
498 2234 614 2267 Nonne
639 2246 689 2273 ea,
713 2246 807 2277 quam
835 2237 930 2267 modo
955 2236 1149 2277 dicebamus,
1173 2234 1429 2276 cognoscentium
1446 2234 1579 2267 imitatio
1602 2236 1692 2267 crat?

219 2288 347 2330 figuram
360 2289 479 2331 quippe
496 2293 581 2320 tuam
596 2289 734 2321 imitatur
760 2290 825 2327 ille,
847 2290 900 2332 qui
917 2295 947 2322 tc
970 2289 1144 2332 cognoscit.
1190 2289 1278 2321 Tua.
1301 2289 1362 2320 Ille
1387 2288 1466 2330 ipse.
1511 2289 1579 2320 Ho-
1602 2290 1690 2327 Quid

218 2347 322 2373 autem
338 2342 378 2373 de
390 2341 522 2384 justitiae
537 2343 724 2385 virtutisque
739 2345 890 2375 universas
913 2343 1011 2385 figura
1026 2343 1219 2375 dicendum?
1243 2353 1283 2374 an
1307 2354 1370 2374 non
1392 2343 1483 2374 multi
1498 2343 1574 2374 dum
1601 2343 1692 2386 igno-

218 2401 298 2432 rant,
315 2407 406 2427 nosse
421 2402 525 2428 autem
542 2397 623 2429 hanc
639 2399 821 2441 opinantur,
837 2398 922 2440 quod
938 2397 1002 2429 illis
1017 2397 1153 2435 videtur,
1167 2397 1199 2429 id
1216 2397 1319 2439 ipsum
1330 2397 1499 2435 imitantes,
1511 2403 1573 2428 tam
1591 2399 1692 2431 verbis

215 2459 310 2491 quam
326 2450 473 2491 operibus
487 2451 682 2489 annituntur,
699 2457 734 2483 ut
748 2452 851 2484 inesse
865 2452 942 2494 ipsis
956 2457 1106 2494 appareat
1119 2452 1130 2482 ?
1167 2451 1256 2482 Tun.
1279 2451 1388 2493 Atque
1400 2451 1570 2483 admodum
1588 2452 1689 2485 multi.

217 2504 286 2536 Ho.
309 2503 463 2546 Nunquid
479 2505 524 2536 ita
538 2505 608 2536 illos
625 2517 696 2548 spes
711 2506 804 2545 fallit,
831 2511 865 2538 ut
880 2507 961 2538 sicut
972 2506 1050 2548 justi
1067 2517 1130 2537 non
1147 2511 1232 2547 sunt,
1248 2505 1292 2537 ita
1313 2516 1372 2536 nec
1387 2506 1481 2537 etiam
1498 2506 1689 2538 videantur?

216 2567 255 2588 aa
271 2557 405 2589 contra?
447 2557 535 2591 ΤιιΕ.
559 2559 690 2593 Contra.
737 2560 804 2592 Ho.
828 2560 1020 2592 Imitatorem
1038 2561 1122 2592 hunc
1138 2560 1293 2591 diversum
1309 2560 1348 2591 ab
1365 2560 1419 2591 illo
1434 2560 1586 2602 superiori
1601 2560 1690 2593 dice·

215 2622 296 2650 mus,
310 2611 504 2654 ignorantem
521 2624 539 2644 a
555 2619 765 2656 cognoscente
779 2615 790 2646 ‚²
824 2615 914 2648 Tria.
936 2615 1088 2647 Dicemus
1104 2615 1209 2656 plane.
1245 2614 1312 2646 Ho-
1338 2613 1432 2646 Unde
1448 2625 1564 2646 nomen
1577 2614 1691 2647 utrius-

214 2676 277 2708 que
293 2666 453 2708 proprium
467 2667 662 2699 deducetur?
686 2679 727 2700 an
742 2668 890 2701 videlicet
905 2668 1031 2701 difficile
1047 2669 1117 2700 est?
1135 2669 1211 2711 quia
1231 2678 1325 2700 causa
1341 2669 1485 2710 quaedam
1502 2673 1591 2700 vetus
1605 2668 1689 2700 divi-

214 2718 310 2752 sionis
325 2730 474 2761 generum
490 2720 522 2751 in
545 2723 665 2764 species
682 2723 895 2765 superioribus
919 2723 1032 2754 nostris
1055 2723 1164 2765 ignota
1186 2723 1291 2763 fuerit,
1319 2723 1398 2754 adeo
1415 2728 1450 2754 ut
1465 2733 1557 2754 nemo
1581 2722 1686 2765 partiri

214 2773 424 2812 contenderit,
439 2774 574 2817 ideoque
590 2777 751 2808 nominum
769 2777 880 2820 inopes
896 2788 964 2809 esse
987 2788 1114 2809 necesse
1130 2782 1188 2809 est.
1237 2777 1305 2808 Etsi
1319 2777 1404 2808 dictu
1422 2777 1573 2808 audacius
1587 2776 1684 2808 videri

215 2831 330 2868 potest,
345 2827 564 2859 declarationis
580 2836 682 2861 tamen
699 2831 958 2873 discretionisque
975 2832 1074 2873 gratia
1089 2831 1294 2862 imitationem
1311 2830 1394 2862 illam
1411 2829 1569 2872 opinionis
1585 2829 1682 2862 comi-

214 2886 290 2922 tem,
315 2881 504 2923 opinabilem
531 2883 738 2916 imitationem
764 2885 1022 2917 deuomincmus:
1047 2885 1132 2917 illum
1149 2897 1221 2917 vero
1244 2896 1314 2927 qua:
1337 2884 1491 2925 scientim,
1506 2883 1681 2915 historicam

212 2935 370 2978 quandam
384 2936 596 2981 scientemque
608 2937 828 2973 imitationem.
874 2940 962 2974 Tus.
987 2940 1076 2973 Esto.
1122 2940 1189 2981 110¹.
1214 2940 1332 2972 Harum
1350 2938 1476 2982 quidam
1493 2937 1681 2981 appellatim
