1846 3268
225 275 322 329 215]
788 270 1121 312 οοΝνινιυΜ.
1605 274 1679 313 421

229 381 295 415 heri
321 387 453 419 tantum,
473 386 509 412 ut
534 376 658 418 tu,'sed
683 389 814 421 semper.
859 379 1008 421 Acceptis
1032 378 1139 419 itaque
1165 376 1248 408 vittis
1273 377 1434 409 coronavit
1455 378 1626 418 Socratem,
1647 386 1685 412 ac

231 437 323 470 sedit.
346 437 457 468 sedens
471 440 573 467 autern
589 434 707 475 inquit,
728 432 869 464 Nimium
886 432 962 463 mihi
977 431 1083 468 sobrii,
1098 431 1252 471 convivae,
1266 430 1426 469 videmini,
1443 442 1545 474 neque
1560 434 1687 475 permit.

230 491 360 521 tendum
377 490 463 521 vobis
487 490 521 521 id
545 499 670 520 censeo.
693 487 864 518 bibendum
889 491 936 517 est
959 485 1053 517 enim.
1077 491 1148 516 narn
1175 484 1256 515 inter
1275 495 1332 516 nos
1346 485 1379 516 id
1396 486 1556 519 convenit.
1600 487 1683 528 Ergo

232 543 362 576 bibendi
378 543 564 586 principem,
580 543 682 574 donec
693 541 766 573 satis
781 532 930 578 biberitis,
947 550 996 571 me
1013 538 1099 570 vobis
1112 546 1268 581 propono.
1313 539 1397 570 Ferri
1416 538 1507 580 jube,
1521 540 1686 582 Agathou,

234 597 260 628 si
275 597 360 639 quod
376 597 466 628 adest
477 595 612 637 amplum
628 594 725 637 [214]
743 594 902 636 poculum.
916 593 971 624 sed
987 592 1031 623 nil
1047 602 1126 634 opus
1141 597 1188 622 est
1202 603 1210 622 ι
1235 591 1328 622 immo
1343 590 1424 623 feras
1443 593 1516 634 huc,
1529 604 1617 634 puer,
1633 605 1687 625 vas

227 651 319 688 illud,
335 651 420 692 quod
447 649 553 691 plures
578 659 671 691 quam
695 653 766 680 octo
783 653 905 689 pateras
920 657 1032 688 capere
1045 646 1178 676 videtur.
1223 645 1303 677 Cum
1319 656 1371 676 vas
1386 646 1589 688 implevisset,
1605 648 1687 690 prior

229 705 300 746 ipse
315 705 394 735 bibit
407 716 414 735 :
439 703 559 735 Socrati
574 701 690 733 deinde
705 701 833 732 infundi
843 700 949 742 jussit,
964 704 997 730 et
1012 699 1124 741 inquit,
1144 698 1298 730 Adversus
1313 699 1483 741 Socratem,
1499 711 1518 731 o
1534 702 1687 740 convivae,

228 758 319 789 dolus
334 757 391 788 iste
407 756 482 787 mibi
498 756 574 787 nibil
590 755 722 787 confert.
747 759 1024 796 quantumcunque
1044 752 1116 794 quis
1137 751 1277 793 jusserit,
1290 753 1407 790 ebibet,
1422 765 1479 786 nec
1495 756 1612 787 ebrium
1630 767 1688 787 un-

227 821 320 854 quam
337 810 494 842 videbitis.
539 810 680 840 Socrates
706 808 892 839 infundente
917 817 1013 848 puero
1037 806 1128 838 bibit.
1172 806 1252 837 Turn
1269 805 1504 849 Eryximachus,
1521 809 1606 846 Quid
1623 811 1690 852 agi-

229 875 308 902 mus,
335 863 537 895 Alcibiades?
561 863 603 893 ita
630 873 687 893 nec
715 862 871 904 loquimur
896 861 1063 903 quicquam
1089 870 1181 901 super
1205 859 1334 891 calicem
1350 871 1452 902 neque
1467 862 1620 904 canimus,
1633 865 1688 895 sed

232 917 321 960 quasi
337 917 478 948 sitientes
493 915 739 958 ingurgitamus?
784 913 838 945 Ad
865 924 958 955 quem
983 913 1182 945 Alcibiades:
1208 913 1311 950 Salve,
1327 914 1444 954 optime
1469 915 1688 958 Eryximaclie,

233 971 355 1012 optimo
368 975 401 1001 et
415 970 497 1011 frugi
513 969 681 1001 admodum
706 973 794 1010 patre
821 972 905 1000 nate.
951 967 994 998 Et
1018 972 1051 998 tu
1072 967 1169 1004 salve,
1193 966 1419 1008 Eryximaohus
1434 968 1501 1009 ipse
1516 969 1687 1012 subjunxit.

228 1034 333 1055 verum
357 1023 434 1065 quid
459 1022 549 1054 nobis
570 1022 747 1064 agendum?
792 1019 877 1052 ALc.
900 1020 996 1058 Quod
1024 1026 1057 1051 tu
1085 1019 1277 1061 praeceperis.
1300 1020 1355 1052 tibi
1371 1022 1497 1063 quidem
1514 1025 1685 1066 parendum

227 1081 286 1109 est.
337 1077 397 1109 Vir
410 1077 547 1109 medicus
560 1076 669 1107 multis
692 1074 766 1106 aliis
786 1074 964 1115 aequabitur·
979 1084 1069 1106 unus.
1114 1073 1239 1115 Impera
1260 1083 1345 1116 ergo,
1361 1076 1572 1119 quodcunque
1588 1078 1686 1111 lubet.

227 1131 318 1163 ERY.
342 1130 429 1161 Audi
441 1130 520 1171 jam.
565 1129 745 1170 Antequam
764 1118 979 1169 ingredereris,
995 1128 1094 1158 visum
1109 1127 1169 1158 fuit
1194 1129 1234 1159 ab
1260 1132 1450 1171 unoquoque
1474 1131 1685 1172 praesentium‚

228 1185 267 1216 ad
284 1186 439 1216 dexteram
456 1183 605 1225 deinceps
616 1182 761 1213 Amorem
777 1192 834 1224 pro
850 1182 967 1223 ingenii
983 1182 1132 1213 facultate
1148 1182 1350 1215 laudandum.
1396 1183 1465 1214 Nos
1481 1185 1608 1225 quidem
1623 1185 1687 1216 sin-

230 1238 295 1281 guli
310 1237 444 1269 diximus
461 1250 467 1267 z
495 1242 526 1267 tu
544 1247 682 1278 quoque,
698 1246 769 1267 cum
791 1246 854 1266 non
878 1235 1001 1272 dixeris,
1017 1235 1130 1266 biberis
1154 1241 1269 1273 autem,
1281 1235 1352 1276 jure
1374 1236 1478 1267 dicere
1501 1238 1619 1269 debes:
1644 1244 1688 1277 et,

231 1304 302 1325 cum
318 1291 442 1327 dixeris,
459 1296 523 1321 tum
549 1291 674 1321 demum
700 1290 834 1326 Socrati,
859 1289 1008 1331 quicquid
1027 1289 1170 1326 volueris,
1196 1291 1383 1331 imperabis:
1407 1292 1549 1323 Socrates
1563 1303 1690 1334 quoque

226 1346 286 1382 illi,
302 1346 355 1388 qui
371 1345 409 1376 ad
425 1346 582 1376 dexteram
598 1344 752 1381 succedit,
768 1344 919 1380 similiter,
932 1343 1089 1385 ceterique
1102 1343 1263 1385 deinceps.
1308 1344 1392 1377 ALc.
1417 1345 1567 1378 Praeclare
1579 1347 1689 1389 loque-

227 1400 279 1440 ris,
294 1398 511 1442 Eryximacbe,
528 1398 582 1429 sed
597 1408 661 1428 non
678 1407 769 1438 aequa
784 1398 863 1428 ratio
880 1397 976 1427 videri
993 1397 1099 1437 debet,
1117 1402 1152 1427 ut
1163 1397 1265 1428 ebrius
1281 1408 1351 1429 curn
1365 1399 1533 1430 sobriorum
1549 1401 1688 1432 oratione

227 1454 320 1484 verba
334 1463 391 1483 sua
404 1451 556 1483 conferat.
579 1451 647 1492 scd,
664 1462 683 1482 o
699 1452 789 1482 beate
805 1451 862 1491 vir,
878 1451 1070 1492 persuasitne
1085 1450 1143 1481 tibi
1160 1451 1301 1483 Socrates
1312 1451 1479 1493 quicquam
1494 1464 1531 1484 ex
1546 1454 1605 1496 his,
1616 1465 1687 1496 quae

229 1507 324 1549 paulo
341 1510 413 1537 ante
428 1504 562 1536 narravit
575 1505 586 1535 ?
611 1504 658 1535 vel
676 1505 735 1536 scis
751 1509 858 1535 contra
867 1515 934 1535 esse
947 1502 1074 1535 omnino
1088 1504 1099 1535 ?
1144 1504 1176 1535 H
1181 1505 1208 1536 ic
1222 1505 1318 1542 enim,
1336 1506 1361 1536 si
1376 1517 1414 1537 eo
1428 1512 1578 1548 praesente
1591 1519 1690 1550 quen·

227 1570 321 1601 quam
337 1559 515 1594 laudavero,
532 1558 580 1590 vel
596 1558 701 1590 Deum
717 1558 766 1589 vel
787 1558 944 1589 hominem
961 1557 1055 1589 alium
1071 1568 1164 1599 quam
1181 1559 1264 1590 hunc
1280 1559 1393 1600 ipsum,
1409 1570 1518 1591 manus
1535 1572 1598 1592 non
1613 1572 1691 1593 con-

230 1613 354 1644 tinebit.
399 1613 456 1644 So.
479 1612 572 1643 Bona
587 1612 680 1643 verba
696 1622 814 1654 quaeso.
859 1611 941 1643 ALc.
963 1611 1051 1642 Nihil
1067 1613 1106 1642 ad
1120 1613 1186 1643 haec
1202 1612 1287 1643 dicas
1302 1625 1309 1643 :
1329 1623 1382 1654 per
1394 1613 1578 1655 Neptunum
1594 1616 1692 1647 nerni-

228 1678 299 1697 nem
315 1667 421 1703 alium,
437 1671 467 1697 te
483 1669 648 1708 praesente,
664 1665 828 1696 laudarim.
872 1665 962 1696 ERY.
984 1665 1036 1697 Sic
1052 1666 1207 1707 agendum
1225 1666 1356 1703 videtur,
1372 1672 1405 1698 et
1419 1667 1443 1698 si
1459 1667 1516 1704 vis,
1531 1668 1686 1700 Socratem

229 1720 333 1751 lauda.
378 1719 462 1752 Asc.
486 1719 574 1756 Quid
598 1718 667 1750 ais?
690 1725 833 1760 oportere
848 1719 980 1756 videtur,
997 1719 1216 1761 Eryximache,
1232 1720 1316 1750 hunc
1340 1721 1436 1751 virum
1460 1721 1631 1763 aggrediar,
1658 1727 1691 1754 et

229 1783 332 1804 coram
348 1773 434 1804 vobis
458 1772 612 1804 ulciscar?
658 1773 714 1805 So.
737 1772 825 1810 Quid
851 1772 998 1814 cogitas?
1020 1773 1060 1803 de
1087 1772 1226 1804 ridiculis
1252 1774 1437 1815 quibusdam
1463 1786 1511 1806 me
1526 1775 1692 1808 laudabis?

228 1837 268 1858 an
281 1826 357 1868 quid
373 1827 470 1868 ages?
515 1825 598 1857 ALc.
622 1826 706 1858 Vera
720 1826 840 1868 loquar.
861 1826 1081 1867 permittisne?
1127 1826 1182 1859 So.
1205 1826 1287 1858 Vera
1298 1828 1423 1869 quidem
1437 1828 1523 1870 loqui
1533 1830 1693 1871 permitto,

232 1891 270 1912 ac
282 1880 376 1911 etiam
387 1879 498 1921 jubeo.
542 1879 629 1912 Am.
654 1879 775 1911 Parebo
792 1890 885 1922 quam
901 1879 1115 1918 libentissime,
1132 1881 1225 1912 modo
1241 1881 1271 1911 id
1288 1881 1410 1922 assequi
1425 1882 1552 1923 possim.
1583 1894 1689 1915 verum

234 1938 268 1965 tu
284 1934 426 1974 observa,
437 1939 480 1971 et,
497 1933 523 1964 si
547 1933 624 1975 quid
652 1933 754 1964 minus
769 1944 874 1964 verum
892 1933 1002 1971 refero,
1017 1934 1194 1976 interpella,
1209 1939 1245 1965 ut
1259 1935 1356 1972 lubet,
1371 1936 1628 1978 mendaciumque
1643 1948 1690 1969 re-

231 1988 360 2029 dargue,
384 1986 480 2029 [215]
506 1997 665 2029 nunquam
682 1988 764 2019 enim
791 1993 904 2029 sponte
931 1989 1073 2019 mentiar.
1118 1988 1233 2030 Neque
1250 1988 1378 2026 mireris,
1393 1989 1419 2020 si
1442 1989 1526 2021 aliud
1551 1991 1690 2028 aliunde,

229 2046 390 2082 utcunque
405 2042 486 2072 redit
497 2041 530 2071 in
542 2041 733 2078 memoriam,
748 2041 876 2082 colligo.
899 2051 970 2071 nam
987 2042 1069 2072 haud
1086 2042 1179 2073 facile
1192 2046 1241 2073 est
1254 2043 1371 2073 homini
1389 2043 1432 2074 sic
1448 2043 1574 2080 affecto,
1599 2045 1691 2075 miros

227 2099 299 2125 tuos
315 2104 414 2126 mores
429 2094 563 2126 facunde
578 2099 728 2136 certoque
744 2095 852 2126 ordine
874 2105 1044 2126 numerare.
1088 2095 1259 2132 Socratem,
1277 2107 1296 2126 o
1312 2096 1367 2126 viri
1383 2097 1534 2138 convivae,
1550 2097 1691 2138 perima-

226 2149 314 2189 gines
338 2148 465 2179 laudare
491 2149 640 2181 conabor.
684 2148 749 2179 Iste
771 2148 865 2190 igitur
889 2148 969 2179 forte
993 2149 1211 2190 suspicabitur,
1237 2159 1277 2180 ne
1300 2150 1339 2180 ad
1366 2150 1495 2181 ridicula
1519 2161 1691 2183 sermonem

227 2206 417 2234 convertam.
441 2207 579 2232 sumetur
593 2207 697 2232 autern
714 2202 828 2243 imago,
846 2202 921 2242 veri,
934 2213 996 2233 non
1013 2202 1136 2233 ridiculi
1152 2203 1261 2244 gratia.
1306 2203 1464 2234 Socratem
1477 2214 1578 2235 assero
1594 2205 1691 2246 persi-

229 2255 333 2286 milem
349 2255 462 2286 Silenis
476 2255 556 2296 istis,
570 2255 623 2297 qui
641 2256 786 2286 sedentes
802 2255 881 2286 inter
894 2255 972 2286 alias
986 2255 1138 2297 imagines
1153 2266 1172 2287 a
1187 2256 1395 2299 sculptoribus
1406 2257 1587 2298 figurantur,
1602 2258 1646 2289 ita
1659 2263 1693 2289 ut

229 2309 348 2340 fistulas
374 2308 503 2339 tibiasve
532 2313 681 2340 teneant:
707 2309 761 2350 qui
786 2308 810 2339 si
835 2309 974 2341 bifariam
992 2309 1183 2347 dividantur,
1200 2310 1395 2352 reperiuntur
1419 2312 1501 2342 intus
1525 2311 1691 2353 imaginem

230 2362 344 2393 habere
359 2362 512 2393 Deorum.
557 2363 670 2405 Satyro
695 2374 820 2405 quoque
843 2363 981 2406 Marsyae
1007 2363 1137 2395 similem
1165 2375 1232 2395 esse
1258 2364 1340 2396 dico.
1384 2364 1425 2395 Et
1450 2366 1536 2407 quod
1562 2372 1692 2407 aspectu

229 2415 357 2457 quidem
381 2415 429 2446 his
455 2426 488 2447 es
507 2416 684 2458 persimilis,
706 2427 746 2448 ne
771 2422 804 2447 tu
831 2417 972 2459 quidem,
989 2428 1008 2449 o
1031 2417 1186 2455 Socrates,
1202 2418 1341 2459 negabis,
1367 2419 1452 2460 quod
1470 2430 1541 2450 vero
1567 2419 1598 2450 in
1622 2421 1691 2451 aliis

230 2479 357 2510 quoque
373 2468 606 2501 similitudinem
623 2481 727 2502 eorum
751 2471 857 2511 habes,
871 2471 1021 2513 deinceps
1040 2471 1107 2512 jam
1133 2472 1219 2504 audi.
1264 2472 1382 2503 Procax
1403 2478 1435 2503 et
1449 2474 1691 2505 contumeliosus

227 2532 272 2554 es.
295 2533 336 2553 an
351 2522 440 2553 non?
463 2522 489 2553 si
503 2533 567 2554 non
581 2523 699 2561 fateris,
713 2524 861 2566 equidem
886 2528 980 2555 testes
1004 2524 1170 2556 adducam.
1215 2524 1269 2555 An
1284 2535 1348 2555 non
1364 2524 1480 2557 tibicen
1494 2526 1506 2557 ?
1529 2531 1561 2557 et
1577 2526 1690 2558 tibicen

231 2575 360 2617 quidem
378 2575 510 2618 Marsya
535 2575 629 2618 longe
645 2578 863 2619 praestantior?
886 2577 941 2609 ille
958 2578 1041 2609 enim
1057 2579 1268 2610 instrumentis
1282 2576 1467 2620 quibusdam
1482 2579 1622 2611 homines
1637 2581 1692 2611 de-

235 2629 393 2661 mulcebat
409 2630 469 2660 oris
483 2630 625 2671 potentia
640 2642 647 2661 ε
672 2636 705 2662 et
718 2641 802 2662 nunc
822 2632 929 2668 etiam,
945 2632 972 2663 si
998 2631 1068 2674 quis
1084 2632 1296 2663 modulatione
1312 2633 1393 2663 illius
1409 2633 1516 2666 utitur.
1539 2644 1609 2664 nam
1624 2634 1692 2671 illa,

230 2693 303 2724 quae
326 2682 483 2724 Olympus
497 2683 675 2714 modulatus
691 2689 752 2721 est,
767 2685 942 2728 Marsyam,
958 2685 1014 2727 qui
1027 2685 1147 2721 docuit,
1162 2685 1355 2717 modulatum
1379 2686 1462 2718 dico.
1506 2686 1583 2727 Ejus
1598 2686 1693 2727 igitur

230 2736 390 2767 harmonia
417 2746 472 2767 scu
488 2735 533 2766 vir
547 2736 675 2778 quidam
698 2738 778 2769 bene
800 2748 854 2769 seu
877 2738 994 2770 femina
1021 2739 1101 2770 male
1126 2744 1243 2779 utatur,
1263 2740 1330 2771 sola
1350 2740 1471 2771 animos
1494 2741 1630 2777 attrahit,
1645 2746 1690 2774 et,

229 2790 303 2832 qnia
318 2790 427 2821 divina
441 2794 499 2826 est,
510 2791 664 2830 ostendit,
680 2791 807 2832 quinam
832 2792 906 2823 Diis
931 2792 1148 2834 mysteriisque
1172 2793 1346 2836 indigeant.
1387 2794 1434 2824 Tu
1459 2798 1562 2824 autem
1583 2793 1614 2823 in
1631 2794 1690 2825 hoc

226 2845 380 2875 duntaxat
394 2843 500 2874 differs
515 2843 554 2874 ab
570 2843 638 2881 illo,
654 2845 740 2886 quod
763 2845 831 2876 sine
853 2845 918 2876 ullo
941 2846 1148 2878 instrumento
1165 2848 1258 2878 nudis
1272 2848 1398 2889 quidem
1415 2847 1514 2877 verbis
1531 2848 1589 2878 hoc
1605 2847 1687 2878 idem

230 2898 357 2928 efficias.
401 2897 433 2928 N
435 2907 469 2928 os
484 2902 579 2935 certe,
595 2899 741 2939 quotiens
756 2899 852 2929 alium
869 2899 1013 2931 audimus
1027 2899 1153 2931 alterius
1169 2901 1262 2932 verba
1277 2901 1472 2941 referentem,
1486 2900 1543 2931 etsi
1559 2901 1686 2932 ninnium

230 2952 302 2982 boui
318 2951 458 2991 oratoris,
475 2955 577 2983 tamen
604 2952 732 2995 nullius,
749 2958 783 2993 ut
798 2953 843 2984 ita
859 2954 998 2992 dixerim,
1013 2953 1068 2986 illa
1091 2954 1232 2988 facimus.
1257 2959 1289 2986 at
1304 2964 1373 2990 cum
1391 2959 1420 2984 te
1437 2953 1504 2995 quis
1521 2953 1620 2996 audit,
1634 2961 1689 2986 aut
