1846 3268
201 279 272 332 75]
819 275 1037 316 PHAEDO.
1576 277 1653 316 437

199 382 267 425 jam
283 381 525 415 tradiderimus?
567 380 646 413 Sur.
669 379 721 412 Ita
734 384 830 413 certe.
874 380 930 414 So,
953 380 1039 418 Quid
1064 379 1158 412 voro?
1181 379 1390 422 contingitne,
1411 383 1457 418 ut,
1473 380 1528 423 qui
1542 390 1658 423 equum

202 437 322 479 pictum
353 436 466 468 viderit
500 430 679 477 pictamque
715 434 827 477 lyram,
862 434 1075 466 reminiscatur
1108 434 1267 466 hominis?
1299 438 1394 476 atque
1429 444 1500 466 cum
1536 435 1656 477 pictum

201 490 358 533 aspexerit
384 489 556 528 Simmiam,
585 489 691 520 veniat
718 488 766 520 illi
793 489 826 519 in
853 493 988 520 mentem
1014 493 1047 519 et
1083 488 1208 520 Cebes?
1251 488 1331 521 Suu.
1353 488 1405 520 Sic
1435 488 1555 531 utique.
1598 489 1658 521 So.

205 542 322 575 Nonne
336 543 441 575 evenit
455 543 561 581 etiam,
577 547 623 580 ut,
639 542 695 585 qui
717 541 875 574 Simmiam
900 541 1070 583 inspexerit
1095 541 1224 583 pictum,
1245 541 1342 583 ipsius
1369 550 1494 583 quoque
1521 539 1659 572 Simmiae

202 597 405 629 recordetur?
448 597 528 630 Sin.
552 596 627 640 [74]
652 596 768 628 Evenit
791 601 886 628 certe.
929 595 988 628 So.
1013 594 1065 626 An
1081 605 1144 626 non
1165 595 1336 627 secundum
1358 595 1427 626 haec
1449 594 1555 627 omnia
1582 605 1658 626 con-

206 650 312 692 tingit,
327 656 394 682 tum
410 661 428 682 a
445 650 608 688 similibus,
624 656 690 682 tum
705 661 724 682 a
739 649 941 682 dissimilibus
961 649 1218 680 reminiscentiam
1243 649 1428 690 provenire?
1471 648 1550 682 Sm.
1572 649 1659 681 Con-

202 704 308 746 tingit.
348 705 405 738 So.
430 705 545 737 Verum
562 705 707 748 quotiens
722 715 741 736 a
756 703 906 735 similibus
921 703 1076 745 quispiam
1099 703 1318 739 reminiscitur.
1338 713 1378 734 an
1393 713 1458 734 non
1471 713 1598 735 necesse
1613 709 1662 735 est

202 757 236 789 id
251 758 381 800 insuper
395 758 580 800 intelligere,
607 764 708 790 utrum
724 758 850 790 deficiat
864 757 924 788 hoc
952 757 1122 788 secundum
1146 757 1392 798 similitudinem,
1416 767 1528 797 necne,
1543 758 1582 788 ab
1603 757 1660 789 illo

203 810 294 853 cujus
310 812 441 853 repetita
455 812 601 843 memoria
615 813 686 844 est?
732 811 812 845 Sim.
835 810 973 843 Necesse
996 816 1054 843 est.
1099 811 1156 842 So.
1180 810 1321 842 Attende
1335 821 1422 851 sane,
1436 811 1579 853 nunquid
1595 812 1662 842 haec

204 865 250 896 ita
264 875 298 897 se
312 866 460 898 habeant.
483 866 616 898 dicimus
632 866 750 908 aliquid
767 876 833 897 esse
850 864 994 908 aequale?
1010 875 1074 896 non
1082 865 1154 896 dico
1165 865 1283 907 lignum
1295 865 1393 907 ligno,
1409 875 1511 906 neque
1525 865 1661 906 lapidem

205 919 318 962 lapidi,
334 930 438 961 neque
450 921 535 952 aliud
548 920 702 962 ejusmodi
714 920 895 962 quicquam,
906 919 960 950 sed
974 923 1084 960 praeter
1093 919 1160 950 haec
1171 918 1275 950 omnia
1285 918 1368 949 aliud
1381 919 1530 960 quiddam
1543 918 1665 960 aequale

206 973 309 1015 ipsum
332 973 507 1005 dicimusne
532 974 650 1015 aliquid
677 985 757 1012 csse,
778 984 818 1005 an
835 973 936 1004 nihil?
980 973 1060 1005 Srm.
1083 972 1238 1009 Dicimus,
1263 982 1319 1014 per
1332 973 1465 1011 Jovem3
1487 978 1520 1004 et
1535 973 1663 1014 quidem

209 1026 348 1059 mirifice.
382 1028 438 1059 So.
463 1027 514 1059 An
531 1028 643 1059 scimus
662 1033 694 1058 et
709 1027 822 1069 ipsum,
838 1025 924 1068 quod
940 1031 988 1057 est
1001 1025 1120 1067 aequale
1134 1026 1145 1057 ?
1182 1026 1260 1058 Suu.
1284 1025 1422 1056 Omnino
1436 1026 1574 1067 quidem.
1606 1027 1663 1058 So.

209 1079 375 1112 Undenam
390 1081 552 1112 scientiam
568 1081 636 1123 ejus
652 1080 853 1124 accepimus?
876 1091 916 1111 an
940 1091 1003 1111 non
1018 1091 1055 1111 ex
1074 1080 1133 1117 his,
1149 1090 1220 1122 quas
1238 1080 1332 1111 modo
1347 1079 1492 1117 diximus,
1519 1080 1666 1111 videlicet

208 1133 383 1175 conspicati
397 1134 446 1166 vel
460 1134 546 1176 ligna
561 1135 609 1166 vel
626 1145 699 1166 saxa
714 1134 763 1166 vel
788 1133 848 1165 alia
863 1134 1006 1176 quaedam
1028 1134 1172 1176 aequalia,
1194 1144 1232 1165 ex
1255 1134 1303 1165 his
1317 1133 1395 1165 illud
1410 1134 1665 1175 excogitavimus,

209 1188 295 1228 quod
312 1187 396 1219 aliud
411 1195 458 1220 est
471 1199 563 1231 quam
579 1189 670 1220 haec?
693 1199 732 1220 an
749 1199 813 1220 non
829 1188 914 1219 aliud
930 1188 1079 1230 quiddam
1096 1188 1250 1229 apparet?
1288 1188 1460 1220 Considera
1473 1199 1546 1220 vero
1561 1193 1593 1220 et
1602 1189 1662 1220 hoc

209 1245 315 1282 pacto.
336 1251 442 1274 nonne
458 1253 528 1273 saxa
545 1242 593 1273 vel
606 1242 691 1282 ligna
707 1242 850 1284 aequalia,
861 1243 935 1273 dum
947 1242 1055 1272 eadem
1066 1247 1151 1279 sunt,
1164 1242 1239 1273 alias
1251 1241 1394 1284 aequalia,
1410 1242 1485 1273 alias
1497 1242 1664 1284 inaequalia

209 1294 300 1326 nobis
314 1297 487 1336 apparent?
519 1295 598 1329 Sim.
622 1296 764 1328 Penitus.
796 1296 852 1328 So.
877 1295 963 1333 Quid
977 1301 1079 1326 autem
1093 1295 1104 1326 ἰ
1126 1295 1194 1337 ipsa
1209 1295 1340 1336 aequalia
1355 1300 1486 1337 possunt
1499 1295 1667 1337 inaequalia

209 1347 268 1378 tibi
284 1347 404 1380 videri?
428 1349 475 1380 vel
493 1350 666 1392 aequalitas,
679 1349 899 1391 inaequalitas?
944 1349 1023 1380 Sim.
1045 1348 1228 1390 Nunquam,
1242 1349 1425 1380 oSocrates.
1467 1349 1523 1381 So.
1547 1348 1667 1387 Quam-

209 1401 314 1432 obrem
329 1413 393 1433 non
417 1403 499 1434 idem
515 1409 588 1434 sunt
610 1404 677 1435 haec
694 1403 827 1444 aequalia
851 1407 946 1444 atque
962 1402 1065 1443 ipsum
1081 1402 1212 1444 aequale.
1257 1403 1336 1434 Sim.
1360 1401 1457 1433 Nullo
1473 1403 1567 1433 modo
1582 1402 1665 1434 idern

210 1454 286 1485 milii
299 1461 462 1496 apparent,
478 1466 496 1487 ο
512 1456 664 1488 Socrates.
708 1456 767 1487 So.
790 1455 1001 1487 Veruntamen
1016 1455 1054 1487 ab
1071 1456 1119 1487 his
1133 1455 1318 1497 aequalibus,
1332 1467 1402 1498 quae
1415 1455 1476 1487 alia
1486 1461 1559 1487 sunt
1573 1467 1666 1499 quam

208 1506 312 1549 ipsum
336 1508 413 1540 illud
441 1510 575 1551 aequale,
601 1509 700 1552 ipsius
726 1509 816 1541 simul
844 1509 1028 1551 excogitasti
1057 1509 1218 1541 scientiam
1245 1515 1339 1551 atque
1364 1509 1544 1552 percepisti.
1586 1510 1666 1542 Sim.

208 1560 379 1593 Verissima
406 1562 551 1605 loqueris.
597 1564 654 1596 So.
675 1564 728 1596 An
757 1574 831 1601 non,
854 1564 919 1595 sive
948 1564 1049 1595 simile
1076 1564 1182 1606 ipsum
1207 1563 1248 1595 sit
1275 1564 1340 1594 sive
1370 1564 1545 1595 dissimile?
1589 1563 1669 1597 Sim.

211 1614 363 1648 Omnino.
407 1616 463 1648 So.
486 1616 576 1648 Nihil
603 1627 677 1649 sane
703 1618 806 1649 refert.
829 1623 983 1660 quatenus
1006 1617 1089 1649 enim
1114 1617 1199 1648 aliud
1224 1617 1434 1659 conspicatus,
1458 1628 1495 1648 ex
1519 1618 1578 1649 hac
1598 1617 1670 1659 ipsa

211 1670 429 1712 perspectione
445 1670 531 1702 aliud
547 1671 746 1708 intellexeris,
770 1673 835 1703 sive
858 1672 958 1703 simile
973 1671 1038 1703 sive
1053 1671 1213 1709 dissimile,
1235 1681 1362 1703 necesse
1381 1676 1428 1702 est
1442 1671 1515 1703 hinc
1530 1671 1670 1702 reminis-

211 1723 347 1754 centiam
375 1724 550 1765 provenire.
596 1725 677 1758 Sur.
699 1724 741 1756 Et
757 1726 889 1758 maxime
915 1726 1054 1767 quidem.
1097 1725 1152 1756 So.
1175 1725 1262 1762 Quid
1278 1735 1349 1756 vero
1364 1725 1404 1756 ad
1419 1725 1475 1756 id?
1499 1735 1538 1756 an
1553 1725 1597 1756 sic
1613 1735 1671 1756 nos

211 1777 363 1809 habemus
379 1778 462 1810 circa
476 1789 525 1816 ea,
549 1789 620 1821 quae
637 1783 711 1811 sunt
724 1779 757 1811 in
772 1780 832 1817 his,
847 1790 919 1821 quae
935 1779 1030 1811 modo
1045 1779 1237 1816 dicebamus,
1253 1778 1397 1821 nequalia,
1408 1779 1510 1820 lignis,
1527 1778 1672 1820 saxisque

213 1835 247 1862 et
261 1831 352 1863 aliis?
374 1832 560 1864 videnturne
585 1833 629 1865 ita
653 1834 786 1875 aequalia
811 1834 879 1866 haec
895 1843 976 1871 esse,
991 1837 1027 1865 ut
1041 1833 1154 1874 ipsum,
1170 1833 1255 1875 quod
1271 1837 1319 1863 est
1341 1832 1485 1874 aequale?
1508 1842 1547 1863 an
1563 1833 1672 1864 deesse

211 1885 318 1927 potius
333 1885 466 1928 aliquid,
481 1896 543 1928 quo
559 1886 660 1917 minus
677 1887 752 1918 talia
768 1887 842 1929 sint,
857 1887 950 1928 quale
964 1891 1012 1918 est
1027 1886 1147 1928 aequale
1161 1886 1275 1927 ipsum,
1290 1894 1330 1917 an
1344 1885 1421 1917 nibil
1435 1886 1447 1917 ?
1490 1885 1569 1919 Sm.
1592 1886 1670 1917 Per-

211 1938 344 1970 multum
359 1944 442 1972 certe
458 1940 557 1971 deest.
601 1940 656 1972 So.
679 1940 795 1972 Nonne
811 1941 994 1971 confitemur
1009 1952 1016 1971 :
1034 1941 1161 1982 quando
1175 1940 1244 1983 quis
1258 1940 1376 1982 aliquid
1386 1940 1512 1972 intuens
1528 1940 1669 1971 animad-

212 1997 325 2035 vertat,
340 1998 488 2035 appetere
504 1993 631 2036 quidem
657 1995 729 2032 hoc,
744 1995 829 2036 quod
853 1994 887 2025 in
903 1995 1068 2036 praesentia
1092 1994 1188 2031 videt,
1212 2004 1279 2025 esse
1305 1994 1379 2031 tale,
1403 1993 1497 2036 quale
1518 1995 1669 2036 quiddam

213 2045 299 2078 aliud
314 2057 352 2078 ex
365 2046 412 2078 his
427 2057 497 2088 quae
511 2053 584 2078 sunt
597 2058 607 2087 ς
628 2058 733 2079 verum
749 2048 894 2086 deficere,
906 2058 1010 2090 neque
1023 2058 1114 2090 posse
1127 2047 1189 2078 tale
1200 2058 1267 2079 esse
1283 2047 1414 2090 aequale,
1423 2048 1516 2090 quale
1527 2048 1568 2079 sit
1577 2048 1670 2086 illud,

214 2101 269 2131 sed
285 2100 421 2132 deterius
434 2112 520 2141 esse;
543 2111 649 2133 nonne
663 2112 790 2133 necesse
806 2107 852 2133 est
868 2113 952 2138 eum,
968 2103 1022 2144 qui
1046 2101 1275 2138 animadvertit,
1290 2106 1362 2132 ante
1381 2101 1564 2142 cognovisse
1579 2101 1674 2139 illud,

215 2154 266 2186 cui
282 2154 361 2186 dicit
375 2155 435 2186 hoc
451 2155 684 2197 quodammodo
700 2155 798 2186 simile
814 2155 892 2192 fieri,
908 2155 963 2186 sed
978 2156 1020 2186 ad
1035 2155 1159 2196 plenam
1176 2154 1408 2186 similitudinem
1422 2165 1485 2185 non
1500 2155 1673 2186 accedere?

216 2208 297 2239 Suri.
317 2208 457 2240 Necesse
483 2214 540 2240 est.
584 2209 642 2242 So.
665 2209 752 2247 Quid
781 2209 878 2250 ergo?
901 2209 1003 2240 talene
1029 2209 1148 2251 aliquid
1173 2209 1329 2250 contingit
1355 2213 1388 2239 et
1412 2207 1516 2246 nobis,
1539 2218 1599 2240 nec
1620 2219 1674 2245 ne,

216 2262 299 2294 circa
313 2262 445 2304 aequalia
461 2263 624 2305 ipsumque
645 2262 790 2304 aequale?
833 2263 911 2294 Snu-
935 2261 1039 2300 Quam
1064 2262 1242 2304 plurimum.
1285 2263 1342 2294 So.
1365 2261 1502 2293 Necesse
1526 2267 1574 2293 est
1588 2272 1675 2303 erge,

216 2326 275 2347 nos
298 2316 426 2358 aequalis
454 2316 552 2357 ipsius
581 2316 742 2347 scientiam
768 2321 842 2349 ante
871 2316 948 2347 illud
977 2321 1102 2358 tempus
1126 2316 1281 2353 habuisse,
1297 2316 1373 2359 [75]
1391 2315 1421 2346 in
1449 2326 1512 2357 quo
1538 2315 1670 2358 primum

215 2369 358 2402 videntes
384 2369 528 2412 aequalia,
556 2371 738 2411 agnovimus
764 2370 871 2402 conari
901 2370 1029 2412 quidem
1054 2370 1122 2401 haec
1155 2369 1261 2400 omnia
1289 2369 1363 2400 talia
1401 2370 1543 2407 evadere,
1579 2368 1673 2410 quale

218 2428 267 2454 est
280 2422 393 2464 ipsum.
409 2427 546 2454 attamen
571 2433 590 2454 a
605 2423 798 2465 perfectione
813 2424 910 2466 ipsius
932 2424 1051 2456 abesse.
1094 2424 1172 2456 Sim.
1195 2423 1245 2454 Ita
1259 2428 1317 2455 est.
1362 2423 1418 2455 So.
1442 2422 1540 2465 Atqui
1566 2428 1598 2454 et
1615 2423 1674 2454 hoc

216 2476 412 2514 confitemur,
427 2486 484 2507 nos
497 2487 601 2518 neque
623 2477 750 2509 aliunde
772 2478 805 2509 id
829 2478 991 2520 agnovisse
1014 2487 1123 2520 neque
1146 2487 1314 2518 agnoscere
1329 2487 1431 2518 posse,
1447 2487 1539 2519 quam
1555 2487 1593 2507 ex
1608 2476 1675 2506 visu

219 2529 270 2560 vel
286 2535 372 2561 tactu
387 2529 436 2561 vel
453 2530 514 2561 alio
529 2531 664 2572 quodam
689 2541 793 2562 sensu.
817 2531 957 2563 similiter
971 2531 1054 2563 enim
1071 2532 1111 2562 de
1126 2530 1174 2561 his
1198 2529 1341 2561 omnibus
1354 2529 1477 2571 judico.
1522 2530 1602 2561 Sin.
1623 2529 1674 2561 Si-

219 2582 346 2620 militer,
361 2594 380 2614 ο
396 2583 551 2625 Socrates,
573 2584 613 2614 ad
635 2583 668 2614 id
684 2595 717 2615 se
741 2584 871 2625 habent,
892 2585 934 2615 de
949 2594 1012 2626 quo
1035 2584 1149 2626 agitur,
1170 2584 1411 2615 ostendendum.
1455 2584 1511 2615 So.
1533 2583 1631 2625 Atqui
1654 2593 1673 2614 a

221 2636 363 2668 sensibus
377 2637 504 2679 quidem
519 2636 707 2668 intellexisse
724 2643 857 2678 oportet,
873 2638 989 2675 omnia,
1003 2649 1074 2680 quae
1086 2637 1227 2679 subjecta
1238 2643 1311 2669 sunt
1321 2637 1474 2677 sensibus,
1490 2637 1578 2674 illud,
1590 2637 1676 2678 quod

221 2694 269 2720 est
283 2689 415 2731 aequale,
438 2695 598 2731 appetere,
625 2691 764 2733 quamvis
786 2692 888 2733 ipsum
915 2702 979 2722 non
1001 2697 1213 2733 assequantur.
1235 2701 1274 2722 an
1298 2691 1387 2722 aliter
1399 2691 1554 2722 dicimus?
1597 2691 1678 2722 Suer-

222 2743 318 2774 Haud
334 2743 434 2775 aliter.
478 2744 534 2775 So.
557 2743 643 2775 Ante
668 2745 764 2787 enim,
786 2756 879 2786 quam
903 2746 1110 2786 inciperemus
1135 2746 1238 2777 videre
1260 2751 1315 2776 aut
1344 2745 1451 2776 audire
1479 2745 1608 2786 aliisque
1631 2744 1678 2776 uti

222 2797 376 2838 sensibus,
389 2797 527 2838 oportuit
541 2808 598 2828 nos
613 2798 740 2840 aequalis
755 2798 853 2840 ipsius
866 2799 1028 2830 scientiam
1043 2799 1229 2840 possedisse,
1245 2799 1392 2830 videlicet
1407 2799 1482 2840 quid
1499 2798 1599 2839 ipsum
1615 2798 1672 2830 sit:

222 2850 357 2881 simodo
373 2850 507 2891 aequalia
531 2851 611 2888 haec,
627 2861 698 2893 quae
724 2853 863 2883 sensibus
886 2852 1061 2893 subjacent,
1083 2853 1123 2883 ad
1143 2852 1245 2894 ipsum
1269 2853 1348 2884 adeo
1369 2852 1490 2883 relaturi
1513 2852 1619 2889 simus,
1643 2861 1679 2886 ut

218 2903 396 2945 judicemus
411 2903 510 2935 anniti
531 2905 657 2946 quidem
683 2906 750 2937 haec
773 2906 877 2937 omnia
892 2905 976 2942 talia,
999 2905 1092 2946 quale
1113 2906 1214 2947 ipsum
1239 2912 1297 2943 est,
1319 2906 1460 2942 evadere,
1475 2911 1676 2937 veruntamen

228 2957 383 2990 deteriora
409 2958 556 3000 relinqui.
601 2958 679 2991 Sur.
703 2958 884 2991 Necessario
907 2971 945 2992 ex
968 2959 1186 3002 superioribus,
1212 2971 1231 2992 o
1258 2960 1412 3001 Socrates,
1435 2959 1582 3001 sequitur.
1625 2959 1682 2990 So.
