<?xml version="1.0" encoding="UTF-8"?>
<!DOCTYPE html PUBLIC "-//W3C//DTD XHTML 1.0 Transitional//EN"
    "http://www.w3.org/TR/xhtml1/DTD/xhtml1-transitional.dtd">
<html xmlns="http://www.w3.org/1999/xhtml" xml:lang="en" lang="en">
 <head>
  <title>
</title>
<meta http-equiv="Content-Type" content="text/html;charset=utf-8" />
  <meta name='ocr-system' content='tesseract 3.04.00' />
  <meta name='ocr-capabilities' content='ocr_page ocr_carea ocr_par ocr_line ocrx_word'/>
</head>
<body>
  <div class='ocr_page' id='page_1' title='image "./platonisetquaeve10plat_0048.png"; bbox 0 0 1832 3256; ppageno 0'>
   <div class='ocr_carea' id='block_1_1' title="bbox 199 227 1660 281">
    <p class='ocr_par' dir='ltr' id='par_1_1' title="bbox 199 227 1660 281">
     <span class='ocr_line' id='line_1_1' title="bbox 199 227 1660 281; baseline -0.003 -9"><span class='ocrx_word' id='word_1_1' title='bbox 199 234 248 272; x_wconf 85' lang='lat'>38</span> <span class='ocrx_word' id='word_1_2' title='bbox 608 238 611 246; x_wconf 62' lang='lat'><em>¹</em></span> <span class='ocrx_word' id='word_1_3' title='bbox 789 227 1054 269; x_wconf 77' lang='lat' dir='ltr'>PLATONJS</span> <span class='ocrx_word' id='word_1_4' title='bbox 1561 229 1660 281; x_wconf 79' lang='lat'>[219</span> 
     </span>
    </p>
   </div>
   <div class='ocr_carea' id='block_1_2' title="bbox 198 330 1688 2958">
    <p class='ocr_par' dir='ltr' id='par_1_2' title="bbox 198 330 1688 2958">
     <span class='ocr_line' id='line_1_2' title="bbox 199 330 1662 376; baseline -0.002 -10"><span class='ocrx_word' id='word_1_5' title='bbox 199 333 326 372; x_wconf 79' lang='lat' dir='ltr'>malum,</span> <span class='ocrx_word' id='word_1_6' title='bbox 342 338 469 376; x_wconf 84' lang='lat' dir='ltr'>propter</span> <span class='ocrx_word' id='word_1_7' title='bbox 477 331 577 376; x_wconf 80' lang='lat' dir='ltr'>ipsam</span> <span class='ocrx_word' id='word_1_8' title='bbox 594 332 666 364; x_wconf 80' lang='lat' dir='ltr'>mali</span> <span class='ocrx_word' id='word_1_9' title='bbox 682 332 892 374; x_wconf 86' lang='lat' dir='ltr'>praesentiam,</span> <span class='ocrx_word' id='word_1_10' title='bbox 907 332 982 363; x_wconf 89' lang='lat' dir='ltr'>boni</span> <span class='ocrx_word' id='word_1_11' title='bbox 996 331 1130 363; x_wconf 87' lang='lat' dir='ltr'>amicum</span> <span class='ocrx_word' id='word_1_12' title='bbox 1147 331 1223 364; x_wconf 79' lang='lat' dir='ltr'>fieri.</span> <span class='ocrx_word' id='word_1_13' title='bbox 1267 330 1346 363; x_wconf 78' lang='lat' dir='ltr'>Haec</span> <span class='ocrx_word' id='word_1_14' title='bbox 1356 330 1403 363; x_wconf 87' lang='lat' dir='ltr'>illi</span> <span class='ocrx_word' id='word_1_15' title='bbox 1414 331 1518 362; x_wconf 86' lang='lat' dir='ltr'>omnia</span> <span class='ocrx_word' id='word_1_16' title='bbox 1531 341 1662 364; x_wconf 74' lang='lat' dir='ltr'>conces-</span> 
     </span>
     <span class='ocr_line' id='line_1_3' title="bbox 198 385 1664 428; baseline -0.001 -9"><span class='ocrx_word' id='word_1_17' title='bbox 198 393 314 420; x_wconf 84' lang='lat' dir='ltr'>serunt.</span> <span class='ocrx_word' id='word_1_18' title='bbox 360 387 403 419; x_wconf 87' lang='lat' dir='ltr'>Et</span> <span class='ocrx_word' id='word_1_19' title='bbox 416 398 474 428; x_wconf 85' lang='lat' dir='ltr'>ego</span> <span class='ocrx_word' id='word_1_20' title='bbox 490 387 583 419; x_wconf 85' lang='lat' dir='ltr'>valde</span> <span class='ocrx_word' id='word_1_21' title='bbox 599 387 720 418; x_wconf 85' lang='lat' dir='ltr'>laetatus</span> <span class='ocrx_word' id='word_1_22' title='bbox 744 396 824 423; x_wconf 84' lang='lat' dir='ltr'>sum,</span> <span class='ocrx_word' id='word_1_23' title='bbox 839 391 987 428; x_wconf 85' lang='lat' dir='ltr'>tanquam</span> <span class='ocrx_word' id='word_1_24' title='bbox 1003 390 1143 423; x_wconf 83' lang='lat' dir='ltr'>venator,</span> <span class='ocrx_word' id='word_1_25' title='bbox 1168 385 1224 427; x_wconf 85' lang='lat' dir='ltr'>qui</span> <span class='ocrx_word' id='word_1_26' title='bbox 1238 385 1283 423; x_wconf 86' lang='lat' dir='ltr'>id,</span> <span class='ocrx_word' id='word_1_27' title='bbox 1299 386 1384 428; x_wconf 91' lang='lat' dir='ltr'>quod</span> <span class='ocrx_word' id='word_1_28' title='bbox 1401 385 1546 417; x_wconf 80' lang='lat' dir='ltr'>venando</span> <span class='ocrx_word' id='word_1_29' title='bbox 1560 385 1664 417; x_wconf 82' lang='lat' dir='ltr'>iuves-</span> 
     </span>
     <span class='ocr_line' id='line_1_4' title="bbox 199 439 1663 483; baseline -0.001 -12"><span class='ocrx_word' id='word_1_30' title='bbox 199 441 348 483; x_wconf 81' lang='lat' dir='ltr'>tigabam‚</span> <span class='ocrx_word' id='word_1_31' title='bbox 362 442 487 473; x_wconf 81' lang='lat' dir='ltr'>abunde</span> <span class='ocrx_word' id='word_1_32' title='bbox 502 440 613 472; x_wconf 87' lang='lat' dir='ltr'>fuerim</span> <span class='ocrx_word' id='word_1_33' title='bbox 634 444 832 471; x_wconf 83' lang='lat' dir='ltr'>consecutus.</span> <span class='ocrx_word' id='word_1_34' title='bbox 877 439 1017 478; x_wconf 84' lang='lat' dir='ltr'><strong>Deinde,</strong></span> <span class='ocrx_word' id='word_1_35' title='bbox 1037 439 1144 471; x_wconf 89' lang='lat' dir='ltr'>nescio</span> <span class='ocrx_word' id='word_1_36' title='bbox 1159 440 1331 481; x_wconf 91' lang='lat' dir='ltr'>quomodo,</span> <span class='ocrx_word' id='word_1_37' title='bbox 1356 444 1503 471; x_wconf 81' lang='lat' dir='ltr'>extranea</span> <span class='ocrx_word' id='word_1_38' title='bbox 1516 439 1663 481; x_wconf 83' lang='lat' dir='ltr'>quaedam</span> 
     </span>
     <span class='ocr_line' id='line_1_5' title="bbox 198 493 1662 536; baseline -0.002 -9"><span class='ocrx_word' id='word_1_39' title='bbox 198 500 232 526; x_wconf 79' lang='lat' dir='ltr'>et</span> <span class='ocrx_word' id='word_1_40' title='bbox 246 496 381 527; x_wconf 87' lang='lat' dir='ltr'>absurda</span> <span class='ocrx_word' id='word_1_41' title='bbox 394 495 531 536; x_wconf 89' lang='lat' dir='ltr'>suspicio</span> <span class='ocrx_word' id='word_1_42' title='bbox 554 494 630 525; x_wconf 90' lang='lat' dir='ltr'>mihi</span> <span class='ocrx_word' id='word_1_43' title='bbox 645 494 771 524; x_wconf 83' lang='lat' dir='ltr'>suborta</span> <span class='ocrx_word' id='word_1_44' title='bbox 785 498 843 530; x_wconf 88' lang='lat' dir='ltr'>est,</span> <span class='ocrx_word' id='word_1_45' title='bbox 868 493 958 534; x_wconf 81' lang='lat' dir='ltr'>quasi</span> <span class='ocrx_word' id='word_1_46' title='bbox 974 493 1075 523; x_wconf 87' lang='lat' dir='ltr'>minus</span> <span class='ocrx_word' id='word_1_47' title='bbox 1089 503 1160 524; x_wconf 84' lang='lat' dir='ltr'>vera</span> <span class='ocrx_word' id='word_1_48' title='bbox 1174 500 1289 530; x_wconf 86' lang='lat' dir='ltr'>essent,</span> <span class='ocrx_word' id='word_1_49' title='bbox 1303 504 1375 535; x_wconf 82' lang='lat' dir='ltr'>quae</span> <span class='ocrx_word' id='word_1_50' title='bbox 1391 503 1483 534; x_wconf 85' lang='lat' dir='ltr'>supra</span> <span class='ocrx_word' id='word_1_51' title='bbox 1498 503 1662 524; x_wconf 80' lang='lat' dir='ltr'>concesse-</span> 
     </span>
     <span class='ocr_line' id='line_1_6' title="bbox 199 545 1663 591; baseline -0.002 -11"><span class='ocrx_word' id='word_1_52' title='bbox 199 559 312 581; x_wconf 83' lang='lat' dir='ltr'>ramus.</span> <span class='ocrx_word' id='word_1_53' title='bbox 357 548 466 591; x_wconf 86' lang='lat' dir='ltr'>Atque</span> <span class='ocrx_word' id='word_1_54' title='bbox 480 548 565 580; x_wconf 87' lang='lat' dir='ltr'>illico</span> <span class='ocrx_word' id='word_1_55' title='bbox 582 547 721 578; x_wconf 89' lang='lat' dir='ltr'>turbatus</span> <span class='ocrx_word' id='word_1_56' title='bbox 736 547 875 587; x_wconf 87' lang='lat' dir='ltr'>inquam,</span> <span class='ocrx_word' id='word_1_57' title='bbox 898 545 1007 588; x_wconf 71' lang='lat' dir='ltr'>Papae,</span> <span class='ocrx_word' id='word_1_58' title='bbox 1035 557 1055 577; x_wconf 94' lang='lat' dir='ltr'>o</span> <span class='ocrx_word' id='word_1_59' title='bbox 1070 545 1162 588; x_wconf 80' lang='lat' dir='ltr'>Lysis</span> <span class='ocrx_word' id='word_1_60' title='bbox 1177 545 1272 588; x_wconf 83' lang='lat' dir='ltr'>atque</span> <span class='ocrx_word' id='word_1_61' title='bbox 1287 547 1479 584; x_wconf 86' lang='lat' dir='ltr'>Menexene,</span> <span class='ocrx_word' id='word_1_62' title='bbox 1507 545 1663 577; x_wconf 87' lang='lat' dir='ltr'>somnium</span> 
     </span>
     <span class='ocr_line' id='line_1_7' title="bbox 198 600 1664 646; baseline -0.003 -11"><span class='ocrx_word' id='word_1_63' title='bbox 198 604 358 646; x_wconf 83' lang='lat' dir='ltr'><strong>quoddam</strong></span> <span class='ocrx_word' id='word_1_64' title='bbox 383 603 468 634; x_wconf 85' lang='lat' dir='ltr'>nacti</span> <span class='ocrx_word' id='word_1_65' title='bbox 483 603 635 634; x_wconf 88' lang='lat' dir='ltr'>videmur.</span> <span class='ocrx_word' id='word_1_66' title='bbox 679 601 752 633; x_wconf 74' lang='lat' dir='ltr'>Mn.</span> <span class='ocrx_word' id='word_1_67' title='bbox 777 601 933 638; x_wconf 80' lang='lat' dir='ltr'><strong>Quorsum</strong></span> <span class='ocrx_word' id='word_1_68' title='bbox 960 601 1051 632; x_wconf 86' lang='lat' dir='ltr'>haec?</span> <span class='ocrx_word' id='word_1_69' title='bbox 1097 600 1153 634; x_wconf 88' lang='lat' dir='ltr'>So.</span> <span class='ocrx_word' id='word_1_70' title='bbox 1176 600 1306 642; x_wconf 84' lang='lat' dir='ltr'>Vereor,</span> <span class='ocrx_word' id='word_1_71' title='bbox 1329 611 1369 632; x_wconf 91' lang='lat' dir='ltr'>ne</span> <span class='ocrx_word' id='word_1_72' title='bbox 1397 605 1545 642; x_wconf 82' lang='lat' dir='ltr'>tanquam</span> <span class='ocrx_word' id='word_1_73' title='bbox 1557 600 1593 631; x_wconf 88' lang='lat' dir='ltr'>in</span> <span class='ocrx_word' id='word_1_74' title='bbox 1606 601 1664 632; x_wconf 88' lang='lat' dir='ltr'>ho-</span> 
     </span>
     <span class='ocr_line' id='line_1_8' title="bbox 199 644 1664 698; baseline -0.001 -10"><span class='ocrx_word' id='word_1_75' title='bbox 199 657 298 688; x_wconf 82' lang='lat' dir='ltr'>mines</span> <span class='ocrx_word' id='word_1_76' title='bbox 313 657 461 698; x_wconf 89' lang='lat' dir='ltr'>superbos</span> <span class='ocrx_word' id='word_1_77' title='bbox 475 662 570 698; x_wconf 85' lang='lat' dir='ltr'>atque</span> <span class='ocrx_word' id='word_1_78' title='bbox 585 665 681 686; x_wconf 89' lang='lat' dir='ltr'>vanos</span> <span class='ocrx_word' id='word_1_79' title='bbox 706 654 736 685; x_wconf 89' lang='lat' dir='ltr'>in</span> <span class='ocrx_word' id='word_1_80' title='bbox 764 654 942 696; x_wconf 84' lang='lat' dir='ltr'>hujusmodi</span> <span class='ocrx_word' id='word_1_81' title='bbox 967 655 1007 686; x_wconf 90' lang='lat' dir='ltr'>de</span> <span class='ocrx_word' id='word_1_82' title='bbox 1032 654 1131 685; x_wconf 82' lang='lat' dir='ltr'>amico</span> <span class='ocrx_word' id='word_1_83' title='bbox 1152 665 1308 686; x_wconf 83' lang='lat' dir='ltr'>sermones</span> <span class='ocrx_word' id='word_1_84' title='bbox 1333 644 1427 686; x_wconf 74' lang='lat' dir='ltr'>falsos</span> <span class='ocrx_word' id='word_1_85' title='bbox 1452 654 1664 686; x_wconf 78' lang='lat' dir='ltr'>inciderimus.</span> 
     </span>
     <span class='ocr_line' id='line_1_9' title="bbox 201 707 1665 750; baseline -0.003 -8"><span class='ocrx_word' id='word_1_86' title='bbox 201 711 273 742; x_wconf 67' lang='lat' dir='ltr'>Mn.</span> <span class='ocrx_word' id='word_1_87' title='bbox 296 711 370 748; x_wconf 84' lang='lat' dir='ltr'>Qua</span> <span class='ocrx_word' id='word_1_88' title='bbox 389 709 534 741; x_wconf 84' lang='lat' dir='ltr'>ratione?</span> <span class='ocrx_word' id='word_1_89' title='bbox 579 709 636 742; x_wconf 84' lang='lat' dir='ltr'>SO.</span> <span class='ocrx_word' id='word_1_90' title='bbox 659 708 730 740; x_wconf 83' lang='lat' dir='ltr'>Hac</span> <span class='ocrx_word' id='word_1_91' title='bbox 752 708 856 750; x_wconf 87' lang='lat' dir='ltr'>plane.</span> <span class='ocrx_word' id='word_1_92' title='bbox 901 708 1013 740; x_wconf 88' lang='lat' dir='ltr'>Utrum</span> <span class='ocrx_word' id='word_1_93' title='bbox 1029 708 1147 740; x_wconf 87' lang='lat' dir='ltr'>amicus</span> <span class='ocrx_word' id='word_1_94' title='bbox 1163 708 1297 750; x_wconf 86' lang='lat' dir='ltr'>alicujus</span> <span class='ocrx_word' id='word_1_95' title='bbox 1314 709 1431 740; x_wconf 85' lang='lat' dir='ltr'>amicus</span> <span class='ocrx_word' id='word_1_96' title='bbox 1447 712 1505 745; x_wconf 87' lang='lat' dir='ltr'>est,</span> <span class='ocrx_word' id='word_1_97' title='bbox 1521 718 1562 739; x_wconf 84' lang='lat' dir='ltr'>an</span> <span class='ocrx_word' id='word_1_98' title='bbox 1577 707 1665 738; x_wconf 78' lang='lat' dir='ltr'>non?</span> 
     </span>
     <span class='ocr_line' id='line_1_10' title="bbox 201 761 1667 804; baseline -0.003 -8"><span class='ocrx_word' id='word_1_99' title='bbox 201 765 275 796; x_wconf 70' lang='lat' dir='ltr'>Mn.</span> <span class='ocrx_word' id='word_1_100' title='bbox 297 764 496 796; x_wconf 83' lang='lat' dir='ltr'>Necessario.</span> <span class='ocrx_word' id='word_1_101' title='bbox 543 763 600 796; x_wconf 89' lang='lat' dir='ltr'>So.</span> <span class='ocrx_word' id='word_1_102' title='bbox 623 762 736 794; x_wconf 90' lang='lat' dir='ltr'>Utrum</span> <span class='ocrx_word' id='word_1_103' title='bbox 751 762 868 793; x_wconf 88' lang='lat' dir='ltr'>nullius</span> <span class='ocrx_word' id='word_1_104' title='bbox 883 762 994 804; x_wconf 86' lang='lat' dir='ltr'>gratia,</span> <span class='ocrx_word' id='word_1_105' title='bbox 1010 767 1042 794; x_wconf 91' lang='lat' dir='ltr'>et</span> <span class='ocrx_word' id='word_1_106' title='bbox 1063 767 1190 804; x_wconf 89' lang='lat' dir='ltr'>propter</span> <span class='ocrx_word' id='word_1_107' title='bbox 1213 762 1313 794; x_wconf 69' lang='lat' dir='ltr'>nihilz</span> <span class='ocrx_word' id='word_1_108' title='bbox 1336 773 1376 793; x_wconf 89' lang='lat' dir='ltr'>an</span> <span class='ocrx_word' id='word_1_109' title='bbox 1402 761 1499 804; x_wconf 82' lang='lat' dir='ltr'>gratia</span> <span class='ocrx_word' id='word_1_110' title='bbox 1521 761 1667 804; x_wconf 35' lang='lat' dir='ltr'>alicujus«,</span> 
     </span>
     <span class='ocr_line' id='line_1_11' title="bbox 201 814 1665 860; baseline -0.003 -10"><span class='ocrx_word' id='word_1_111' title='bbox 201 824 235 850; x_wconf 88' lang='lat' dir='ltr'>et</span> <span class='ocrx_word' id='word_1_112' title='bbox 259 823 386 860; x_wconf 86' lang='lat' dir='ltr'>propter</span> <span class='ocrx_word' id='word_1_113' title='bbox 411 817 552 859; x_wconf 89' lang='lat' dir='ltr'>aliquid?</span> <span class='ocrx_word' id='word_1_114' title='bbox 598 817 670 847; x_wconf 62' lang='lat' dir='ltr'>Mra.</span> <span class='ocrx_word' id='word_1_115' title='bbox 694 815 788 847; x_wconf 85' lang='lat' dir='ltr'>Certe</span> <span class='ocrx_word' id='word_1_116' title='bbox 803 815 937 858; x_wconf 80' lang='lat' dir='ltr'>alicujus</span> <span class='ocrx_word' id='word_1_117' title='bbox 951 826 1043 847; x_wconf 86' lang='lat' dir='ltr'>causa</span> <span class='ocrx_word' id='word_1_118' title='bbox 1058 820 1091 847; x_wconf 90' lang='grc' dir='ltr'><strong>ει</strong></span> <span class='ocrx_word' id='word_1_119' title='bbox 1106 821 1233 858; x_wconf 88' lang='lat' dir='ltr'>propter</span> <span class='ocrx_word' id='word_1_120' title='bbox 1259 816 1390 859; x_wconf 85' lang='lat' dir='ltr'>aliquid.</span> <span class='ocrx_word' id='word_1_121' title='bbox 1433 816 1488 847; x_wconf 88' lang='lat' dir='ltr'>So.</span> <span class='ocrx_word' id='word_1_122' title='bbox 1510 814 1665 857; x_wconf 86' lang='lat' dir='ltr'>Nunquid</span> 
     </span>
     <span class='ocr_line' id='line_1_12' title="bbox 201 869 1666 913; baseline -0.001 -10"><span class='ocrx_word' id='word_1_123' title='bbox 201 872 303 903; x_wconf 84' lang='lat' dir='ltr'>amica</span> <span class='ocrx_word' id='word_1_124' title='bbox 317 877 364 903; x_wconf 90' lang='lat' dir='ltr'>est</span> <span class='ocrx_word' id='word_1_125' title='bbox 378 881 425 903; x_wconf 84' lang='lat' dir='ltr'>res</span> <span class='ocrx_word' id='word_1_126' title='bbox 439 871 509 913; x_wconf 87' lang='lat' dir='ltr'>illa,</span> <span class='ocrx_word' id='word_1_127' title='bbox 523 869 615 912; x_wconf 85' lang='lat' dir='ltr'>cnjus</span> <span class='ocrx_word' id='word_1_128' title='bbox 630 869 729 911; x_wconf 82' lang='lat' dir='ltr'>gratia</span> <span class='ocrx_word' id='word_1_129' title='bbox 739 869 856 900; x_wconf 86' lang='lat' dir='ltr'>amicus</span> <span class='ocrx_word' id='word_1_130' title='bbox 870 869 1004 911; x_wconf 85' lang='lat' dir='ltr'>alicujus</span> <span class='ocrx_word' id='word_1_131' title='bbox 1018 875 1067 901; x_wconf 87' lang='lat' dir='ltr'>est</span> <span class='ocrx_word' id='word_1_132' title='bbox 1081 870 1219 902; x_wconf 84' lang='lat' dir='ltr'>amicus?</span> <span class='ocrx_word' id='word_1_133' title='bbox 1243 881 1282 902; x_wconf 91' lang='lat' dir='ltr'>an</span> <span class='ocrx_word' id='word_1_134' title='bbox 1298 871 1379 901; x_wconf 82' lang='lat' dir='ltr'>forte</span> <span class='ocrx_word' id='word_1_135' title='bbox 1394 880 1453 901; x_wconf 86' lang='lat' dir='ltr'>nec</span> <span class='ocrx_word' id='word_1_136' title='bbox 1468 869 1581 907; x_wconf 86' lang='lat' dir='ltr'>amica,</span> <span class='ocrx_word' id='word_1_137' title='bbox 1606 878 1666 901; x_wconf 86' lang='lat' dir='ltr'>nec</span> 
     </span>
     <span class='ocr_line' id='line_1_13' title="bbox 200 922 1666 966; baseline -0.003 -8"><span class='ocrx_word' id='word_1_138' title='bbox 200 926 295 958; x_wconf 81' lang='lat' dir='ltr'>etiam</span> <span class='ocrx_word' id='word_1_139' title='bbox 308 925 459 957; x_wconf 87' lang='lat' dir='ltr'>inimica?</span> <span class='ocrx_word' id='word_1_140' title='bbox 504 925 577 956; x_wconf 70' lang='lat' dir='ltr'>Mn.</span> <span class='ocrx_word' id='word_1_141' title='bbox 599 923 694 955; x_wconf 81' lang='lat' dir='ltr'>Haud</span> <span class='ocrx_word' id='word_1_142' title='bbox 719 924 791 955; x_wconf 74' lang='lat' dir='ltr'>satis</span> <span class='ocrx_word' id='word_1_143' title='bbox 812 923 967 966; x_wconf 76' lang='lat' dir='ltr'>intelligo.</span> <span class='ocrx_word' id='word_1_144' title='bbox 1013 924 1067 955; x_wconf 87' lang='lat' dir='ltr'>So.</span> <span class='ocrx_word' id='word_1_145' title='bbox 1090 924 1270 956; x_wconf 78' lang='lat' dir='ltr'>Verisimile</span> <span class='ocrx_word' id='word_1_146' title='bbox 1294 929 1353 956; x_wconf 85' lang='lat' dir='ltr'>est.</span> <span class='ocrx_word' id='word_1_147' title='bbox 1385 934 1490 955; x_wconf 87' lang='lat' dir='ltr'>verum</span> <span class='ocrx_word' id='word_1_148' title='bbox 1511 922 1556 955; x_wconf 89' lang='lat' dir='ltr'>sic</span> <span class='ocrx_word' id='word_1_149' title='bbox 1570 928 1603 954; x_wconf 90' lang='lat' dir='ltr'>et</span> <span class='ocrx_word' id='word_1_150' title='bbox 1617 928 1666 960; x_wconf 81' lang='lat' dir='ltr'>tn,</span> 
     </span>
     <span class='ocr_line' id='line_1_14' title="bbox 201 975 1667 1021; baseline -0.002 -10"><span class='ocrx_word' id='word_1_151' title='bbox 201 985 235 1011; x_wconf 86' lang='lat' dir='ltr'>et</span> <span class='ocrx_word' id='word_1_152' title='bbox 245 980 327 1021; x_wconf 90' lang='lat' dir='ltr'>ipse,</span> <span class='ocrx_word' id='word_1_153' title='bbox 342 985 378 1010; x_wconf 87' lang='lat' dir='ltr'>ut</span> <span class='ocrx_word' id='word_1_154' title='bbox 398 979 538 1015; x_wconf 82' lang='lat' dir='ltr'>arbitror,</span> <span class='ocrx_word' id='word_1_155' title='bbox 563 978 675 1008; x_wconf 87' lang='lat' dir='ltr'>melius</span> <span class='ocrx_word' id='word_1_156' title='bbox 691 977 912 1018; x_wconf 84' lang='lat' dir='ltr'>intelligemus.</span> <span class='ocrx_word' id='word_1_157' title='bbox 959 977 1178 1018; x_wconf 87' lang='lat' dir='ltr'>AEgrotantem</span> <span class='ocrx_word' id='word_1_158' title='bbox 1202 978 1316 1010; x_wconf 88' lang='lat' dir='ltr'>medici</span> <span class='ocrx_word' id='word_1_159' title='bbox 1339 978 1472 1009; x_wconf 88' lang='lat' dir='ltr'>amicum</span> <span class='ocrx_word' id='word_1_160' title='bbox 1496 987 1564 1009; x_wconf 83' lang='lat' dir='ltr'>esse</span> <span class='ocrx_word' id='word_1_161' title='bbox 1585 975 1667 1008; x_wconf 85' lang='lat' dir='ltr'>dixi-</span> 
     </span>
     <span class='ocr_line' id='line_1_15' title="bbox 200 1030 1668 1073; baseline -0.003 -8"><span class='ocrx_word' id='word_1_162' title='bbox 200 1033 291 1065; x_wconf 87' lang='lat' dir='ltr'><strong>mus?</strong></span> <span class='ocrx_word' id='word_1_163' title='bbox 336 1033 409 1064; x_wconf 69' lang='grc' dir='ltr'>ΜΕ.</span> <span class='ocrx_word' id='word_1_164' title='bbox 432 1032 591 1063; x_wconf 78' lang='lat' dir='ltr'>Diximus.</span> <span class='ocrx_word' id='word_1_165' title='bbox 635 1031 690 1062; x_wconf 90' lang='lat' dir='ltr'>So.</span> <span class='ocrx_word' id='word_1_166' title='bbox 711 1030 828 1061; x_wconf 88' lang='lat' dir='ltr'>Nonne</span> <span class='ocrx_word' id='word_1_167' title='bbox 845 1035 972 1072; x_wconf 79' lang='lat' dir='ltr'>propter</span> <span class='ocrx_word' id='word_1_168' title='bbox 984 1032 1142 1071; x_wconf 63' lang='lat' dir='ltr'>vmorbum,</span> <span class='ocrx_word' id='word_1_169' title='bbox 1157 1036 1189 1062; x_wconf 87' lang='lat' dir='ltr'>et</span> <span class='ocrx_word' id='word_1_170' title='bbox 1204 1031 1345 1063; x_wconf 86' lang='lat' dir='ltr'>sanitatis</span> <span class='ocrx_word' id='word_1_171' title='bbox 1363 1031 1471 1073; x_wconf 85' lang='lat' dir='ltr'>gratia,</span> <span class='ocrx_word' id='word_1_172' title='bbox 1487 1030 1604 1062; x_wconf 86' lang='lat' dir='ltr'>medici</span> <span class='ocrx_word' id='word_1_173' title='bbox 1619 1035 1668 1061; x_wconf 87' lang='lat' dir='ltr'>est</span> 
     </span>
     <span class='ocr_line' id='line_1_16' title="bbox 202 1084 1670 1122; baseline -0.003 -3"><span class='ocrx_word' id='word_1_174' title='bbox 202 1087 343 1119; x_wconf 81' lang='lat' dir='ltr'>amicus?</span> <span class='ocrx_word' id='word_1_175' title='bbox 388 1087 462 1118; x_wconf 70' lang='lat' dir='ltr'>Mn.</span> <span class='ocrx_word' id='word_1_176' title='bbox 483 1085 545 1117; x_wconf 87' lang='lat' dir='ltr'>Ita.</span> <span class='ocrx_word' id='word_1_177' title='bbox 592 1085 648 1116; x_wconf 90' lang='lat' dir='ltr'>So.</span> <span class='ocrx_word' id='word_1_178' title='bbox 672 1084 804 1115; x_wconf 80' lang='lat' dir='ltr'>Morbus</span> <span class='ocrx_word' id='word_1_179' title='bbox 830 1084 970 1116; x_wconf 85' lang='lat' dir='ltr'>malum?</span> <span class='ocrx_word' id='word_1_180' title='bbox 1016 1084 1089 1116; x_wconf 74' lang='grc' dir='ltr'>ΜΕ.</span> <span class='ocrx_word' id='word_1_181' title='bbox 1114 1085 1266 1122; x_wconf 82' lang='lat' dir='ltr'>Quidni?</span> <span class='ocrx_word' id='word_1_182' title='bbox 1311 1085 1366 1116; x_wconf 88' lang='lat' dir='ltr'>So.</span> <span class='ocrx_word' id='word_1_183' title='bbox 1390 1084 1514 1117; x_wconf 74' lang='lat' dir='ltr'>Sanitas</span> <span class='ocrx_word' id='word_1_184' title='bbox 1539 1084 1670 1121; x_wconf 83' lang='lat' dir='ltr'>bonum,</span> 
     </span>
     <span class='ocr_line' id='line_1_17' title="bbox 201 1137 1669 1180; baseline -0.001 -8"><span class='ocrx_word' id='word_1_185' title='bbox 201 1152 242 1172; x_wconf 87' lang='lat' dir='ltr'>an</span> <span class='ocrx_word' id='word_1_186' title='bbox 257 1141 384 1178; x_wconf 86' lang='lat' dir='ltr'>malum,</span> <span class='ocrx_word' id='word_1_187' title='bbox 401 1151 441 1172; x_wconf 86' lang='lat' dir='ltr'>an</span> <span class='ocrx_word' id='word_1_188' title='bbox 456 1139 625 1171; x_wconf 85' lang='lat' dir='ltr'>neutrum?</span> <span class='ocrx_word' id='word_1_189' title='bbox 659 1137 756 1180; x_wconf 84' lang='lat'>[219]</span> <span class='ocrx_word' id='word_1_190' title='bbox 778 1138 852 1169; x_wconf 78' lang='grc' dir='ltr'>ΜΕ.</span> <span class='ocrx_word' id='word_1_191' title='bbox 876 1138 1013 1169; x_wconf 87' lang='lat' dir='ltr'>Bonum.</span> <span class='ocrx_word' id='word_1_192' title='bbox 1060 1138 1114 1172; x_wconf 87' lang='lat' dir='ltr'>So.</span> <span class='ocrx_word' id='word_1_193' title='bbox 1139 1138 1355 1175; x_wconf 73' lang='lat' dir='ltr'>Praediximus,</span> <span class='ocrx_word' id='word_1_194' title='bbox 1370 1149 1497 1180; x_wconf 87' lang='lat' dir='ltr'>corpus,</span> <span class='ocrx_word' id='word_1_195' title='bbox 1520 1148 1592 1170; x_wconf 90' lang='lat' dir='ltr'>cum</span> <span class='ocrx_word' id='word_1_196' title='bbox 1607 1148 1669 1170; x_wconf 83' lang='lat' dir='ltr'>nec</span> 
     </span>
     <span class='ocr_line' id='line_1_18' title="bbox 202 1191 1667 1234; baseline -0.002 -8"><span class='ocrx_word' id='word_1_197' title='bbox 202 1195 319 1226; x_wconf 89' lang='lat' dir='ltr'>bouum</span> <span class='ocrx_word' id='word_1_198' title='bbox 334 1195 386 1231; x_wconf 84' lang='lat' dir='ltr'>sit,</span> <span class='ocrx_word' id='word_1_199' title='bbox 402 1205 461 1226; x_wconf 93' lang='lat' dir='ltr'>nec</span> <span class='ocrx_word' id='word_1_200' title='bbox 476 1194 603 1229; x_wconf 85' lang='lat' dir='ltr'>malum,</span> <span class='ocrx_word' id='word_1_201' title='bbox 629 1197 756 1234; x_wconf 88' lang='lat' dir='ltr'>propter</span> <span class='ocrx_word' id='word_1_202' title='bbox 770 1192 923 1230; x_wconf 84' lang='lat' dir='ltr'>morbum,</span> <span class='ocrx_word' id='word_1_203' title='bbox 948 1191 1076 1233; x_wconf 88' lang='lat' dir='ltr'>malum,</span> <span class='ocrx_word' id='word_1_204' title='bbox 1102 1193 1268 1224; x_wconf 84' lang='lat' dir='ltr'>medicinae</span> <span class='ocrx_word' id='word_1_205' title='bbox 1289 1192 1422 1224; x_wconf 84' lang='lat' dir='ltr'>amicum</span> <span class='ocrx_word' id='word_1_206' title='bbox 1437 1202 1525 1224; x_wconf 80' lang='lat' dir='ltr'>esse:</span> <span class='ocrx_word' id='word_1_207' title='bbox 1551 1192 1667 1223; x_wconf 87' lang='lat' dir='ltr'>bonum</span> 
     </span>
     <span class='ocr_line' id='line_1_19' title="bbox 201 1245 1671 1281; baseline -0.002 -2"><span class='ocrx_word' id='word_1_208' title='bbox 201 1259 277 1281; x_wconf 88' lang='lat' dir='ltr'>vero</span> <span class='ocrx_word' id='word_1_209' title='bbox 301 1248 501 1280; x_wconf 86' lang='lat' dir='ltr'>medicinam.</span> <span class='ocrx_word' id='word_1_210' title='bbox 546 1247 650 1280; x_wconf 81' lang='lat' dir='ltr'>Causa</span> <span class='ocrx_word' id='word_1_211' title='bbox 672 1257 744 1277; x_wconf 77' lang='lat' dir='ltr'>vero</span> <span class='ocrx_word' id='word_1_212' title='bbox 770 1245 912 1277; x_wconf 83' lang='lat' dir='ltr'>sanitatis</span> <span class='ocrx_word' id='word_1_213' title='bbox 936 1246 1105 1278; x_wconf 84' lang='lat' dir='ltr'>amicitiam</span> <span class='ocrx_word' id='word_1_214' title='bbox 1132 1246 1289 1278; x_wconf 85' lang='lat' dir='ltr'>medicina</span> <span class='ocrx_word' id='word_1_215' title='bbox 1313 1245 1511 1279; x_wconf 82' lang='lat' dir='ltr'>nanciscitur.</span> <span class='ocrx_word' id='word_1_216' title='bbox 1555 1246 1671 1277; x_wconf 81' lang='lat' dir='ltr'>sanitas</span> 
     </span>
     <span class='ocr_line' id='line_1_20' title="bbox 204 1299 1671 1341; baseline -0.002 -7"><span class='ocrx_word' id='word_1_217' title='bbox 204 1307 310 1335; x_wconf 84' lang='lat' dir='ltr'>autem</span> <span class='ocrx_word' id='word_1_218' title='bbox 338 1302 467 1334; x_wconf 88' lang='lat' dir='ltr'>bonum.</span> <span class='ocrx_word' id='word_1_219' title='bbox 512 1302 586 1332; x_wconf 70' lang='lat' dir='ltr'>Mn.</span> <span class='ocrx_word' id='word_1_220' title='bbox 622 1301 763 1333; x_wconf 80' lang='lat' dir='ltr'>Prorsus.</span> <span class='ocrx_word' id='word_1_221' title='bbox 809 1300 865 1332; x_wconf 88' lang='lat' dir='ltr'>So.</span> <span class='ocrx_word' id='word_1_222' title='bbox 897 1299 1056 1341; x_wconf 85' lang='lat' dir='ltr'>Amicum,</span> <span class='ocrx_word' id='word_1_223' title='bbox 1081 1311 1121 1332; x_wconf 87' lang='lat' dir='ltr'>an</span> <span class='ocrx_word' id='word_1_224' title='bbox 1147 1311 1211 1332; x_wconf 89' lang='lat' dir='ltr'>non</span> <span class='ocrx_word' id='word_1_225' title='bbox 1237 1301 1384 1337; x_wconf 87' lang='lat' dir='ltr'>amicum,</span> <span class='ocrx_word' id='word_1_226' title='bbox 1409 1299 1550 1331; x_wconf 81' lang='lat' dir='ltr'>sanitas?</span> <span class='ocrx_word' id='word_1_227' title='bbox 1595 1299 1671 1331; x_wconf 67' lang='lat' dir='ltr'>Ma.</span> 
     </span>
     <span class='ocr_line' id='line_1_21' title="bbox 203 1353 1669 1396; baseline -0.003 -8"><span class='ocrx_word' id='word_1_228' title='bbox 203 1356 361 1388; x_wconf 86' lang='lat' dir='ltr'>Amicum.</span> <span class='ocrx_word' id='word_1_229' title='bbox 406 1356 463 1387; x_wconf 88' lang='lat' dir='ltr'>So.</span> <span class='ocrx_word' id='word_1_230' title='bbox 485 1355 617 1386; x_wconf 82' lang='lat' dir='ltr'>Morbus</span> <span class='ocrx_word' id='word_1_231' title='bbox 644 1354 828 1386; x_wconf 77' lang='lat' dir='ltr'>inimicum?</span> <span class='ocrx_word' id='word_1_232' title='bbox 873 1354 946 1385; x_wconf 75' lang='grc' dir='ltr'>ΜΕ.</span> <span class='ocrx_word' id='word_1_233' title='bbox 969 1354 1113 1386; x_wconf 88' lang='lat' dir='ltr'>Penitus.</span> <span class='ocrx_word' id='word_1_234' title='bbox 1157 1354 1213 1386; x_wconf 92' lang='lat' dir='ltr'>So.</span> <span class='ocrx_word' id='word_1_235' title='bbox 1245 1354 1343 1392; x_wconf 82' lang='lat' dir='ltr'>Quod</span> <span class='ocrx_word' id='word_1_236' title='bbox 1368 1364 1442 1396; x_wconf 82' lang='lat' dir='ltr'>ergo</span> <span class='ocrx_word' id='word_1_237' title='bbox 1468 1364 1528 1385; x_wconf 90' lang='lat' dir='ltr'>nec</span> <span class='ocrx_word' id='word_1_238' title='bbox 1553 1353 1669 1385; x_wconf 87' lang='lat' dir='ltr'>bonum</span> 
     </span>
     <span class='ocr_line' id='line_1_22' title="bbox 206 1406 1672 1452; baseline -0.002 -10"><span class='ocrx_word' id='word_1_239' title='bbox 206 1414 266 1447; x_wconf 87' lang='lat' dir='ltr'>est,</span> <span class='ocrx_word' id='word_1_240' title='bbox 289 1420 348 1442; x_wconf 86' lang='lat' dir='ltr'>nec</span> <span class='ocrx_word' id='word_1_241' title='bbox 364 1410 491 1447; x_wconf 88' lang='lat' dir='ltr'>malum,</span> <span class='ocrx_word' id='word_1_242' title='bbox 508 1414 634 1452; x_wconf 81' lang='lat' dir='ltr'>propter</span> <span class='ocrx_word' id='word_1_243' title='bbox 650 1409 764 1440; x_wconf 84' lang='lat' dir='ltr'>malum</span> <span class='ocrx_word' id='word_1_244' title='bbox 780 1409 1015 1451; x_wconf 84' lang='lat' dir='ltr'>inimicumque,</span> <span class='ocrx_word' id='word_1_245' title='bbox 1028 1408 1103 1439; x_wconf 89' lang='lat' dir='ltr'>boni</span> <span class='ocrx_word' id='word_1_246' title='bbox 1119 1408 1252 1439; x_wconf 85' lang='lat' dir='ltr'>amicum</span> <span class='ocrx_word' id='word_1_247' title='bbox 1268 1414 1329 1449; x_wconf 87' lang='lat' dir='ltr'>est,</span> <span class='ocrx_word' id='word_1_248' title='bbox 1344 1408 1419 1439; x_wconf 89' lang='lat' dir='ltr'>boni</span> <span class='ocrx_word' id='word_1_249' title='bbox 1434 1406 1588 1450; x_wconf 78' lang='lat' dir='ltr'>amicique</span> <span class='ocrx_word' id='word_1_250' title='bbox 1603 1417 1672 1449; x_wconf 83' lang='lat' dir='ltr'>gra-</span> 
     </span>
     <span class='ocr_line' id='line_1_23' title="bbox 204 1461 1673 1504; baseline -0.002 -8"><span class='ocrx_word' id='word_1_251' title='bbox 204 1463 262 1496; x_wconf 88' lang='lat' dir='ltr'>tia.</span> <span class='ocrx_word' id='word_1_252' title='bbox 306 1464 379 1495; x_wconf 68' lang='lat' dir='ltr'>Mn.</span> <span class='ocrx_word' id='word_1_253' title='bbox 402 1464 507 1495; x_wconf 76' lang='lat' dir='ltr'>Patet.</span> <span class='ocrx_word' id='word_1_254' title='bbox 550 1464 606 1497; x_wconf 85' lang='lat' dir='ltr'>So.</span> <span class='ocrx_word' id='word_1_255' title='bbox 628 1463 711 1504; x_wconf 80' lang='lat' dir='ltr'>Ergo</span> <span class='ocrx_word' id='word_1_256' title='bbox 735 1463 828 1494; x_wconf 89' lang='lat' dir='ltr'>amici</span> <span class='ocrx_word' id='word_1_257' title='bbox 849 1473 943 1494; x_wconf 86' lang='lat' dir='ltr'>causa</span> <span class='ocrx_word' id='word_1_258' title='bbox 963 1462 1109 1500; x_wconf 89' lang='lat' dir='ltr'>amicum,</span> <span class='ocrx_word' id='word_1_259' title='bbox 1133 1467 1261 1504; x_wconf 86' lang='lat' dir='ltr'>propter</span> <span class='ocrx_word' id='word_1_260' title='bbox 1285 1461 1448 1493; x_wconf 89' lang='lat' dir='ltr'>inimicum</span> <span class='ocrx_word' id='word_1_261' title='bbox 1464 1466 1512 1492; x_wconf 84' lang='lat' dir='ltr'>est</span> <span class='ocrx_word' id='word_1_262' title='bbox 1526 1461 1673 1493; x_wconf 81' lang='lat' dir='ltr'>amicum·</span> 
     </span>
     <span class='ocr_line' id='line_1_24' title="bbox 207 1515 1672 1560; baseline -0.003 -10"><span class='ocrx_word' id='word_1_263' title='bbox 207 1518 281 1551; x_wconf 72' lang='lat' dir='ltr'>Ma.</span> <span class='ocrx_word' id='word_1_264' title='bbox 305 1517 438 1560; x_wconf 88' lang='lat' dir='ltr'>Opinor.</span> <span class='ocrx_word' id='word_1_265' title='bbox 483 1518 536 1549; x_wconf 90' lang='lat' dir='ltr'>So.</span> <span class='ocrx_word' id='word_1_266' title='bbox 558 1517 668 1559; x_wconf 86' lang='lat' dir='ltr'>Agite,</span> <span class='ocrx_word' id='word_1_267' title='bbox 684 1517 783 1558; x_wconf 88' lang='lat' dir='ltr'>pueri,</span> <span class='ocrx_word' id='word_1_268' title='bbox 799 1522 963 1558; x_wconf 64' lang='lat' dir='ltr'>postquam</span> <span class='ocrx_word' id='word_1_269' title='bbox 979 1517 1041 1548; x_wconf 88' lang='lat' dir='ltr'>huc</span> <span class='ocrx_word' id='word_1_270' title='bbox 1056 1517 1248 1558; x_wconf 86' lang='lat' dir='ltr'>disputando</span> <span class='ocrx_word' id='word_1_271' title='bbox 1263 1516 1459 1553; x_wconf 81' lang='lat' dir='ltr'>devenimus,</span> <span class='ocrx_word' id='word_1_272' title='bbox 1473 1515 1672 1546; x_wconf 82' lang='lat' dir='ltr'>attendamus</span> 
     </span>
     <span class='ocr_line' id='line_1_25' title="bbox 209 1568 1672 1614; baseline -0.003 -10"><span class='ocrx_word' id='word_1_273' title='bbox 209 1572 338 1604; x_wconf 83' lang='lat' dir='ltr'>obsecro</span> <span class='ocrx_word' id='word_1_274' title='bbox 359 1571 591 1614; x_wconf 79' lang='lat' dir='ltr'>diligenter,&#39;ne</span> <span class='ocrx_word' id='word_1_275' title='bbox 605 1571 686 1602; x_wconf 83' lang='lat' dir='ltr'>forte</span> <span class='ocrx_word' id='word_1_276' title='bbox 713 1571 919 1612; x_wconf 79' lang='lat' dir='ltr'>decipiamur.</span> <span class='ocrx_word' id='word_1_277' title='bbox 964 1570 1125 1612; x_wconf 86' lang='lat' dir='ltr'>Principio</span> <span class='ocrx_word' id='word_1_278' title='bbox 1151 1570 1236 1612; x_wconf 88' lang='lat' dir='ltr'>quod</span> <span class='ocrx_word' id='word_1_279' title='bbox 1263 1570 1399 1602; x_wconf 87' lang='lat' dir='ltr'>amicum</span> <span class='ocrx_word' id='word_1_280' title='bbox 1423 1570 1514 1602; x_wconf 84' lang='lat' dir='ltr'>amici</span> <span class='ocrx_word' id='word_1_281' title='bbox 1539 1568 1672 1600; x_wconf 82' lang='lat' dir='ltr'>amicum</span> 
     </span>
     <span class='ocr_line' id='line_1_26' title="bbox 207 1622 1676 1666; baseline -0.003 -9"><span class='ocrx_word' id='word_1_282' title='bbox 207 1626 325 1658; x_wconf 78' lang='lat' dir='ltr'>factum</span> <span class='ocrx_word' id='word_1_283' title='bbox 339 1630 396 1662; x_wconf 83' lang='lat' dir='ltr'>est,</span> <span class='ocrx_word' id='word_1_284' title='bbox 413 1625 513 1657; x_wconf 83' lang='lat' dir='ltr'>simile</span> <span class='ocrx_word' id='word_1_285' title='bbox 527 1625 676 1656; x_wconf 83' lang='lat' dir='ltr'>videlicet</span> <span class='ocrx_word' id='word_1_286' title='bbox 691 1624 812 1661; x_wconf 89' lang='lat' dir='ltr'>similis,</span> <span class='ocrx_word' id='word_1_287' title='bbox 836 1625 922 1666; x_wconf 89' lang='lat' dir='ltr'>quod</span> <span class='ocrx_word' id='word_1_288' title='bbox 946 1624 1137 1666; x_wconf 87' lang='lat' dir='ltr'>impossibile</span> <span class='ocrx_word' id='word_1_289' title='bbox 1160 1635 1227 1656; x_wconf 89' lang='lat' dir='ltr'>esse</span> <span class='ocrx_word' id='word_1_290' title='bbox 1250 1625 1281 1655; x_wconf 88' lang='lat' dir='ltr'>in</span> <span class='ocrx_word' id='word_1_291' title='bbox 1297 1624 1507 1665; x_wconf 86' lang='lat' dir='ltr'>superioribus</span> <span class='ocrx_word' id='word_1_292' title='bbox 1521 1622 1676 1660; x_wconf 78' lang='lat' dir='ltr'>constitit,</span> 
     </span>
     <span class='ocr_line' id='line_1_27' title="bbox 207 1676 1675 1722; baseline -0.003 -11"><span class='ocrx_word' id='word_1_293' title='bbox 207 1680 353 1722; x_wconf 88' lang='lat' dir='ltr'>equidem</span> <span class='ocrx_word' id='word_1_294' title='bbox 369 1679 582 1721; x_wconf 78' lang='lat' dir='ltr'>praetermitto.</span> <span class='ocrx_word' id='word_1_295' title='bbox 627 1679 689 1710; x_wconf 87' lang='lat' dir='ltr'>Sed</span> <span class='ocrx_word' id='word_1_296' title='bbox 704 1679 790 1710; x_wconf 89' lang='lat' dir='ltr'>istud</span> <span class='ocrx_word' id='word_1_297' title='bbox 806 1679 933 1720; x_wconf 85' lang='lat' dir='ltr'>insuper</span> <span class='ocrx_word' id='word_1_298' title='bbox 952 1679 1198 1718; x_wconf 86' lang='lat' dir='ltr'>consideremus,</span> <span class='ocrx_word' id='word_1_299' title='bbox 1212 1688 1252 1708; x_wconf 89' lang='lat' dir='ltr'>ne</span> <span class='ocrx_word' id='word_1_300' title='bbox 1268 1688 1325 1708; x_wconf 90' lang='lat' dir='ltr'>nos</span> <span class='ocrx_word' id='word_1_301' title='bbox 1341 1687 1477 1719; x_wconf 75' lang='lat' dir='ltr'>praesens</span> <span class='ocrx_word' id='word_1_302' title='bbox 1491 1676 1600 1718; x_wconf 85' lang='lat' dir='ltr'>opinio</span> <span class='ocrx_word' id='word_1_303' title='bbox 1615 1676 1675 1707; x_wconf 78' lang='lat' dir='ltr'>fal-</span> 
     </span>
     <span class='ocr_line' id='line_1_28' title="bbox 209 1730 1675 1774; baseline -0.001 -10"><span class='ocrx_word' id='word_1_304' title='bbox 209 1734 265 1766; x_wconf 86' lang='lat' dir='ltr'>lat.</span> <span class='ocrx_word' id='word_1_305' title='bbox 311 1734 505 1765; x_wconf 85' lang='lat' dir='ltr'>Medicinam</span> <span class='ocrx_word' id='word_1_306' title='bbox 522 1732 664 1764; x_wconf 85' lang='lat' dir='ltr'>sanitatis</span> <span class='ocrx_word' id='word_1_307' title='bbox 680 1732 778 1774; x_wconf 82' lang='lat' dir='ltr'>gratia</span> <span class='ocrx_word' id='word_1_308' title='bbox 792 1732 925 1763; x_wconf 88' lang='lat' dir='ltr'>amicum</span> <span class='ocrx_word' id='word_1_309' title='bbox 941 1742 1008 1763; x_wconf 85' lang='lat' dir='ltr'>esse</span> <span class='ocrx_word' id='word_1_310' title='bbox 1033 1731 1188 1764; x_wconf 87' lang='lat' dir='ltr'>diximus?</span> <span class='ocrx_word' id='word_1_311' title='bbox 1233 1731 1308 1764; x_wconf 74' lang='lat' dir='ltr'>Ma.</span> <span class='ocrx_word' id='word_1_312' title='bbox 1331 1730 1573 1763; x_wconf 82' lang='lat' dir='ltr'>Affirmavimus.</span> <span class='ocrx_word' id='word_1_313' title='bbox 1617 1730 1675 1763; x_wconf 83' lang='lat' dir='ltr'>so.</span> 
     </span>
     <span class='ocr_line' id='line_1_29' title="bbox 210 1784 1676 1826; baseline -0.003 -7"><span class='ocrx_word' id='word_1_314' title='bbox 210 1787 334 1819; x_wconf 83' lang='lat' dir='ltr'>Sanitas</span> <span class='ocrx_word' id='word_1_315' title='bbox 356 1797 461 1818; x_wconf 90' lang='lat' dir='ltr'>nonne</span> <span class='ocrx_word' id='word_1_316' title='bbox 485 1786 642 1818; x_wconf 88' lang='lat' dir='ltr'>amicum?</span> <span class='ocrx_word' id='word_1_317' title='bbox 689 1786 760 1817; x_wconf 70' lang='lat' dir='ltr'>Mn.</span> <span class='ocrx_word' id='word_1_318' title='bbox 784 1785 901 1817; x_wconf 85' lang='lat' dir='ltr'>Valde.</span> <span class='ocrx_word' id='word_1_319' title='bbox 945 1786 1000 1817; x_wconf 89' lang='lat' dir='ltr'>So.</span> <span class='ocrx_word' id='word_1_320' title='bbox 1024 1785 1058 1817; x_wconf 89' lang='lat' dir='ltr'>Si</span> <span class='ocrx_word' id='word_1_321' title='bbox 1072 1786 1218 1823; x_wconf 87' lang='lat' dir='ltr'>amicum,</span> <span class='ocrx_word' id='word_1_322' title='bbox 1244 1784 1377 1826; x_wconf 86' lang='lat' dir='ltr'>alicujus</span> <span class='ocrx_word' id='word_1_323' title='bbox 1403 1784 1501 1826; x_wconf 81' lang='lat' dir='ltr'>gratia</span> <span class='ocrx_word' id='word_1_324' title='bbox 1526 1788 1575 1816; x_wconf 71' lang='lat' dir='ltr'>est</span> <span class='ocrx_word' id='word_1_325' title='bbox 1598 1784 1676 1816; x_wconf 87' lang='lat' dir='ltr'>ami-</span> 
     </span>
     <span class='ocr_line' id='line_1_30' title="bbox 209 1836 1677 1880; baseline -0.003 -7"><span class='ocrx_word' id='word_1_326' title='bbox 209 1851 293 1873; x_wconf 88' lang='lat' dir='ltr'>cum.</span> <span class='ocrx_word' id='word_1_327' title='bbox 346 1840 409 1872; x_wconf 63' lang='grc' dir='ltr'>ΙΝ.</span> <span class='ocrx_word' id='word_1_328' title='bbox 442 1839 510 1873; x_wconf 89' lang='lat' dir='ltr'>Est.</span> <span class='ocrx_word' id='word_1_329' title='bbox 557 1840 614 1871; x_wconf 89' lang='lat' dir='ltr'>So.</span> <span class='ocrx_word' id='word_1_330' title='bbox 647 1839 751 1871; x_wconf 88' lang='lat' dir='ltr'>Amici</span> <span class='ocrx_word' id='word_1_331' title='bbox 778 1839 913 1879; x_wconf 87' lang='lat' dir='ltr'>scilicet,</span> <span class='ocrx_word' id='word_1_332' title='bbox 937 1839 964 1870; x_wconf 83' lang='lat' dir='ltr'>si</span> <span class='ocrx_word' id='word_1_333' title='bbox 990 1849 1083 1880; x_wconf 85' lang='lat' dir='ltr'>supra</span> <span class='ocrx_word' id='word_1_334' title='bbox 1107 1849 1257 1870; x_wconf 81' lang='lat' dir='ltr'>concessa</span> <span class='ocrx_word' id='word_1_335' title='bbox 1286 1844 1481 1880; x_wconf 85' lang='lat' dir='ltr'>permanent.</span> <span class='ocrx_word' id='word_1_336' title='bbox 1535 1838 1610 1870; x_wconf 75' lang='grc' dir='ltr'>Μι.</span> <span class='ocrx_word' id='word_1_337' title='bbox 1632 1836 1677 1869; x_wconf 79' lang='lat' dir='ltr'>Et</span> 
     </span>
     <span class='ocr_line' id='line_1_31' title="bbox 211 1891 1678 1936; baseline -0.003 -10"><span class='ocrx_word' id='word_1_338' title='bbox 211 1894 316 1926; x_wconf 79' lang='lat' dir='ltr'>amici.</span> <span class='ocrx_word' id='word_1_339' title='bbox 359 1894 417 1927; x_wconf 88' lang='lat' dir='ltr'>So.</span> <span class='ocrx_word' id='word_1_340' title='bbox 439 1893 595 1936; x_wconf 89' lang='lat' dir='ltr'>Nunquid</span> <span class='ocrx_word' id='word_1_341' title='bbox 611 1898 644 1925; x_wconf 87' lang='lat' dir='ltr'>et</span> <span class='ocrx_word' id='word_1_342' title='bbox 657 1893 736 1925; x_wconf 90' lang='lat' dir='ltr'>illud</span> <span class='ocrx_word' id='word_1_343' title='bbox 751 1893 862 1924; x_wconf 84' lang='lat' dir='ltr'>iterum</span> <span class='ocrx_word' id='word_1_344' title='bbox 878 1892 971 1924; x_wconf 85' lang='lat' dir='ltr'>amici</span> <span class='ocrx_word' id='word_1_345' title='bbox 986 1903 1079 1924; x_wconf 81' lang='lat' dir='ltr'>causa</span> <span class='ocrx_word' id='word_1_346' title='bbox 1094 1892 1226 1924; x_wconf 88' lang='lat' dir='ltr'>amicum</span> <span class='ocrx_word' id='word_1_347' title='bbox 1249 1893 1330 1924; x_wconf 86' lang='lat' dir='ltr'>erit?</span> <span class='ocrx_word' id='word_1_348' title='bbox 1373 1892 1448 1924; x_wconf 79' lang='lat' dir='ltr'>Mn.</span> <span class='ocrx_word' id='word_1_349' title='bbox 1471 1891 1577 1924; x_wconf 77' lang='lat' dir='ltr'>Certe.</span> <span class='ocrx_word' id='word_1_350' title='bbox 1620 1891 1678 1923; x_wconf 86' lang='lat' dir='ltr'>So.</span> 
     </span>
     <span class='ocr_line' id='line_1_32' title="bbox 211 1940 1678 1990; baseline -0.003 -10"><span class='ocrx_word' id='word_1_351' title='bbox 211 1940 430 1980; x_wconf 85' lang='lat' dir='ltr'>Necessarium</span> <span class='ocrx_word' id='word_1_352' title='bbox 442 1953 502 1986; x_wconf 84' lang='lat' dir='ltr'>est,</span> <span class='ocrx_word' id='word_1_353' title='bbox 517 1952 551 1979; x_wconf 94' lang='lat' dir='ltr'>ut</span> <span class='ocrx_word' id='word_1_354' title='bbox 566 1948 626 1980; x_wconf 89' lang='lat' dir='ltr'>hoc</span> <span class='ocrx_word' id='word_1_355' title='bbox 642 1958 804 1990; x_wconf 86' lang='lat' dir='ltr'>progressu</span> <span class='ocrx_word' id='word_1_356' title='bbox 821 1947 860 1978; x_wconf 89' lang='lat' dir='ltr'>ad</span> <span class='ocrx_word' id='word_1_357' title='bbox 878 1946 1065 1989; x_wconf 86' lang='lat' dir='ltr'>principium</span> <span class='ocrx_word' id='word_1_358' title='bbox 1081 1947 1240 1989; x_wconf 82' lang='lat' dir='ltr'>quoddam</span> <span class='ocrx_word' id='word_1_359' title='bbox 1257 1946 1487 1988; x_wconf 78' lang='lat' dir='ltr'>perveniamus,</span> <span class='ocrx_word' id='word_1_360' title='bbox 1510 1944 1596 1988; x_wconf 85' lang='lat' dir='ltr'>quod</span> <span class='ocrx_word' id='word_1_361' title='bbox 1611 1954 1678 1976; x_wconf 87' lang='lat' dir='ltr'>non</span> 
     </span>
     <span class='ocr_line' id='line_1_33' title="bbox 213 1997 1678 2043; baseline -0.002 -10"><span class='ocrx_word' id='word_1_362' title='bbox 213 2002 295 2033; x_wconf 87' lang='lat' dir='ltr'>ultra</span> <span class='ocrx_word' id='word_1_363' title='bbox 309 2002 342 2033; x_wconf 92' lang='lat' dir='ltr'>in</span> <span class='ocrx_word' id='word_1_364' title='bbox 357 2002 491 2034; x_wconf 85' lang='lat' dir='ltr'>amicum</span> <span class='ocrx_word' id='word_1_365' title='bbox 507 2001 592 2033; x_wconf 88' lang='lat' dir='ltr'>aliud</span> <span class='ocrx_word' id='word_1_366' title='bbox 607 2002 767 2043; x_wconf 87' lang='lat' dir='ltr'>referatur,</span> <span class='ocrx_word' id='word_1_367' title='bbox 784 2002 838 2033; x_wconf 89' lang='lat' dir='ltr'>sed</span> <span class='ocrx_word' id='word_1_368' title='bbox 862 2001 895 2032; x_wconf 88' lang='lat' dir='ltr'>in</span> <span class='ocrx_word' id='word_1_369' title='bbox 917 2001 1019 2042; x_wconf 87' lang='lat' dir='ltr'>ipsum</span> <span class='ocrx_word' id='word_1_370' title='bbox 1038 2001 1124 2042; x_wconf 90' lang='lat' dir='ltr'>quod</span> <span class='ocrx_word' id='word_1_371' title='bbox 1149 2001 1282 2043; x_wconf 90' lang='lat' dir='ltr'>primum</span> <span class='ocrx_word' id='word_1_372' title='bbox 1305 1999 1438 2031; x_wconf 84' lang='lat' dir='ltr'>amicum</span> <span class='ocrx_word' id='word_1_373' title='bbox 1460 2004 1519 2039; x_wconf 84' lang='lat' dir='ltr'>est,</span> <span class='ocrx_word' id='word_1_374' title='bbox 1543 1997 1678 2041; x_wconf 81' lang='lat' dir='ltr'>singula,</span> 
     </span>
     <span class='ocr_line' id='line_1_34' title="bbox 213 2053 1679 2098; baseline -0.003 -10"><span class='ocrx_word' id='word_1_375' title='bbox 213 2066 285 2098; x_wconf 81' lang='lat' dir='ltr'>quae</span> <span class='ocrx_word' id='word_1_376' title='bbox 310 2056 458 2089; x_wconf 92' lang='lat' dir='ltr'>dicuntur</span> <span class='ocrx_word' id='word_1_377' title='bbox 481 2055 593 2093; x_wconf 83' lang='lat' dir='ltr'>amica,</span> <span class='ocrx_word' id='word_1_378' title='bbox 620 2055 799 2098; x_wconf 88' lang='lat' dir='ltr'>respiciant.</span> <span class='ocrx_word' id='word_1_379' title='bbox 843 2055 916 2086; x_wconf 73' lang='grc' dir='ltr'>ΜΕ.</span> <span class='ocrx_word' id='word_1_380' title='bbox 940 2054 1173 2087; x_wconf 81' lang='lat' dir='ltr'>Necessarium.</span> <span class='ocrx_word' id='word_1_381' title='bbox 1219 2054 1272 2086; x_wconf 91' lang='lat' dir='ltr'>So.</span> <span class='ocrx_word' id='word_1_382' title='bbox 1297 2054 1370 2086; x_wconf 88' lang='lat' dir='ltr'>Hoc</span> <span class='ocrx_word' id='word_1_383' title='bbox 1390 2058 1450 2092; x_wconf 75' lang='lat' dir='ltr'>est,</span> <span class='ocrx_word' id='word_1_384' title='bbox 1473 2053 1559 2096; x_wconf 87' lang='lat' dir='ltr'>quod</span> <span class='ocrx_word' id='word_1_385' title='bbox 1583 2053 1679 2084; x_wconf 87' lang='lat' dir='ltr'>modo</span> 
     </span>
     <span class='ocr_line' id='line_1_35' title="bbox 213 2107 1679 2151; baseline -0.002 -10"><span class='ocrx_word' id='word_1_386' title='bbox 213 2110 356 2142; x_wconf 72' lang='lat' dir='ltr'>dIcebam</span> <span class='ocrx_word' id='word_1_387' title='bbox 381 2110 654 2147; x_wconf 86' lang='lat' dir='ltr'>considerandum,</span> <span class='ocrx_word' id='word_1_388' title='bbox 678 2120 718 2142; x_wconf 87' lang='lat' dir='ltr'>ne</span> <span class='ocrx_word' id='word_1_389' title='bbox 739 2109 858 2151; x_wconf 84' lang='lat' dir='ltr'>reliqua</span> <span class='ocrx_word' id='word_1_390' title='bbox 880 2108 998 2150; x_wconf 88' lang='lat' dir='ltr'>omnia,</span> <span class='ocrx_word' id='word_1_391' title='bbox 1024 2119 1094 2150; x_wconf 83' lang='lat' dir='ltr'>quae</span> <span class='ocrx_word' id='word_1_392' title='bbox 1117 2108 1216 2139; x_wconf 83' lang='lat' dir='ltr'>amica</span> <span class='ocrx_word' id='word_1_393' title='bbox 1242 2107 1339 2149; x_wconf 84' lang='lat' dir='ltr'>gratia</span> <span class='ocrx_word' id='word_1_394' title='bbox 1362 2107 1447 2139; x_wconf 90' lang='lat' dir='ltr'>illius</span> <span class='ocrx_word' id='word_1_395' title='bbox 1467 2107 1679 2150; x_wconf 79' lang='lat' dir='ltr'>praediximus,</span> 
     </span>
     <span class='ocr_line' id='line_1_36' title="bbox 214 2159 1681 2206; baseline -0.002 -11"><span class='ocrx_word' id='word_1_396' title='bbox 214 2169 363 2206; x_wconf 85' lang='lat' dir='ltr'>tanquam</span> <span class='ocrx_word' id='word_1_397' title='bbox 378 2163 542 2203; x_wconf 66' lang='lat' dir='ltr'>simulacra</span> <span class='ocrx_word' id='word_1_398' title='bbox 556 2164 699 2205; x_wconf 84' lang='lat' dir='ltr'>quaedam</span> <span class='ocrx_word' id='word_1_399' title='bbox 717 2163 785 2205; x_wconf 85' lang='lat' dir='ltr'>ejus</span> <span class='ocrx_word' id='word_1_400' title='bbox 795 2174 853 2195; x_wconf 90' lang='lat' dir='ltr'>nos</span> <span class='ocrx_word' id='word_1_401' title='bbox 864 2163 1025 2205; x_wconf 81' lang='lat' dir='ltr'>decipiant</span> <span class='ocrx_word' id='word_1_402' title='bbox 1038 2173 1046 2194; x_wconf 90' lang='lat'><strong>:</strong></span> <span class='ocrx_word' id='word_1_403' title='bbox 1072 2162 1150 2193; x_wconf 87' lang='lat' dir='ltr'>illud</span> <span class='ocrx_word' id='word_1_404' title='bbox 1165 2166 1269 2193; x_wconf 85' lang='lat' dir='ltr'>autem</span> <span class='ocrx_word' id='word_1_405' title='bbox 1286 2161 1418 2204; x_wconf 87' lang='lat' dir='ltr'>primum</span> <span class='ocrx_word' id='word_1_406' title='bbox 1430 2171 1534 2193; x_wconf 86' lang='lat' dir='ltr'>revera</span> <span class='ocrx_word' id='word_1_407' title='bbox 1545 2160 1586 2192; x_wconf 82' lang='lat' dir='ltr'>sit</span> <span class='ocrx_word' id='word_1_408' title='bbox 1603 2159 1681 2192; x_wconf 88' lang='lat' dir='ltr'>ami·</span> 
     </span>
     <span class='ocr_line' id='line_1_37' title="bbox 214 2215 1680 2260; baseline -0.003 -10"><span class='ocrx_word' id='word_1_409' title='bbox 214 2228 298 2250; x_wconf 87' lang='lat' dir='ltr'>cum.</span> <span class='ocrx_word' id='word_1_410' title='bbox 343 2216 585 2251; x_wconf 87' lang='lat' dir='ltr'>Consideremus</span> <span class='ocrx_word' id='word_1_411' title='bbox 603 2218 699 2259; x_wconf 82' lang='lat' dir='ltr'>igitur</span> <span class='ocrx_word' id='word_1_412' title='bbox 711 2219 772 2249; x_wconf 90' lang='lat' dir='ltr'>hoc</span> <span class='ocrx_word' id='word_1_413' title='bbox 787 2222 893 2260; x_wconf 87' lang='lat' dir='ltr'>pacto.</span> <span class='ocrx_word' id='word_1_414' title='bbox 939 2217 1036 2255; x_wconf 86' lang='lat' dir='ltr'>Quod</span> <span class='ocrx_word' id='word_1_415' title='bbox 1061 2217 1193 2259; x_wconf 89' lang='lat' dir='ltr'>quisque</span> <span class='ocrx_word' id='word_1_416' title='bbox 1217 2215 1306 2247; x_wconf 86' lang='lat' dir='ltr'>multi</span> <span class='ocrx_word' id='word_1_417' title='bbox 1321 2215 1412 2256; x_wconf 80' lang='lat' dir='ltr'>facit,</span> <span class='ocrx_word' id='word_1_418' title='bbox 1434 2220 1470 2246; x_wconf 87' lang='lat' dir='ltr'>ut</span> <span class='ocrx_word' id='word_1_419' title='bbox 1491 2220 1569 2257; x_wconf 85' lang='lat' dir='ltr'>puta</span> <span class='ocrx_word' id='word_1_420' title='bbox 1592 2219 1680 2256; x_wconf 78' lang='lat' dir='ltr'>pater</span> 
     </span>
     <span class='ocr_line' id='line_1_38' title="bbox 215 2269 1680 2313; baseline -0.001 -11"><span class='ocrx_word' id='word_1_421' title='bbox 215 2272 325 2308; x_wconf 85' lang='lat' dir='ltr'>filium,</span> <span class='ocrx_word' id='word_1_422' title='bbox 341 2272 431 2302; x_wconf 87' lang='lat' dir='ltr'>rebus</span> <span class='ocrx_word' id='word_1_423' title='bbox 446 2271 514 2302; x_wconf 86' lang='lat' dir='ltr'>aliis</span> <span class='ocrx_word' id='word_1_424' title='bbox 527 2272 692 2313; x_wconf 83' lang='lat' dir='ltr'>anteponit</span> <span class='ocrx_word' id='word_1_425' title='bbox 705 2282 714 2303; x_wconf 74' lang='grc' dir='ltr'><strong>ε</strong></span> <span class='ocrx_word' id='word_1_426' title='bbox 738 2269 871 2313; x_wconf 65' lang='lat' dir='ltr'>talisque</span> <span class='ocrx_word' id='word_1_427' title='bbox 886 2271 932 2302; x_wconf 86' lang='lat' dir='ltr'>vir</span> <span class='ocrx_word' id='word_1_428' title='bbox 945 2282 983 2302; x_wconf 87' lang='lat' dir='ltr'>ex</span> <span class='ocrx_word' id='word_1_429' title='bbox 999 2281 1037 2302; x_wconf 89' lang='lat' dir='ltr'>eo</span> <span class='ocrx_word' id='word_1_430' title='bbox 1052 2271 1138 2313; x_wconf 91' lang='lat' dir='ltr'>quod</span> <span class='ocrx_word' id='word_1_431' title='bbox 1158 2270 1255 2302; x_wconf 83' lang='lat' dir='ltr'>filium</span> <span class='ocrx_word' id='word_1_432' title='bbox 1272 2270 1362 2301; x_wconf 86' lang='lat' dir='ltr'>multi</span> <span class='ocrx_word' id='word_1_433' title='bbox 1378 2269 1466 2307; x_wconf 85' lang='lat' dir='ltr'>facit,</span> <span class='ocrx_word' id='word_1_434' title='bbox 1481 2269 1542 2300; x_wconf 83' lang='lat' dir='ltr'>alia</span> <span class='ocrx_word' id='word_1_435' title='bbox 1553 2279 1680 2311; x_wconf 80' lang='lat' dir='ltr'>quoque</span> 
     </span>
     <span class='ocr_line' id='line_1_39' title="bbox 214 2322 1681 2367; baseline -0.001 -12"><span class='ocrx_word' id='word_1_436' title='bbox 214 2325 367 2356; x_wconf 89' lang='lat' dir='ltr'>nonnulla</span> <span class='ocrx_word' id='word_1_437' title='bbox 383 2325 424 2356; x_wconf 91' lang='lat' dir='ltr'>ob</span> <span class='ocrx_word' id='word_1_438' title='bbox 439 2324 525 2356; x_wconf 89' lang='lat' dir='ltr'>illum</span> <span class='ocrx_word' id='word_1_439' title='bbox 542 2325 684 2359; x_wconf 84' lang='lat' dir='ltr'>aestimat.</span> <span class='ocrx_word' id='word_1_440' title='bbox 729 2324 873 2367; x_wconf 83' lang='lat' dir='ltr'>Exempli</span> <span class='ocrx_word' id='word_1_441' title='bbox 888 2335 993 2362; x_wconf 85' lang='lat' dir='ltr'>causa,</span> <span class='ocrx_word' id='word_1_442' title='bbox 1018 2325 1043 2356; x_wconf 90' lang='lat' dir='ltr'>si</span> <span class='ocrx_word' id='word_1_443' title='bbox 1067 2324 1156 2356; x_wconf 89' lang='lat' dir='ltr'>illum</span> <span class='ocrx_word' id='word_1_444' title='bbox 1180 2324 1315 2356; x_wconf 84' lang='lat' dir='ltr'>cicutam</span> <span class='ocrx_word' id='word_1_445' title='bbox 1331 2323 1464 2355; x_wconf 82' lang='lat' dir='ltr'>ebibisse</span> <span class='ocrx_word' id='word_1_446' title='bbox 1479 2322 1619 2365; x_wconf 80' lang='lat' dir='ltr'>senserit,</span> <span class='ocrx_word' id='word_1_447' title='bbox 1635 2322 1681 2354; x_wconf 78' lang='lat' dir='ltr'>vi-</span> 
     </span>
     <span class='ocr_line' id='line_1_40' title="bbox 215 2376 1680 2420; baseline -0.002 -9"><span class='ocrx_word' id='word_1_448' title='bbox 215 2389 290 2411; x_wconf 88' lang='lat' dir='ltr'>num</span> <span class='ocrx_word' id='word_1_449' title='bbox 306 2378 431 2420; x_wconf 89' lang='lat' dir='ltr'>plurimi</span> <span class='ocrx_word' id='word_1_450' title='bbox 445 2379 551 2415; x_wconf 82' lang='lat' dir='ltr'>faciet.</span> <span class='ocrx_word' id='word_1_451' title='bbox 567 2380 663 2410; x_wconf 84' lang='lat' dir='ltr'>modo</span> <span class='ocrx_word' id='word_1_452' title='bbox 678 2390 800 2411; x_wconf 85' lang='lat' dir='ltr'>venena</span> <span class='ocrx_word' id='word_1_453' title='bbox 815 2384 991 2411; x_wconf 83' lang='lat' dir='ltr'>curaturum</span> <span class='ocrx_word' id='word_1_454' title='bbox 1015 2378 1182 2411; x_wconf 84' lang='lat' dir='ltr'>existimet.</span> <span class='ocrx_word' id='word_1_455' title='bbox 1228 2378 1300 2410; x_wconf 74' lang='grc' dir='ltr'>ΜΕ.</span> <span class='ocrx_word' id='word_1_456' title='bbox 1324 2377 1366 2409; x_wconf 91' lang='grc' dir='ltr'><strong>Ει</strong></span> <span class='ocrx_word' id='word_1_457' title='bbox 1385 2377 1518 2408; x_wconf 84' lang='lat' dir='ltr'>maxime</span> <span class='ocrx_word' id='word_1_458' title='bbox 1540 2376 1680 2418; x_wconf 84' lang='lat' dir='ltr'>quidem.</span> 
     </span>
     <span class='ocr_line' id='line_1_41' title="bbox 215 2430 1682 2475; baseline -0.001 -11"><span class='ocrx_word' id='word_1_459' title='bbox 215 2433 272 2464; x_wconf 88' lang='lat' dir='ltr'>So.</span> <span class='ocrx_word' id='word_1_460' title='bbox 295 2431 449 2474; x_wconf 90' lang='lat' dir='ltr'>Nunquid</span> <span class='ocrx_word' id='word_1_461' title='bbox 466 2437 499 2463; x_wconf 89' lang='lat' dir='ltr'>et</span> <span class='ocrx_word' id='word_1_462' title='bbox 513 2434 703 2474; x_wconf 83' lang='lat' dir='ltr'>amphoram,</span> <span class='ocrx_word' id='word_1_463' title='bbox 731 2433 765 2464; x_wconf 90' lang='lat' dir='ltr'>in</span> <span class='ocrx_word' id='word_1_464' title='bbox 788 2443 850 2475; x_wconf 84' lang='lat' dir='ltr'>qua</span> <span class='ocrx_word' id='word_1_465' title='bbox 865 2433 1000 2464; x_wconf 85' lang='lat' dir='ltr'>vinum?</span> <span class='ocrx_word' id='word_1_466' title='bbox 1045 2433 1120 2465; x_wconf 74' lang='grc' dir='ltr'>ΜΕ.</span> <span class='ocrx_word' id='word_1_467' title='bbox 1144 2432 1260 2464; x_wconf 90' lang='lat' dir='ltr'>Valde.</span> <span class='ocrx_word' id='word_1_468' title='bbox 1305 2431 1364 2463; x_wconf 85' lang='lat' dir='ltr'>So.</span> <span class='ocrx_word' id='word_1_469' title='bbox 1387 2430 1472 2462; x_wconf 91' lang='lat' dir='ltr'>Num</span> <span class='ocrx_word' id='word_1_470' title='bbox 1489 2430 1586 2472; x_wconf 85' lang='lat' dir='ltr'>pluris</span> <span class='ocrx_word' id='word_1_471' title='bbox 1600 2430 1682 2462; x_wconf 75' lang='lat' dir='ltr'>testi·</span> 
     </span>
     <span class='ocr_line' id='line_1_42' title="bbox 216 2485 1683 2530; baseline -0.002 -12"><span class='ocrx_word' id='word_1_472' title='bbox 216 2491 281 2518; x_wconf 80' lang='lat' dir='ltr'>mat</span> <span class='ocrx_word' id='word_1_473' title='bbox 295 2491 370 2517; x_wconf 90' lang='lat' dir='ltr'>tunc</span> <span class='ocrx_word' id='word_1_474' title='bbox 385 2486 514 2518; x_wconf 86' lang='lat' dir='ltr'>calicem</span> <span class='ocrx_word' id='word_1_475' title='bbox 531 2486 670 2523; x_wconf 85' lang='lat' dir='ltr'>fictilem,</span> <span class='ocrx_word' id='word_1_476' title='bbox 697 2492 751 2517; x_wconf 91' lang='lat' dir='ltr'>aut</span> <span class='ocrx_word' id='word_1_477' title='bbox 767 2492 827 2519; x_wconf 85' lang='lat' dir='ltr'>tres</span> <span class='ocrx_word' id='word_1_478' title='bbox 847 2488 991 2530; x_wconf 80' lang='lat' dir='ltr'>cyathos,</span> <span class='ocrx_word' id='word_1_479' title='bbox 1013 2498 1107 2529; x_wconf 90' lang='lat' dir='ltr'>quam</span> <span class='ocrx_word' id='word_1_480' title='bbox 1134 2486 1255 2522; x_wconf 81' lang='lat' dir='ltr'>filium?</span> <span class='ocrx_word' id='word_1_481' title='bbox 1279 2495 1319 2517; x_wconf 88' lang='lat' dir='ltr'>an</span> <span class='ocrx_word' id='word_1_482' title='bbox 1335 2485 1440 2527; x_wconf 86' lang='lat' dir='ltr'>potius</span> <span class='ocrx_word' id='word_1_483' title='bbox 1456 2485 1500 2516; x_wconf 83' lang='lat' dir='ltr'>sic</span> <span class='ocrx_word' id='word_1_484' title='bbox 1514 2495 1547 2516; x_wconf 86' lang='lat' dir='ltr'>se</span> <span class='ocrx_word' id='word_1_485' title='bbox 1562 2494 1610 2516; x_wconf 86' lang='lat' dir='ltr'>res</span> <span class='ocrx_word' id='word_1_486' title='bbox 1625 2485 1683 2515; x_wconf 87' lang='lat' dir='ltr'>ha·</span> 
     </span>
     <span class='ocr_line' id='line_1_43' title="bbox 217 2537 1683 2582; baseline -0.001 -12"><span class='ocrx_word' id='word_1_487' title='bbox 217 2540 291 2572; x_wconf 84' lang='lat' dir='ltr'>bet?</span> <span class='ocrx_word' id='word_1_488' title='bbox 314 2550 406 2571; x_wconf 90' lang='lat' dir='ltr'>omne</span> <span class='ocrx_word' id='word_1_489' title='bbox 420 2540 481 2571; x_wconf 86' lang='lat' dir='ltr'>hoc</span> <span class='ocrx_word' id='word_1_490' title='bbox 496 2540 633 2571; x_wconf 89' lang='lat' dir='ltr'>studium</span> <span class='ocrx_word' id='word_1_491' title='bbox 649 2550 713 2572; x_wconf 92' lang='lat' dir='ltr'>non</span> <span class='ocrx_word' id='word_1_492' title='bbox 728 2540 789 2571; x_wconf 87' lang='lat' dir='ltr'>ista</span> <span class='ocrx_word' id='word_1_493' title='bbox 803 2540 943 2582; x_wconf 87' lang='lat' dir='ltr'>respicit,</span> <span class='ocrx_word' id='word_1_494' title='bbox 958 2551 1028 2582; x_wconf 84' lang='lat' dir='ltr'>quae</span> <span class='ocrx_word' id='word_1_495' title='bbox 1052 2540 1178 2572; x_wconf 82' lang='lat' dir='ltr'>alterius</span> <span class='ocrx_word' id='word_1_496' title='bbox 1203 2539 1302 2581; x_wconf 78' lang='lat' dir='ltr'>gratia</span> <span class='ocrx_word' id='word_1_497' title='bbox 1323 2544 1554 2581; x_wconf 79' lang='lat' dir='ltr'>praeparantur:</span> <span class='ocrx_word' id='word_1_498' title='bbox 1578 2538 1634 2569; x_wconf 83' lang='lat' dir='ltr'>sed</span> <span class='ocrx_word' id='word_1_499' title='bbox 1649 2537 1683 2569; x_wconf 88' lang='lat' dir='ltr'>iu</span> 
     </span>
     <span class='ocr_line' id='line_1_44' title="bbox 215 2592 1683 2636; baseline -0.001 -11"><span class='ocrx_word' id='word_1_500' title='bbox 215 2594 293 2625; x_wconf 88' lang='lat' dir='ltr'>illud</span> <span class='ocrx_word' id='word_1_501' title='bbox 311 2593 423 2630; x_wconf 88' lang='lat' dir='ltr'>tendit,</span> <span class='ocrx_word' id='word_1_502' title='bbox 437 2593 527 2635; x_wconf 86' lang='lat' dir='ltr'>cujus</span> <span class='ocrx_word' id='word_1_503' title='bbox 541 2604 635 2625; x_wconf 86' lang='lat' dir='ltr'>causa</span> <span class='ocrx_word' id='word_1_504' title='bbox 649 2598 751 2625; x_wconf 89' lang='lat' dir='ltr'>cetera</span> <span class='ocrx_word' id='word_1_505' title='bbox 767 2594 898 2635; x_wconf 81' lang='lat' dir='ltr'>quaesita</span> <span class='ocrx_word' id='word_1_506' title='bbox 913 2599 996 2626; x_wconf 88' lang='lat' dir='ltr'>sunt.</span> <span class='ocrx_word' id='word_1_507' title='bbox 1021 2594 1118 2636; x_wconf 80' lang='lat'><strong>[220]</strong></span> <span class='ocrx_word' id='word_1_508' title='bbox 1144 2594 1258 2635; x_wconf 88' lang='lat' dir='ltr'>Neque</span> <span class='ocrx_word' id='word_1_509' title='bbox 1283 2603 1387 2624; x_wconf 84' lang='lat' dir='ltr'>verum</span> <span class='ocrx_word' id='word_1_510' title='bbox 1403 2596 1462 2629; x_wconf 85' lang='lat' dir='ltr'>est,</span> <span class='ocrx_word' id='word_1_511' title='bbox 1486 2592 1571 2634; x_wconf 88' lang='lat' dir='ltr'>quod</span> <span class='ocrx_word' id='word_1_512' title='bbox 1597 2602 1683 2633; x_wconf 67' lang='lat' dir='ltr'>sepe</span> 
     </span>
     <span class='ocr_line' id='line_1_45' title="bbox 217 2645 1681 2689; baseline -0.002 -10"><span class='ocrx_word' id='word_1_513' title='bbox 217 2647 361 2685; x_wconf 85' lang='lat' dir='ltr'>dicimus,</span> <span class='ocrx_word' id='word_1_514' title='bbox 372 2647 457 2689; x_wconf 86' lang='lat' dir='ltr'>quod</span> <span class='ocrx_word' id='word_1_515' title='bbox 473 2652 633 2688; x_wconf 83' lang='lat' dir='ltr'>argentum</span> <span class='ocrx_word' id='word_1_516' title='bbox 650 2652 682 2678; x_wconf 85' lang='lat' dir='ltr'>et</span> <span class='ocrx_word' id='word_1_517' title='bbox 695 2658 802 2679; x_wconf 88' lang='lat' dir='ltr'>aurum</span> <span class='ocrx_word' id='word_1_518' title='bbox 817 2648 906 2679; x_wconf 88' lang='lat' dir='ltr'>multi</span> <span class='ocrx_word' id='word_1_519' title='bbox 922 2648 1066 2680; x_wconf 82' lang='lat' dir='ltr'>facimus.</span> <span class='ocrx_word' id='word_1_520' title='bbox 1111 2648 1211 2679; x_wconf 89' lang='lat' dir='ltr'>omnis</span> <span class='ocrx_word' id='word_1_521' title='bbox 1225 2647 1345 2689; x_wconf 85' lang='lat' dir='ltr'>quippe</span> <span class='ocrx_word' id='word_1_522' title='bbox 1354 2646 1488 2677; x_wconf 85' lang='lat' dir='ltr'>intentio</span> <span class='ocrx_word' id='word_1_523' title='bbox 1502 2645 1681 2677; x_wconf 59' lang='lat' dir='ltr'>aetimatio-</span> 
     </span>
     <span class='ocr_line' id='line_1_46' title="bbox 218 2700 1682 2744; baseline -0.002 -11"><span class='ocrx_word' id='word_1_524' title='bbox 218 2711 280 2744; x_wconf 87' lang='lat' dir='ltr'>que</span> <span class='ocrx_word' id='word_1_525' title='bbox 302 2701 388 2732; x_wconf 88' lang='lat' dir='ltr'>illius</span> <span class='ocrx_word' id='word_1_526' title='bbox 409 2700 502 2731; x_wconf 84' lang='lat' dir='ltr'>unius</span> <span class='ocrx_word' id='word_1_527' title='bbox 524 2706 582 2737; x_wconf 86' lang='lat' dir='ltr'>est.</span> <span class='ocrx_word' id='word_1_528' title='bbox 604 2701 644 2732; x_wconf 89' lang='lat' dir='ltr'>ad</span> <span class='ocrx_word' id='word_1_529' title='bbox 663 2702 748 2743; x_wconf 85' lang='lat' dir='ltr'>quod</span> <span class='ocrx_word' id='word_1_530' title='bbox 771 2702 830 2733; x_wconf 88' lang='lat' dir='ltr'>ista</span> <span class='ocrx_word' id='word_1_531' title='bbox 849 2707 1007 2744; x_wconf 84' lang='lat' dir='ltr'>parantur.</span> <span class='ocrx_word' id='word_1_532' title='bbox 1051 2702 1123 2733; x_wconf 74' lang='lat' dir='ltr'>Mn.</span> <span class='ocrx_word' id='word_1_533' title='bbox 1146 2702 1290 2734; x_wconf 83' lang='lat' dir='ltr'>Constat.</span> <span class='ocrx_word' id='word_1_534' title='bbox 1336 2701 1392 2732; x_wconf 88' lang='lat' dir='ltr'>So.</span> <span class='ocrx_word' id='word_1_535' title='bbox 1414 2700 1534 2732; x_wconf 84' lang='lat' dir='ltr'>Eadem</span> <span class='ocrx_word' id='word_1_536' title='bbox 1555 2709 1682 2742; x_wconf 77' lang='lat' dir='ltr'>quoquc</span> 
     </span>
     <span class='ocr_line' id='line_1_47' title="bbox 218 2752 1683 2797; baseline -0.001 -11"><span class='ocrx_word' id='word_1_537' title='bbox 218 2755 260 2786; x_wconf 85' lang='lat' dir='ltr'>de</span> <span class='ocrx_word' id='word_1_538' title='bbox 284 2755 384 2786; x_wconf 87' lang='lat' dir='ltr'>amico</span> <span class='ocrx_word' id='word_1_539' title='bbox 400 2754 478 2785; x_wconf 88' lang='lat' dir='ltr'>ratio</span> <span class='ocrx_word' id='word_1_540' title='bbox 498 2758 556 2785; x_wconf 83' lang='lat' dir='ltr'>est.</span> <span class='ocrx_word' id='word_1_541' title='bbox 601 2754 808 2797; x_wconf 64' lang='lat' dir='ltr'>Quaecunque</span> <span class='ocrx_word' id='word_1_542' title='bbox 827 2755 922 2795; x_wconf 89' lang='lat' dir='ltr'>enim,</span> <span class='ocrx_word' id='word_1_543' title='bbox 950 2755 1043 2787; x_wconf 87' lang='lat' dir='ltr'>amici</span> <span class='ocrx_word' id='word_1_544' title='bbox 1065 2755 1229 2797; x_wconf 86' lang='lat' dir='ltr'>cujusdam</span> <span class='ocrx_word' id='word_1_545' title='bbox 1254 2754 1364 2796; x_wconf 82' lang='lat' dir='ltr'>gratia,</span> <span class='ocrx_word' id='word_1_546' title='bbox 1389 2753 1488 2785; x_wconf 82' lang='lat' dir='ltr'>amica</span> <span class='ocrx_word' id='word_1_547' title='bbox 1506 2752 1598 2784; x_wconf 85' lang='lat' dir='ltr'>nobis</span> <span class='ocrx_word' id='word_1_548' title='bbox 1614 2763 1683 2785; x_wconf 80' lang='lat' dir='ltr'>esse</span> 
     </span>
     <span class='ocr_line' id='line_1_48' title="bbox 219 2806 1683 2849; baseline -0.002 -9"><span class='ocrx_word' id='word_1_549' title='bbox 219 2808 363 2845; x_wconf 81' lang='lat' dir='ltr'>diximus.</span> <span class='ocrx_word' id='word_1_550' title='bbox 379 2807 548 2849; x_wconf 86' lang='lat' dir='ltr'>improprio</span> <span class='ocrx_word' id='word_1_551' title='bbox 563 2808 717 2840; x_wconf 86' lang='lat' dir='ltr'>vocabulo</span> <span class='ocrx_word' id='word_1_552' title='bbox 737 2809 977 2840; x_wconf 87' lang='lat' dir='ltr'>nominavimus.</span> <span class='ocrx_word' id='word_1_553' title='bbox 1021 2808 1169 2840; x_wconf 88' lang='lat' dir='ltr'>Amicum</span> <span class='ocrx_word' id='word_1_554' title='bbox 1194 2814 1299 2840; x_wconf 79' lang='lat' dir='ltr'>autom</span> <span class='ocrx_word' id='word_1_555' title='bbox 1326 2817 1432 2840; x_wconf 84' lang='lat' dir='ltr'>revera</span> <span class='ocrx_word' id='word_1_556' title='bbox 1454 2806 1532 2838; x_wconf 84' lang='lat' dir='ltr'>illud</span> <span class='ocrx_word' id='word_1_557' title='bbox 1545 2816 1612 2838; x_wconf 81' lang='lat' dir='ltr'>esse</span> <span class='ocrx_word' id='word_1_558' title='bbox 1625 2816 1683 2848; x_wconf 87' lang='lat' dir='ltr'>ap-</span> 
     </span>
     <span class='ocr_line' id='line_1_49' title="bbox 221 2859 1684 2904; baseline -0.001 -10"><span class='ocrx_word' id='word_1_559' title='bbox 221 2866 320 2904; x_wconf 83' lang='lat' dir='ltr'>paret,</span> <span class='ocrx_word' id='word_1_560' title='bbox 335 2861 367 2892; x_wconf 90' lang='lat' dir='ltr'>in</span> <span class='ocrx_word' id='word_1_561' title='bbox 384 2861 469 2902; x_wconf 89' lang='lat' dir='ltr'>quod</span> <span class='ocrx_word' id='word_1_562' title='bbox 485 2861 533 2892; x_wconf 79' lang='lat' dir='ltr'>hae</span> <span class='ocrx_word' id='word_1_563' title='bbox 549 2872 668 2899; x_wconf 85' lang='lat' dir='ltr'>omnes,</span> <span class='ocrx_word' id='word_1_564' title='bbox 682 2873 752 2904; x_wconf 72' lang='lat' dir='ltr'>qum</span> <span class='ocrx_word' id='word_1_565' title='bbox 768 2868 929 2900; x_wconf 81' lang='lat' dir='ltr'>vocantur,</span> <span class='ocrx_word' id='word_1_566' title='bbox 945 2861 1091 2894; x_wconf 77' lang='lat' dir='ltr'>amicitiae</span> <span class='ocrx_word' id='word_1_567' title='bbox 1105 2863 1249 2894; x_wconf 76' lang='lat' dir='ltr'>tendunt.</span> <span class='ocrx_word' id='word_1_568' title='bbox 1292 2862 1364 2894; x_wconf 69' lang='lat' dir='ltr'>Mt.</span> <span class='ocrx_word' id='word_1_569' title='bbox 1388 2860 1440 2892; x_wconf 84' lang='lat' dir='ltr'>Sic</span> <span class='ocrx_word' id='word_1_570' title='bbox 1449 2859 1582 2892; x_wconf 72' lang='lat' dir='ltr'>videtur.</span> <span class='ocrx_word' id='word_1_571' title='bbox 1625 2859 1684 2893; x_wconf 80' lang='lat' dir='ltr'>So.</span> 
     </span>
     <span class='ocr_line' id='line_1_50' title="bbox 225 2913 1688 2958; baseline -0.001 -11"><span class='ocrx_word' id='word_1_572' title='bbox 225 2917 424 2958; x_wconf 84' lang='lat' dir='ltr'>Quapropter</span> <span class='ocrx_word' id='word_1_573' title='bbox 449 2925 552 2947; x_wconf 83' lang='lat' dir='ltr'>revera</span> <span class='ocrx_word' id='word_1_574' title='bbox 568 2915 713 2958; x_wconf 88' lang='lat' dir='ltr'>amicum,</span> <span class='ocrx_word' id='word_1_575' title='bbox 739 2916 855 2948; x_wconf 87' lang='lat' dir='ltr'>nullius</span> <span class='ocrx_word' id='word_1_576' title='bbox 871 2916 963 2949; x_wconf 83' lang='lat' dir='ltr'>amici</span> <span class='ocrx_word' id='word_1_577' title='bbox 986 2916 1082 2958; x_wconf 76' lang='lat' dir='ltr'>gratia</span> <span class='ocrx_word' id='word_1_578' title='bbox 1105 2922 1151 2949; x_wconf 81' lang='lat' dir='ltr'>est</span> <span class='ocrx_word' id='word_1_579' title='bbox 1173 2917 1317 2948; x_wconf 77' lang='lat' dir='ltr'>amicum.</span> <span class='ocrx_word' id='word_1_580' title='bbox 1363 2914 1435 2946; x_wconf 73' lang='lat' dir='ltr'>Mn.</span> <span class='ocrx_word' id='word_1_581' title='bbox 1458 2913 1585 2947; x_wconf 82' lang='lat' dir='ltr'>verum.</span> <span class='ocrx_word' id='word_1_582' title='bbox 1628 2914 1688 2947; x_wconf 82' lang='lat' dir='ltr'>So.</span> 
     </span>
    </p>
   </div>
  </div>
 </body>
</html>
