1846 3268
283 324 360 363 352
873 317 1142 357 PLA‘roms
1643 314 1744 371 [240

282 428 426 462 contenti
453 425 601 471 sophistae
621 424 878 468 respondeamus.
921 422 1010 456 Tira.
1033 422 1185 456 Dicemus
1211 423 1362 457 videlicet
1386 423 1551 457 simulacra
1574 425 1643 457 ὦσε
1672 425 1739 462 illa,

282 495 354 526 qum
368 484 402 515 in
416 482 505 525 aquis
520 487 552 514 et
567 480 702 523 speculis
712 479 895 516 offeruntur,
910 477 998 520 picta
1012 487 1140 520 quoque
1155 484 1188 510 et
1201 479 1333 521 figurata
1355 483 1389 511 et
1409 478 1503 520 hujus
1525 477 1646 520 generis
1667 479 1741 512 alia.

282 538 350 570 Ho.
375 537 514 574 Videris,
542 535 717 571 Theaetete,
746 532 919 575 sophistam
949 532 1149 574 conspexisse
1176 543 1348 575 nunquam.
1401 532 1490 564 Tun.
1521 531 1610 566 Cur?
1666 533 1737 567 no.

280 591 450 623 Videbitur
462 590 519 621 tibi
533 594 588 621 aut
609 587 850 621 conniventibus
870 586 970 619 oculis
994 591 1050 618 aut
1069 586 1136 618 sine
1162 586 1262 618 oculis
1285 591 1390 619 tecum
1413 586 1511 629 loqui.
1554 585 1642 619 Tne.
1666 587 1740 625 Qua

279 645 424 677 ratione?
470 644 538 676 Ho.
561 642 694 675 Ridebit
709 647 752 684 te,
767 651 839 674 cum
855 651 912 683 per
926 641 1039 683 figuras
1066 640 1258 683 spec-utaque
1280 641 1489 683 responderis,
1505 641 1635 682 perinde
1659 650 1697 672 ac
1717 641 1750 672 si·

282 710 354 731 cum
369 698 498 731 vidente
519 697 676 740 loquaris:
700 695 860 727 simulabit
880 695 934 727 ille
957 704 1054 737 aquas
1079 699 1113 726 et
1134 693 1263 736 specula
1286 699 1319 726 et
1333 694 1434 726 visum
1449 694 1576 737 penitus
1591 694 1744 737 ignorare,

284 752 383 795 [240]
406 757 501 794 atque
524 751 565 783 de
590 752 650 782 hoc
673 754 793 781 tantum
819 748 1038 781 sciscitabitur.
1082 748 1171 780 Tne.
1193 748 1247 780 De
1267 749 1428 791 quonam?
1474 747 1538 782 Hc.
1561 747 1615 780 De
1629 748 1744 786 emin-

281 817 388 849 quam,
404 806 489 848 quod
504 805 551 836 his
566 804 710 836 omnibus
724 814 795 846 quae
809 803 925 841 dixisti,
941 812 1106 835 commune
1122 807 1180 840 cst,
1196 806 1228 834 et
1242 802 1330 844 quasi
1346 802 1386 834 sit
1397 813 1492 834 unum
1502 802 1535 834 in
1550 801 1670 843 multis,
1679 810 1748 833 uno

280 860 420 898 nomine,
434 860 496 891 hoc
509 864 558 890 est
573 858 770 890 simulacrum
787 855 968 899 appellanti.
1013 856 1146 887 Strenue
1161 855 1269 898 itaque
1281 860 1378 898 certa,
1394 854 1622 898 nequeignave
1636 855 1744 893 cedas,

280 915 337 946 sed
351 923 502 956 generose
516 912 684 954 responde.
725 911 813 942 Tne.
836 909 923 948 Quid
938 910 1038 948 aliud,
1052 910 1178 952 hospes,
1194 909 1642 947 simulacrum-estdicendum,
1649 918 1745 951 quarn

280 968 367 1010 quod
382 968 422 998 ad
438 967 504 998 veri
526 965 762 997 similitudinem
788 964 913 995 accedit
939 963 1184 1005 quodammodo,
1201 963 1351 1005 aliudque
1373 968 1422 995 est
1445 961 1531 994 tale?
1576 961 1641 995 Hc.
1663 962 1752 995 Cum*

279 1022 368 1053 aliud
384 1021 448 1052 tale
462 1019 552 1057 dicis,
566 1024 670 1050 utrum
683 1028 802 1055 verum,
818 1027 858 1048 au
874 1017 959 1048 aliud
975 1017 1126 1059 quiddam
1141 1017 1275 1058 intelligi
1290 1017 1360 1048 vis?
1405 1013 1494 1048 Tun.
1515 1015 1634 1048 Verum
1656 1015 1752 1047 nullo·

281 1075 389 1112 modo,
414 1074 469 1105 sed
493 1073 605 1105 simile.
650 1072 717 1104 Ho.
741 1071 896 1113 Nunquid
914 1080 1018 1102 verum
1035 1081 1106 1102 vere
1128 1081 1184 1102 ens
1207 1071 1322 1102 vocas?
1367 1069 1455 1102 Tun.
1477 1069 1634 1112 Idipsum.
1677 1069 1774 1102 Hos

282 1128 358 1160 Non
373 1137 479 1160 verum
495 1131 599 1158 autem
615 1126 680 1158 veri
693 1124 902 1157 contrarium?
945 1124 1034 1156 Tur„
1055 1124 1139 1161 Quid
1157 1124 1326 1166 prohibet?
1369 1123 1437 1155 Ηο.
1459 1123 1493 1156 Si
1506 1132 1581 1166 ergo
1602 1123 1636 1155 id
1659 1123 1752 1166 quod¹

282 1183 382 1216 simile
397 1192 506 1218 vocas,
522 1190 626 1212 verum
639 1190 706 1211 esse
721 1189 831 1221 negas,
843 1188 899 1210 ens
914 1188 1041 1221 quoque
1055 1177 1186 1210 existere
1201 1188 1319 1220 negasz
1341 1182 1390 1209 est
1401 1182 1518 1210 tamen.
1561 1176 1649 1210 Tri-z.
1672 1177 1755 1214 Quo‘

281 1242 375 1280 pacto
388 1237 400 1268 ἓ
446 1235 514 1268 Ηο.
536 1234 615 1266 Esse
630 1233 771 1276 quidem,
788 1234 843 1264 sed
859 1243 923 1264 non
939 1243 1010 1264 vere
1025 1243 1092 1264 esse
1107 1232 1223 1265 fateris.
1269 1231 1359 1263 Tun.
1382 1231 1475 1263 Certe
1483 1240 1548 1263 non
1559 1240 1666 1262 verum
1677 1241 1749 1268 ens,

281 1292 338 1323 sed
353 1289 520 1332 imaginem
534 1299 651 1320 veram.
695 1288 764 1320 Ho.
788 1287 872 1329 Ergo
889 1297 953 1318 non
969 1297 1040 1318 vere
1055 1291 1103 1318 est
1119 1297 1174 1318 ens
1189 1286 1222 1318 id
1239 1286 1324 1328 quod
1341 1296 1412 1317 vere
1426 1295 1494 1317 esse
1507 1284 1679 1328 imaginem
1693 1285 1746 1316 di-

281 1345 393 1385 cimus,
407 1349 439 1375 et
449 1354 514 1374 non
529 1353 600 1374 vere
615 1353 670 1374 ens
685 1346 732 1374 est
747 1352 828 1377 vere,
871 1340 960 1373 'I'rm-
985 1341 1119 1372 Videtur
1134 1351 1199 1372 non
1224 1351 1280 1372 ens
1295 1350 1366 1372 cum
1381 1344 1455 1371 ente
1469 1338 1554 1370 miris
1570 1338 1748 1371 modis-im-

281 1398 439 1440 plicitum.
483 1397 548 1428 Ho.
572 1396 638 1428 Cur
661 1406 726 1427 non
751 1395 861 1426 mirum
877 1395 1042 1426 videatur?
1064 1394 1180 1431 cernis,
1193 1404 1286 1436 quam
1301 1398 1410 1435 argute
1435 1392 1600 1434 multiceps
1621 1391 1680 1424 iste
1694 1403 1748 1424 so-

283 1452 388 1494 phista
400 1461 486 1483 nunc
506 1460 610 1482 rursus
637 1450 696 1481 hac
720 1449 927 1480 alternatione
949 1459 1008 1480 nos
1029 1448 1146 1479 invitos
1168 1458 1232 1479 non
1253 1446 1641 1490 ensquodarurnodo‘esse
1655 1445 1756 1478 fateri*

283 1506 443 1548 coegerit?
485 1505 571 1537 Txm.
595 1504 675 1542 Quis
688 1514 751 1535 non
768 1503 880 1535 viderit
893 1504 905 1534 ?
949 1502 1014 1534 110.
1039 1503 1112 1540 Qua
1125 1502 1246 1534 ratione
1255 1501 1324 1544 ejus
1334 1505 1431 1533 artem
1445 1499 1643 1541 definiemus,
1657 1499 1700 1530 ita
1712 1503 1754 1530 ut'

282 1561 373 1592 nobis
387 1559 587 1592 constemus?
631 1558 719 1590 Tne.
743 1557 830 1595 Quid
847 1558 979 1588 maxime
994 1556 1112 1588 veritus
1125 1556 1170 1588 ita
1185 1555 1344 1598 loqueris?
1388 1554 1457 1587 Ho.
1481 1553 1620 1592 Quando
1643 1552 1755 1595 ipsum·

282 1614 367 1646 circa
380 1615 598 1656 phantasmata
613 1611 758 1652 decipere
773 1621 830 1642 nos
846 1610 1024 1646 asserimus,
1038 1609 1171 1652 ejusque
1186 1616 1281 1640 artem
1297 1599 1633 1650 decipiendiastutiarn
1645 1606 1748 1638 nomi-

281 1678 406 1710 namus,
421 1672 497 1699 tunc
514 1673 616 1698 utrum
631 1666 765 1698 dicimus
781 1666 917 1697 animam
934 1669 1072 1696 nostram
1087 1662 1212 1706 opinari
1227 1663 1316 1700 falsa,
1337 1662 1407 1705 ejus
1422 1661 1632 1704 captiunculis
1645 1660 1748 1692 irreti-

283 1727 358 1760 tam,
371 1732 412 1753 an
426 1721 510 1752 aliud
523 1719 725 1762 judicamus?
768 1718 856 1751 Tne.
880 1717 956 1753 Non
973 1717 1059 1749 aliud
1075 1723 1170 1750 certe.
1215 1717 1282 1748 Ho.
1307 1716 1399 1748 Falsa
1411 1715 1520 1758 opinio
1534 1719 1582 1747 est
1596 1714 1751 1747 contraria

282 1786 388 1808 eorum
413 1785 484 1817 quae
510 1779 587 1806 sunt.
608 1773 740 1815 opinari.
783 1772 871 1805 Tne.
895 1771 1072 1804 Contraria.
1117 1771 1185 1803 Ηο.
1210 1770 1270 1802 Ais
1299 1770 1394 1812 igitur
1417 1769 1527 1801 falsam
1553 1768 1749 1811 opinionem,

281 1841 354 1874 quae
367 1840 433 1862 non
449 1834 534 1870 sunt,
547 1827 670 1870 opinari
683 1828 695 1858 ?
738 1826 826 1858 Tur-3.
850 1825 926 1857 Aio.
971 1826 1040 1858 Ho.
1063 1826 1177 1857 Utrum
1193 1835 1255 1856 non
1271 1835 1338 1856 esse
1354 1834 1425 1866 quae
1441 1833 1505 1854 non
1527 1827 1614 1860 sunt,
1629 1826 1721 1864 putat
1734 1822 1757 1853 ἔ

281 1895 322 1916 an
336 1883 572 1926 quodammodo
587 1892 667 1920 esse,
681 1890 751 1924 quae
767 1879 855 1911 nullo
871 1881 966 1911 modo
982 1880 1078 1911 sunt?
1121 1879 1206 1910 Tne.
1229 1878 1262 1910 Si
1277 1878 1347 1920 quis
1361 1885 1644 1919 unquam-quoquo
1654 1875 1749 1907 modo

282 1938 444 1981 opinando
459 1936 620 1974 mentitur,
638 1945 766 1967 necesse
784 1939 843 1972 est,
860 1939 896 1965 ut
909 1944 980 1976 quae
992 1944 1056 1964 non
1072 1937 1158 1971 sunt,
1174 1943 1242 1964 esse
1256 1931 1490 1974 quodammodo
1500 1929 1638 1971 judicet.
1682 1929 1757 1962 Ηο.»

280 1992 399 2025 Nonne
413 1991 507 2023 etiam
522 2001 593 2033 quae
608 1989 736 2021 omnino
753 1993 838 2030 sunt,
854 1988 941 2020 nullo
956 1988 1051 2019 modo
1066 1998 1135 2019 esse
1146 1987 1271 2029 putabit
1284 1987 1295 2018 ?
1338 1986 1427 2019 Tne.
1449 1985 1490 2017 Id
1505 1994 1645 2027 quoque.
1675 1982 1748 2016 Ho-

282 2046 326 2078 Et
339 2047 399 2077 hoc
420 2045 532 2076 falsum
558 2043 723 2075 similiter?
768 2043 858 2073 Tun.
880 2042 923 2072 Et
944 2043 1017 2073 hoc.
1061 2041 1128 2074 Ho.
1154 2041 1242 2079 Quin
1257 2039 1352 2072 etiam
1367 2049 1467 2071 sermo
1481 2038 1616 2070 mendax
1637 2037 1752 2069 eadem

281 2100 403 2133 ratione
420 2098 616 2135 censebitur,
630 2097 686 2140 qui
701 2095 850 2128 videlicet
873 2095 971 2137 [241]
993 2105 1064 2137 quze
1089 2105 1154 2126 non
1181 2099 1266 2131 sunt,
1290 2104 1371 2132 esse,
1387 2097 1420 2124 et
1442 2096 1563 2130 contra,
1579 2100 1651 2134 quoe
1665 2095 1752 2130 sunt,

281 2164 346 2185 non
361 2163 430 2185 esse
451 2150 655 2194 pronuntiat?
697 2149 785 2181 Tun.
808 2149 905 2180 Haud
927 2149 1018 2180 aliter
1041 2149 1175 2180 mendax
1197 2147 1279 2179 effici
1303 2150 1420 2189 potest.
1465 2145 1533 2178 Ηο.
1555 2143 1667 2176 Ferme
1681 2153 1748 2175 non

282 2207 383 2239 aliter.
404 2216 470 2238 non
482 2210 588 2237 tamen
603 2205 670 2238 lraee
680 2203 823 2246 sophista
837 2203 997 2235 fatebitur.
1011 2213 1075 2245 quo
1090 2206 1186 2244 pacto
1203 2202 1274 2244 quis
1289 2200 1405 2232 mentis
1418 2209 1549 2242 compos
1561 2198 1632 2230 hsec
1645 2197 1747 2230 admi-

282 2261 367 2299 serit,
382 2259 641 2303 quandoquidem
656 2257 815 2301 superiora
828 2257 883 2288 illa
898 2267 958 2289 nec
973 2257 1039 2289 dici
1054 2266 1114 2288 nec
1129 2255 1259 2298 proferri
1272 2265 1377 2297 neque
1392 2252 1529 2287 describi
1544 2261 1648 2294 neque
1663 2251 1754 2293 cogi-

281 2316 342 2347 tari
357 2325 449 2357 posse
462 2312 662 2346 constiterit?
707 2311 919 2354 Intelligimus
934 2311 1020 2354 quod
1036 2311 1163 2352 dicitur,
1175 2310 1336 2342 Theaetete
1350 2308 1363 2340 ?
1406 2307 1495 2339 Tne.
1520 2304 1749 2344 Quidni‘intel·

281 2369 438 2411 ligamus?
461 2368 547 2410 quod
563 2367 694 2408 objiciet
708 2366 799 2398 nobis
816 2375 989 2398 sermonem
1004 2369 1145 2396 nostrum
1159 2364 1285 2396 sibimet
1299 2371 1485 2404 repugnare,
1501 2370 1573 2392 curn
1583 2369 1669 2391 nunc
1684 2368 1753 2389 nort

282 2433 338 2455 ens
353 2422 386 2454 in
402 2421 554 2464 opinione
569 2426 602 2452 et
616 2420 776 2452 locutione
793 2430 958 2462 ponamuS.
981 2419 1066 2450 unde
1093 2428 1177 2460 saepe
1199 2416 1271 2459 cogi
1285 2426 1343 2448 nos
1358 2415 1446 2447 dicet
1460 2420 1524 2445 non
1541 2412 1606 2445 enti
1621 2422 1678 2444 ens
1693 2412 1750 2442 ad-

282 2486 431 2508 movere:
455 2476 540 2517 quod
558 2480 662 2507 tamen
678 2475 744 2506 ficri
759 2483 824 2506 non
839 2485 930 2517 posse
946 2483 1040 2516 supra
1050 2472 1268 2505 convenimus.
1313 2469 1381 2501 Ho.
1403 2468 1509 2500 Recte
1521 2468 1555 2498 in
1570 2465 1760 2498 memoriam·

283 2530 447 2562 revocasti.
469 2529 525 2560 sed
541 2529 783 2560 consultandum
794 2528 876 2571 jam,
891 2527 968 2570 quid
993 2527 1034 2559 de
1059 2526 1202 2568 sophista
1224 2534 1317 2568 agere
1339 2533 1397 2555 nos
1422 2526 1578 2564 oporteat.
1620 2519 1705 2552 Nam
1720 2519 1758 2550 si:

283 2594 355 2615 eum
370 2584 485 2615 inarte
502 2582 760 2625 praestigiatorum
776 2581 1039 2623 mendaciumque
1056 2585 1213 2623 ponentes
1228 2578 1358 2610 definire
1381 2585 1541 2613 conemur,
1556 2573 1763 2616 objectiones]

282 2637 446 2680 permultae
461 2637 620 2679 dubiaque
635 2642 815 2668 nascuntur.
858 2636 948 2669 Tne.
969 2635 1074 2669 Patet.
1119 2634 1188 2666 Ho.
1210 2632 1364 2675 Exiguam
1376 2631 1528 2663 hactenus
1540 2628 1663 2660 illorum
1679 2636 1753 2669 par-

281 2691 409 2723 ticulam
424 2701 461 2722 ex
475 2691 644 2723 innumeris
656 2691 809 2733 partibus,
835 2695 870 2722 ut
895 2691 939 2722 ita
961 2689 1106 2726 dixerim,
1121 2687 1279 2731 prosecuti
1295 2696 1412 2717 sumus.
1456 2683 1545 2716 Tne.
1567 2682 1601 2714 Si
1615 2682 1684 2713 haee
1705 2680 1763 2712 ita·

281 2754 316 2776 se
329 2745 458 2782 hahent,
474 2744 666 2787 impossibile
692 2749 740 2776 est
762 2745 937 2787 sophistam
959 2743 1236 2786 comprehendere.
1282 2740 1350 2772 Ho.
1374 2739 1462 2778 Quid
1488 2736 1587 2779 ergo?
1609 2744 1685 2767 num
1708 2734 1750 2765 ab

279 2791 521 2840 investigatione
537 2804 664 2840 propter
689 2798 851 2830 mollitiem
873 2799 1063 2831 desistemus
1078 2798 1089 2829 ?
1133 2796 1222 2828 Tne.
1244 2794 1344 2827 Nullo
1360 2793 1456 2825 mode
1471 2789 1685 2823 desistendum
1701 2797 1750 2820 ar·

280 2851 388 2890 bitror,
402 2852 428 2883 si
444 2862 507 2894 qua
519 2863 558 2884 ex
582 2858 671 2894 parte
693 2853 780 2884 hunc
802 2852 900 2884 virum
926 2862 1038 2894 capere
1053 2851 1222 2883 valeamus.
1267 2848 1336 2880 Ho.
1359 2845 1495 2879 Veniam
1517 2843 1625 2885 itaque
1647 2841 1751 2879 dabis,
1776 2876 1778 2878 ,

280 2911 325 2943 et,
341 2911 376 2937 ut
390 2907 485 2938 modo
496 2906 636 2948 dicebas,
651 2906 726 2937 satis
742 2905 859 2938 sactum
874 2906 983 2942 duces,
1000 2905 1026 2937 si
1043 2906 1136 2937 modo
1158 2913 1269 2946 parurn
1293 2902 1371 2945 quid
1387 2900 1420 2932 in
1435 2897 1610 2941 quastione
1623 2901 1686 2928 tam
1702 2905 1752 2927 ar-

281 2960 346 2991 dua
362 2959 596 3002 profecerimus.
640 2959 728 2994 Tne.
750 2960 857 3002 Dabo,
871 2966 904 2992 et
919 2960 1053 2992 libenter
1067 2960 1208 3001 quidem.
1252 2957 1319 2989 Ho.
1343 2953 1414 2986 Hoc
1429 2954 1483 2985 abs
1499 2957 1531 2984 te
1555 2949 1751 2994 potissimum

282 3019 370 3057 peto.
412 3014 499 3047 Tus.
522 3013 702 3052 Quidnam?
759 3013 826 3048 Ho.
863 3013 915 3046 Ne
942 3024 992 3045 me
1019 3013 1109 3057 quasi
1131 3011 1314 3055 patricidam
1342 3008 1499 3052 quendam
1523 3005 1588 3038 fieri
1610 3013 1750 3057 censem-
