1846 3268
215 260 315 312 260]
768 257 1072 300 POLITICUS.
1601 264 1680 304 369

210 362 300 405 quasi
315 361 453 395 sctenttae
477 365 600 393 cunctae
622 359 744 392 duabus
767 360 934 403 speciebus
957 360 1114 394 conclusas
1137 362 1212 404 sint,
1228 361 1379 405 cogitare.
1422 362 1480 396 So.
1504 374 1587 396 arru-
1607 365 1678 398 Tua

204 418 271 461 jam
286 418 426 455 interest,
441 416 578 458 Hospes,
594 414 639 447 ita
660 425 775 457 agere:
800 425 870 447 mea
892 426 965 447 vero
980 426 1192 458 nequaquam.
1236 416 1344 450 Hosr».
1367 416 1468 448 Immo
1491 418 1586 450 etiam
1611 424 1678 459 tua,

208 473 335 515 quando
350 471 540 504 declaratum
557 469 588 500 id
606 469 711 500 fuerit.
757 468 814 502 So.
840 480 920 503 um.
943 470 1029 502 Scite
1046 470 1191 513 loqueris.
1235 471 1340 504 HosP.
1364 470 1571 503 Arithmetica
1587 483 1677 514 porro

206 525 339 568 aliaeque
353 524 512 557 nonnullas
526 523 620 565 hujus
635 523 807 566 persimiles
823 523 862 555 ab
877 523 1003 556 actione
1020 524 1124 556 liberae
1139 530 1224 564 sunt,
1239 525 1452 567 cognitionem
1464 536 1535 558 vero
1552 530 1674 558 tantum

205 580 366 612 exhibent.
409 579 465 610 So.
489 589 570 611 um.
594 578 646 609 Ita
669 583 754 609 certe
776 577 959 610 dicendum.
1003 578 1112 612 Hos».
1136 579 1218 617 Quae
1240 590 1314 611 vero
1337 580 1378 611 ad
1392 580 1628 612 architecturam
1643 586 1677 612 et

203 643 350 665 manuum
364 632 565 665 ministerium
579 631 748 674 pertinent,
760 631 923 664 scientiam
931 632 1070 664 innatam
1081 632 1257 665 actionibus
1267 633 1438 666 sortiuntur
1452 644 1461 675 ;
1479 644 1673 677 corporaque

204 687 244 719 ab
273 687 333 719 illis
361 687 486 725 effecta,
512 698 583 730 quae
609 692 683 718 ante
711 697 775 718 non
800 691 901 727 erant,
926 686 1105 728 perficiunt.
1149 688 1207 720 So.
1232 698 1313 720 mm.
1337 688 1443 720 Patet.
1488 688 1599 721 Hosr.
1622 689 1674 721 Ita

203 745 332 774 cunctas
347 741 492 780 scientias
507 741 613 773 divide
627 752 636 780 ;
651 746 797 783 agentem
812 750 919 777 unam,
930 739 1059 772 alteram
1069 746 1311 784 cognoscentem
1323 742 1520 774 solummodo
1532 743 1671 775 nomina.

203 797 260 829 So.
283 806 364 827 mxu.
386 795 457 827 Sint
470 807 543 839 ergo
559 795 700 828 scientiae
715 796 836 837 species
851 795 935 832 duae,
950 805 1022 826 cum
1038 805 1102 827 una
1117 795 1157 827 sit
1169 795 1301 827 scientia
1316 800 1393 827 tota.
1425 795 1534 828 Hos».
1558 784 1672 828 Utrum

203 854 339 892 civilem,
355 863 470 895 regern,
486 850 660 887 dominum,
677 849 941 891 patremfamilias,
956 849 1093 881 eundem
1115 859 1182 881 esse
1197 849 1364 881 volumus?
1387 859 1428 881 an
1444 849 1575 881 totidem
1590 854 1671 881 artes

202 903 236 934 in
252 903 309 945 his,
323 909 402 946 quot
415 908 448 935 et
462 902 601 940 nomina,
618 893 766 943 ponimus'
775 903 786 934 ?
832 902 931 934 Immo
946 903 1005 936 hac
1016 913 1146 946 sequere
1160 914 1220 936 me.
1265 903 1321 936 8ο.
1346 914 1428 936 mm.
1452 903 1549 941 Qua?
1573 903 1670 946 [259]

202 957 309 990 Hosv.
334 957 414 994 Hac,
430 957 570 999 inquam.
614 957 648 988 Si
664 957 733 999 quis
747 957 887 1000 privatus
900 957 1026 999 publico
1040 958 1163 989 medico
1175 957 1363 989 sufficienter
1374 957 1536 989 consulere
1551 962 1669 999 potest,

203 1021 310 1043 nonne
334 1021 461 1043 necesse
475 1015 524 1042 est
538 1010 680 1052 ejusdem
696 1011 769 1043 artis
783 1012 868 1044 hunc
882 1012 1010 1044 nomine
1033 1012 1219 1054 nuncupari,
1233 1023 1295 1054 quo
1311 1017 1344 1043 et
1359 1011 1424 1048 ille,
1440 1011 1492 1043 cui
1507 1011 1666 1042 consulit?

203 1065 261 1096 So.
284 1075 366 1098 un«.
390 1065 495 1097 Certe.
540 1065 647 1098 Hosr.
671 1065 758 1103 Quid
774 1066 890 1107 porro?
935 1066 969 1098 Si
983 1066 1052 1108 quis
1071 1066 1207 1108 privatus
1223 1076 1325 1107 regem
1349 1065 1483 1098 civitatis
1497 1065 1668 1097 admonere

202 1123 235 1150 et
253 1118 405 1150 instruere
429 1123 545 1160 potest,
571 1129 676 1150 nonne
701 1119 862 1150 scientiam
885 1119 970 1150 illam
992 1120 1106 1151 habere
1127 1119 1262 1157 dicetur,
1286 1130 1350 1162 qua
1371 1119 1489 1162 pollere
1503 1118 1560 1161 qui
1574 1119 1666 1161 regit,

199 1173 358 1204 debebat?
403 1173 459 1204 So.
483 1183 564 1205 mm.
588 1172 733 1204 Dicetur.
776 1173 885 1206 Rosa.
909 1173 1009 1216 Atqui
1030 1174 1094 1205 veri
1116 1174 1196 1215 regis
1219 1174 1361 1210 scientia,
1388 1173 1474 1215 regia
1496 1173 1665 1215 disciplina

194 1231 256 1258 est.
301 1226 356 1258 So.
379 1237 460 1258 mm.
483 1227 551 1258 Est.
595 1226 701 1259 HOSP.
726 1227 877 1269 Quisquis
891 1238 928 1258 ea
944 1227 1092 1269 praeditus
1103 1232 1162 1266 est,
1174 1238 1228 1259 seu
1239 1227 1366 1269 publico
1377 1227 1525 1269 fungatur
1535 1237 1662 1259 munere

197 1279 262 1312 sive
276 1281 414 1323 privatus
441 1281 538 1323 vivat,
554 1281 681 1312 omnino
697 1282 870 1313 secundum
892 1282 974 1312 hanc
997 1282 1140 1323 peritiam
1166 1281 1268 1324 regius
1291 1282 1399 1313 merito
1419 1281 1662 1323 nuncupabitur.

197 1335 255 1366 So.
278 1345 357 1366 mm.
380 1335 508 1367 Merito.
553 1335 661 1367 Hosr.
684 1335 852 1367 Enimvero
879 1335 1100 1377 paterfamilias
1124 1340 1157 1367 et
1186 1336 1332 1367 dominus
1357 1335 1452 1367 idem.
1497 1335 1553 1367 So.
1578 1345 1660 1368 urst.

195 1387 285 1419 Idem
313 1399 399 1421 sane.
444 1389 551 1420 HosP.
573 1388 727 1430 Nunquid
754 1389 857 1430 refert,
878 1388 1024 1431 amplane
1047 1399 1086 1420 an
1111 1394 1243 1431 angusta
1264 1389 1306 1421 sit
1326 1390 1397 1420 urbs
1412 1390 1451 1420 ad
1467 1388 1660 1431 imperium?

193 1442 253 1474 So.
277 1452 357 1474 mm.
381 1442 480 1475 Nihil.
503 1442 610 1475 Hosa.
634 1443 735 1485 Igitur
751 1453 824 1481 una,
839 1444 925 1485 quod
942 1443 1036 1485 paulo
1052 1449 1125 1476 ante
1141 1443 1384 1487 inquirebamus,
1397 1445 1506 1476 horum
1518 1443 1657 1475 omnium

193 1496 326 1528 scientia
339 1501 398 1530 est.
422 1496 514 1528 Hanc
531 1507 585 1528 seu
601 1498 716 1539 regiam
732 1498 802 1539 quis
817 1497 881 1529 sive
894 1497 1019 1530 civilem
1031 1508 1087 1529 seu
1099 1497 1279 1530 familiarem
1292 1498 1434 1529 nominet
1445 1497 1657 1540 disciplinam,

195 1550 272 1580 nihil
297 1550 445 1582 interesse.
471 1554 628 1593 putemus.
672 1550 728 1583 So.
751 1551 852 1583 Nihil.
896 1551 1006 1584 How.
1030 1551 1101 1584 Hoc
1129 1553 1237 1594 utique
1261 1551 1380 1583 nemini
1408 1551 1551 1589 dubium,
1580 1551 1658 1593 quin

193 1604 294 1635 omnis
309 1615 359 1636 rex
380 1614 487 1646 parum
502 1604 577 1646 quid
596 1604 738 1636 manibus
753 1615 789 1636 ac
805 1606 931 1647 reliquis
947 1606 1092 1638 membris
1108 1607 1147 1638 ad
1162 1606 1251 1648 regni
1266 1606 1396 1637 salutem
1415 1605 1524 1646 possit,
1538 1604 1659 1636 intelli·

194 1658 301 1699 gentia
325 1669 396 1689 vero
423 1663 457 1689 et
483 1658 579 1688 animi
603 1659 712 1690 robore
742 1659 923 1701 plurimum.
969 1659 1025 1692 so.
1050 1660 1194 1692 Constat.
1240 1659 1350 1691 HosP.
1376 1659 1431 1690 Vis
1456 1669 1529 1699 ergo
1551 1668 1656 1700 regem

190 1713 331 1744 dicamus
347 1712 545 1755 speculatrici
561 1712 700 1744 scientiae
716 1713 984 1755 propinquiorem,
997 1723 1090 1754 quam
1106 1713 1217 1745 activae
1227 1718 1281 1744 aut
1297 1723 1443 1744 manuum
1460 1711 1654 1743 ministerio?

190 1765 245 1797 So.
269 1766 355 1798 Volo
379 1766 536 1808 equidem.
582 1765 691 1798 HosP.
713 1766 848 1799 Civilem
874 1777 948 1809 ergo
974 1767 1136 1799 scientiam
1159 1771 1192 1798 et
1213 1767 1336 1800 civilem
1352 1767 1522 1808 hominem,
1536 1765 1652 1807 regiam

189 1824 285 1862 atque
300 1819 430 1861 regium,
447 1825 482 1851 ut
496 1830 592 1850 unum
620 1820 767 1862 idemque
789 1821 926 1863 singula,
945 1832 1182 1864 componemuS.
1227 1821 1283 1853 So.
1307 1821 1419 1853 Plane.
1465 1820 1570 1852 Hosr’.
1593 1820 1653 1851 At-

187 1874 243 1915 qui
255 1874 366 1905 ordine
381 1874 421 1905 ad
437 1874 599 1916 sequentia
611 1885 788 1916 pergemus,
803 1875 934 1906 maxime
947 1875 972 1906 si
989 1875 1224 1917 speculatricem
1237 1875 1399 1907 scientiam
1410 1873 1651 1916 distinguemus.

187 1927 243 1960 So.
268 1927 407 1961 Prorsus.
451 1927 560 1959 Hose.
584 1927 739 1966 Amende,
762 1930 902 1966 obsecro,
927 1940 1002 1960 num
1025 1929 1179 1971 refugium
1204 1929 1332 1972 aliquod
1354 1929 1389 1960 in
1405 1930 1464 1960 lrac
1480 1927 1652 1970 prospicia-

186 1993 266 2013 mus.
311 1982 367 2014 So.
391 1982 499 2024 Dicas,
514 1981 630 2024 quale?
675 1982 784 2015 HosP.
805 1983 895 2026 Tale,
910 1983 1051 2027 inquam.
1097 1983 1207 2015 Exstat
1218 1984 1323 2025 aliqua
1334 1982 1540 2024 computandi
1552 1980 1650 2012 facul-

185 2040 244 2069 tas.
289 2036 346 2067 So.
369 2035 491 2067 Exstat.
535 2036 645 2067 Host’.
670 2035 729 2073 Ea,
753 2042 789 2068 ut
804 2037 944 2075 arbitror,
967 2048 1005 2069 ex
1027 2038 1148 2070 illarum
1171 2049 1299 2069 numero
1326 2042 1384 2075 est,
1401 2047 1470 2079 quae
1485 2037 1520 2068 in
1536 2045 1650 2076 specu-

184 2089 279 2121 lando
295 2095 464 2123 versantur.
508 2090 566 2122 8ο.
590 2089 638 2120 Ex
654 2090 774 2122 illarum
791 2102 918 2124 numero
941 2098 1036 2124 certe.
1080 2092 1190 2124 Hosr.
1213 2093 1392 2134 Cognoscet
1407 2091 1547 2133 profecto
1562 2100 1649 2121 com-

183 2143 319 2185 putandi
329 2143 461 2176 facultas
475 2144 684 2176 differentiam
699 2156 908 2179 numerorum.
947 2146 1032 2178 Num
1049 2146 1134 2178 aliud
1151 2147 1224 2178 huic
1240 2157 1318 2188 opus
1334 2145 1542 2182 attribuimus¹
1553 2154 1647 2185 quam

182 2196 356 2229 discernere
375 2197 584 2241 judicareque
609 2199 761 2242 cognita?
808 2201 863 2232 So.
889 2201 1000 2238 Quid?
1046 2201 1153 2233 Hosx‘.
1178 2201 1303 2232 Etenim
1331 2200 1518 2232 architectus
1543 2198 1647 2229 nullus

181 2260 331 2282 manuum
347 2251 518 2284 ministerio
548 2252 655 2291 utitur,
686 2254 741 2285 sed
769 2246 929 2285 utentibus
959 2255 1118 2296 praesidet.
1163 2254 1219 2286 So.
1242 2254 1293 2285 Ita
1321 2258 1380 2286 est.
1426 2253 1535 2286 HosP.
1558 2252 1646 2283 Dum

177 2305 333 2347 judicium
349 2306 488 2346 adhibet,
514 2318 578 2339 non
601 2308 816 2340 ministerium.
860 2309 916 2340 So.
938 2309 977 2340 Id
1004 2320 1131 2352 quoque
1156 2320 1273 2342 verum.
1319 2309 1426 2341 Hosr’.
1447 2308 1524 2340 Jure
1550 2307 1646 2349 igitur

180 2359 366 2400 speculandi
382 2361 519 2393 scientiae
536 2363 692 2404 particeps
715 2362 814 2406 [260]
838 2369 885 2395 est
899 2364 1064 2396 dicendus.
1094 2364 1149 2396 So.
1173 2364 1215 2395 Et
1230 2363 1361 2395 maxime
1375 2363 1514 2406 quidem.
1536 2362 1645 2395 Hosn-

180 2412 266 2451 Hoc,
282 2418 318 2445 ut
332 2415 473 2457 arbitror,
490 2416 529 2447 ad
547 2416 690 2459 judicem
706 2418 790 2449 hunc
807 2418 953 2459 pertinet,
970 2424 1005 2449 ut
1031 2429 1094 2449 non
1110 2419 1233 2450 deserat
1255 2418 1427 2460 opificium,
1441 2418 1644 2459 quemadmo-

179 2466 255 2498 dum
280 2474 489 2510 computator,
514 2471 568 2502 sed
594 2471 757 2503 incumbat
779 2471 915 2508 assidue,
941 2473 1150 2514 operariisque
1177 2472 1309 2514 singulis
1335 2482 1461 2513 operam
1486 2471 1642 2513 propriam

180 2520 308 2552 mandet
322 2526 355 2552 et
369 2522 503 2560 ordinet,
519 2532 695 2566 quousque,
708 2526 794 2567 quod
810 2530 858 2557 cst
871 2525 1072 2568 imperatum,
1092 2526 1293 2558 absolverint.
1326 2526 1382 2557 So.
1397 2525 1511 2557 Probe.
1532 2525 1641 2556 HosP.

177 2573 295 2605 Nonne
311 2574 533 2617 speculatrices
550 2588 657 2610 omnes
672 2578 738 2610 istae
753 2584 838 2616 sunt,
854 2586 886 2611 et
900 2585 1102 2622 quotcunque
1114 2580 1276 2612 scientiam
1288 2579 1494 2621 computandi
1506 2589 1641 2621 sequun-

177 2633 228 2659 tur
242 2628 253 2658 ?
272 2627 396 2669 judicio
412 2634 516 2661 autem
531 2635 564 2662 et
577 2631 707 2673 imperio
723 2643 837 2674 genera
852 2634 919 2665 haec
936 2634 1016 2665 inter
1031 2644 1064 2665 se
1080 2634 1144 2665 duo
1170 2634 1342 2665 differunt?
1387 2633 1442 2665 So.
1467 2633 1640 2675 Apparent.

176 2681 284 2713 HosP.
309 2682 465 2720 Quocirca
490 2684 516 2715 si
540 2684 714 2717 universam
740 2687 1039 2729 contemplationem
1064 2687 1098 2718 in
1124 2688 1187 2718 duo
1211 2687 1442 2728 distribuamus,
1459 2692 1640 2728 partemque

174 2746 268 2767 unam
280 2736 415 2778 judicio,
431 2737 562 2780 imperio
587 2738 715 2771 alteram
738 2741 942 2783 assignemus,
970 2747 1053 2773 recte
1077 2741 1205 2773 forsitan
1231 2741 1424 2773 distribuisse
1451 2740 1640 2783 putabimus.

174 2789 232 2820 So.
255 2789 357 2822 Recte
371 2791 527 2833 nimirum,
545 2797 580 2823 ut
595 2803 664 2824 mea
683 2794 743 2825 fert
758 2794 879 2835 opinio.
923 2794 1033 2828 Hosr.
1056 2795 1120 2832 Qui
1135 2797 1343 2827 communiter
1358 2799 1492 2826 tractant
1507 2793 1639 2835 aliquid,

174 2843 366 2875 satisfactum
381 2845 440 2876 sibi
455 2845 588 2878 invicem
604 2847 801 2890 arbitrantur,
817 2849 843 2879 si
856 2850 982 2891 quando
998 2850 1222 2882 consenserint.
1267 2850 1323 2881 So.
1346 2849 1467 2887 Quidni
1483 2850 1494 2879 ?
1528 2847 1636 2879 Hosr’.

176 2896 349 2940 Quousque
365 2897 460 2940 igitur
476 2899 508 2931 in
524 2900 583 2933 hoc
599 2902 770 2933 concordes
793 2913 909 2940 sumus,
926 2903 1056 2934 aliorum
1071 2904 1235 2945 opiniones
1252 2903 1535 2946 praetermittendae.
1579 2900 1637 2932 So.

177 2949 319 2983 Ponitus.
363 2952 469 2987 Hosr.
494 2954 556 2988 Dic
580 2966 650 2998 age,
676 2967 738 2998 qua
765 2956 798 2988 in
825 2963 889 2989 arte
915 2958 1041 2990 istarum
1069 2958 1186 3001 regium
1207 2958 1363 2990 hominem
1388 2966 1504 2999 ponere
1519 2955 1636 2987 decet?

269 3005 355 3038 Plat.
386 3007 441 3041 rr.
888 3012 915 3044 1.
1476 3012 1495 3041 ³
1519 3008 1549 3041 A
