1846 3268
222 261 293 314 72]
836 261 1055 302 PHAEDO.
1595 267 1676 305 435

218 369 277 403 est,
303 370 338 396 ut
352 376 389 397 ex
416 365 544 397 mortuis
570 365 679 396 iterum
702 364 840 396 viventes
865 365 954 402 fiant,
977 369 1080 397 essent
1106 364 1216 396 animae
1241 365 1304 397 illic
1328 370 1452 400 nostrae.
1475 377 1577 408 neque
1593 367 1676 399 enim

217 428 321 451 rursus
335 419 455 458 tierent,
471 420 496 451 si
510 419 624 451 alicubi
640 429 703 450 non
719 424 833 451 esseut.
879 419 987 461 Atque
1004 420 1071 450 haec
1086 419 1242 452 sufficiens
1257 419 1439 462 conjectura
1455 425 1512 457 est,
1528 421 1572 451 ita
1593 430 1675 458 esse,

218 472 244 503 si
268 482 371 504 revera
386 478 521 514 constet,
536 473 619 504 haud
638 472 765 503 aliunde
782 472 922 504 viventes
946 472 1011 504 fieri
1033 482 1126 514 quam
1149 483 1186 503 ex
1202 473 1340 506 mortuis.
1363 478 1396 504 at
1412 473 1558 504 vero-nisi
1572 473 1605 504 id
1622 474 1675 512 sit,

217 526 279 557 alin
308 536 389 568 opus
411 526 470 558 erit
489 526 620 558 ratione.
667 526 728 559 ΟΕ.
752 526 900 560 Omnino.
945 526 1002 557 So.
1024 526 1138 567 Neque
1162 537 1233 557 vero
1257 527 1289 557 id
1315 527 1346 558 in
1370 527 1546 561 hominibus
1560 527 1674 568 solum,

215 579 241 610 si
277 579 400 621 planius
435 579 608 621 intelligere
643 580 701 617 vis,
739 579 926 617 consideres,
962 579 1016 611 sed
1053 579 1087 610 in
1117 579 1301 611 animalibus
1331 580 1476 612 omnibus
1497 587 1531 612 et
1560 580 1675 622 plantis

214 637 321 675 atque,
348 638 384 664 ut
412 634 587 664 summatim
618 633 732 670 dicam,
761 633 795 664 in
825 632 968 663 omnibus
998 642 1068 674 quae
1096 632 1276 674 gignuntur,
1303 633 1335 665 in
1362 633 1422 672 his,
1444 633 1585 676 inquam,
1608 644 1675 664 om-

213 686 305 718 nibus
330 688 576 730 consideremus,
600 687 742 729 nunquid
767 686 872 717 omnia
897 686 940 718 sic
965 686 1054 723 fiant,
1081 696 1184 728 neque
1206 687 1332 718 aliunde
1353 698 1447 729 quam
1462 698 1499 719 ex
1515 686 1675 718 contrariis

213 741 380 778 contraria,
402 741 640 783 quibuscunque
671 740 732 772 tale
762 739 882 782 aliquid
907 740 1084 781 contingit:
1110 741 1373 781 quemadmodum
1400 740 1563 782 pulchrum
1590 739 1676 780 turpi

212 795 443 836 quodammodo
466 795 653 827 contrarium
679 800 727 826 est
751 799 783 826 et
802 794 923 836 justum
952 794 1081 836 injusto,
1106 795 1229 836 aliaque
1259 793 1413 836 ejusmodi
1444 793 1674 836 quamplurima

211 847 363 880 videmus.
422 849 505 890 Ergo
541 853 643 880 utrum
681 840 887 879 necessarium
925 848 978 885 sit,
1014 847 1192 890 cuicunque
1230 848 1349 889 aliquid
1388 852 1436 878 est
1472 847 1672 884 contrarium,

211 902 299 934 nullo
314 903 408 933 modo
423 902 550 934 aliunde
573 902 606 933 id
620 912 714 945 quam
738 913 776 933 ex
802 912 858 933 suo
883 902 1036 934 contrario
1061 902 1151 933 fieri?
1198 902 1306 933 Veluti
1332 901 1458 944 quando
1479 900 1555 943 quid
1573 898 1672 941 majus

210 955 355 996 efficitur,
384 966 511 988 necesse
537 961 584 987 est
612 967 650 988 ex
679 966 730 998 eo,
760 957 846 998 quod
874 961 947 987 ante
977 956 1078 987 fuerat
1106 954 1220 996 minus,
1251 961 1360 998 postea
1390 954 1489 996 majus
1526 954 1670 986 evadere·

213 1008 275 1042 ΟΕ.
298 1009 349 1041 Ita
363 1015 420 1041 est.
461 1010 519 1042 So.
540 1010 658 1042 Nonne
681 1015 715 1041 et
739 1009 764 1041 si
787 1009 888 1041 minus
910 1009 1030 1052 aliquid
1054 1010 1120 1051 fiat,
1144 1020 1182 1041 ex
1205 1020 1255 1046 eo,
1271 1009 1355 1051 quod
1380 1014 1452 1040 ante
1475 1007 1576 1049 majus
1592 1012 1669 1044 erat,

211 1061 287 1105 [71]
300 1068 408 1105 postea
423 1064 477 1095 fiet
493 1064 616 1095 minus?
663 1063 725 1096 Cr..
748 1063 799 1095 Sic
815 1063 954 1095 omniuo.
998 1063 1053 1095 So.
1078 1063 1166 1100 Quin
1182 1062 1276 1094 etiam
1291 1073 1328 1094 ex
1344 1061 1508 1094 robustiori
1523 1060 1669 1098 debilius.

210 1126 247 1147 ex
274 1117 399 1148 tardiori
423 1117 586 1149 velocius?
632 1117 694 1150 Cf..
718 1117 858 1148 Prorsus.
904 1118 960 1149 So.
985 1117 1071 1154 Quid
1103 1108 1200 1148 veio?
1224 1117 1249 1148 si
1274 1117 1351 1158 quid
1380 1116 1493 1147 evadat
1520 1114 1670 1152 deterius,

209 1180 315 1202 nonne
337 1181 374 1202 ex
397 1171 543 1203 meliori?
567 1176 599 1203 et
620 1171 646 1201 si
668 1170 797 1212 justius,
813 1181 850 1202 ex
877 1170 1057 1212 injustiori?
1101 1169 1163 1203 ΟΕ.
1188 1165 1334 1208 Quidni?
1380 1169 1436 1200 So.
1459 1169 1498 1200 In
1525 1168 1668 1199 omnibus

209 1223 303 1265 igitur
313 1225 387 1256 satis
402 1225 435 1256 id
450 1225 645 1267 exploratum
661 1225 824 1266 habemus,
837 1225 941 1256 omnia
957 1225 1001 1256 ita
1015 1224 1094 1266 fieri,
1110 1224 1263 1256 contraria
1278 1223 1425 1254 videlicet
1440 1233 1478 1255 ex
1492 1221 1667 1254 contrariis-

209 1277 270 1309 Οε.
293 1278 433 1310 Prorsus.
476 1278 532 1310 So.
557 1279 642 1316 Quid
659 1288 760 1309 rursus
774 1278 785 1308 ?
830 1278 928 1309 Estne
943 1279 1080 1310 medium
1097 1278 1215 1320 aliquid
1227 1278 1309 1309 inter
1321 1276 1474 1309 contraria
1489 1276 1553 1306 duo
1568 1275 1579 1306 ?
1594 1275 1667 1306 duae

209 1331 355 1363 videlicet
378 1328 458 1363 inter
476 1332 529 1363 illa
551 1332 779 1374 generationem,
801 1333 866 1363 sive
893 1333 1122 1375 progressiones
1146 1333 1185 1363 ab
1207 1332 1302 1365 altero
1325 1331 1453 1373 quidem
1468 1330 1502 1361 in
1519 1329 1662 1367 alterurn,

207 1391 304 1426 atque
321 1386 352 1416 in
368 1386 497 1417 alterum
514 1386 651 1417 vicissim
667 1386 707 1417 ab
722 1386 818 1418 altero
831 1387 842 1417 ?
887 1387 970 1418 Sane
992 1387 1072 1417 inter
1095 1386 1194 1427 majus
1207 1390 1301 1427 atque
1316 1385 1418 1415 minus
1433 1383 1570 1414 medium
1585 1382 1665 1414 obti-

208 1442 286 1469 nent
303 1437 530 1470 incrementum
546 1444 580 1470 et
594 1435 827 1470 decrementum
844 1451 851 1470 :
868 1440 1064 1481 dicimusque
1080 1440 1109 1471 id
1128 1439 1253 1482 quidem
1267 1449 1413 1475 crescere,
1430 1437 1506 1469 illud
1523 1447 1594 1468 vero
1609 1436 1666 1467 de-

205 1501 354 1524 crescere.
399 1491 462 1524 Cr..
485 1491 547 1524 Ita.
592 1492 650 1526 So.
675 1492 792 1524 Nonne
806 1493 946 1525 similiter
961 1493 1096 1525 discerni
1119 1492 1252 1525 vicissim
1272 1498 1366 1534 atque
1387 1490 1550 1528 confundi,
1565 1489 1665 1532 frigis-

205 1554 275 1576 cere
291 1550 324 1576 et
350 1545 551 1583 incalescere,
577 1546 745 1589 omniaque
769 1547 880 1578 eodem
907 1548 1026 1589 pacto?
1048 1553 1080 1578 et
1095 1547 1121 1579 si
1146 1547 1273 1578 nomina
1295 1545 1386 1577 uobis
1410 1546 1522 1576 desunt
1538 1543 1666 1580 alicubi,

206 1597 324 1641 ubique
339 1603 443 1630 tamen
460 1599 504 1630 ita
519 1610 646 1632 necesse
664 1605 722 1637 est,
739 1600 804 1631 fieri
820 1601 968 1633 videlicet
983 1602 1088 1632 omnia
1103 1612 1140 1632 ex
1154 1599 1314 1632 contrariis
1328 1599 1476 1636 invicem,
1491 1595 1664 1639 generatio·

204 1662 338 1694 nemque
369 1663 436 1684 esse
463 1653 622 1695 utriusque
648 1654 781 1685 vicissim
807 1654 839 1685 in
866 1654 1021 1686 alterum?
1068 1655 1129 1687 Cr..
1153 1654 1290 1685 Omnino
1314 1653 1452 1695 quidem.
1496 1651 1551 1682 So.
1575 1649 1663 1688 Quid

205 1706 302 1737 vero?
317 1706 346 1737 ei
363 1707 447 1749 quod
463 1712 511 1738 est
526 1707 639 1744 vivere,
655 1711 744 1738 estne
754 1707 871 1750 aliquid
881 1708 1067 1740 contrarium
1080 1709 1091 1738 ?
1107 1707 1368 1750 quemadmodum
1381 1706 1422 1742 ei,
1434 1704 1518 1747 quod
1536 1703 1663 1745 vigilare

203 1763 264 1797 est,
278 1759 412 1792 dormire
428 1761 638 1792 contrarium?
685 1761 744 1793 Cn..
767 1761 818 1793 Sic
831 1766 877 1793 est
889 1762 1028 1793 omnino.
1071 1762 1127 1794 So.
1152 1761 1334 1799 Quidnam?
1380 1759 1441 1792 Cn.
1463 1758 1561 1789 Mori.
1605 1757 1661 1788 So.

202 1811 256 1844 An
271 1823 334 1844 non
350 1824 387 1845 ex
403 1814 586 1846 seinvicem
603 1815 670 1846 haec
686 1814 791 1846 fiunt?
815 1815 969 1857 siquidem
985 1816 1137 1847 contraria
1153 1820 1225 1847 sunt
1239 1826 1246 1845 :
1271 1823 1403 1854 cumque
1419 1813 1482 1843 duo
1498 1811 1572 1849 sint,
1587 1811 1659 1842 duae

199 1876 325 1908 quoque
347 1867 430 1899 inter
452 1869 520 1899 haec
545 1869 758 1910 generationes
783 1874 899 1900 mutuas
925 1870 990 1900 sive
1016 1869 1266 1912 progressiones?
1311 1868 1372 1900 ΟΕ.
1397 1866 1485 1898 Nihil
1502 1865 1658 1908 prohibet.

198 1920 256 1952 So.
279 1920 419 1953 Alteram
435 1922 562 1965 quidem
591 1922 845 1964 conjugationem
869 1934 987 1961 eorum,
1010 1934 1081 1965 quae
1102 1924 1195 1954 modo
1219 1923 1374 1964 dicebam,
1387 1932 1446 1963 ego
1462 1921 1519 1951 tibi
1535 1919 1650 1955 dicam,

198 1979 260 2005 tarn
276 1974 375 2016 ipsam
401 1986 494 2018 quam
510 1977 724 2017 generationes
739 1987 844 2008 eorum
861 1989 868 2007 τ
895 1983 927 2008 tu
945 1988 1015 2009 vero
1032 1977 1106 2008 mihi
1122 1977 1241 2019 aperies
1264 1976 1403 2008 alteram.
1450 1974 1532 2005 Dico
1550 1977 1656 2004 autem

195 2027 272 2058 illud
287 2028 414 2070 quidem
439 2029 584 2066 dormire,
610 2029 687 2060 illud
713 2035 818 2061 autem
849 2030 1018 2072 evigilare3
1041 2037 1135 2072 atque
1158 2041 1195 2060 ex
1212 2040 1320 2061 somno
1342 2029 1477 2070 vigiliam
1492 2026 1557 2058 fieri
1572 2031 1604 2058 et
1618 2037 1657 2057 ex

194 2081 300 2123 vigilia
314 2093 454 2114 somnum
470 2094 477 2114 :
501 2084 672 2125 horumque
687 2085 901 2126 generationes
916 2086 996 2116 hanc
1012 2085 1138 2126 quidem
1154 2084 1333 2125 connivere,
1358 2083 1442 2114 illam
1458 2092 1530 2113 vero
1545 2090 1655 2122 exper-

194 2134 282 2176 gisci.
304 2136 441 2168 satisfeci
456 2137 524 2175 tibi,
539 2138 661 2169 necne?
706 2138 767 2170 Cn.
791 2139 975 2171 Satisfecisti
990 2144 1085 2170 certe.
1130 2139 1184 2169 So.
1209 2137 1270 2169 Dic
1287 2142 1320 2167 tu
1336 2136 1408 2167 mihi
1425 2145 1550 2177 quoque
1566 2134 1653 2165 simi-

193 2186 263 2219 liter
277 2189 318 2220 de
333 2189 396 2220 vita
420 2194 514 2232 atque
530 2196 638 2222 morte.
660 2201 699 2221 an
723 2202 787 2222 non
811 2191 995 2223 contrarium
1019 2192 1121 2222 vivere
1144 2190 1223 2222 dicis
1245 2201 1311 2222 esse
1333 2195 1428 2231 atque
1445 2189 1546 2219 mori?
1591 2187 1653 2219 Οε.

193 2241 360 2283 Equidem.
405 2243 463 2276 So.
486 2243 528 2274 Et
542 2254 580 2275 ex
606 2254 638 2275 se
654 2245 787 2276 invicem
802 2245 891 2275 fieri?
936 2245 996 2277 ΟΕ.
1021 2245 1082 2276 Ita.
1127 2245 1183 2275 So.
1207 2244 1288 2285 Ergo
1303 2254 1340 2275 ex
1358 2243 1481 2275 vivente
1501 2241 1650 2283 quidnam

193 2295 271 2327 flet?
317 2296 375 2328 ΟΕ.
401 2297 574 2330 Mortuum.
619 2298 673 2330 So.
697 2299 783 2336 Quid
807 2303 910 2330 autem
936 2310 973 2330 ex
1001 2299 1146 2330 mortuo?
1191 2298 1250 2330 ΟΕ.
1277 2297 1414 2329 Necesse
1437 2301 1484 2327 est
1509 2293 1652 2326 confiteri

192 2349 310 2383 vivens.
354 2350 410 2383 So.
431 2350 532 2392 Igitur
546 2362 583 2382 ex
601 2352 738 2389 mortuis,
755 2363 772 2383 o
790 2352 904 2390 Cebes,
920 2352 1054 2384 viventia
1070 2353 1150 2383 fiunt
1166 2357 1259 2393 atque
1277 2351 1424 2382 viventes.
1450 2349 1510 2380 ΟΕ.
1533 2347 1646 2389 Appa-

190 2407 247 2433 ret.
292 2403 348 2435 So.
371 2403 450 2434 Sunt
466 2404 558 2446 igitur
568 2406 652 2446 apud
666 2406 778 2437 inferos
790 2406 900 2437 animae
915 2407 1048 2438 nostrae?
1095 2406 1156 2438 ΟΕ.
1179 2405 1322 2437 Videtur.
1368 2403 1422 2436 So.
1447 2401 1563 2433 Nonne
1576 2412 1648 2443 ergo

191 2460 224 2486 et
237 2457 481 2498 generationum,
498 2469 567 2500 quae
582 2460 664 2491 circa
690 2461 758 2492 haee
781 2466 864 2498 sunt,
887 2461 983 2492 altera
1005 2461 1133 2503 quidem
1158 2459 1322 2490 manifesta
1343 2458 1415 2489 est?
1462 2456 1547 2487 Mori
1563 2455 1648 2486 enim

191 2509 388 2542 manifestum
404 2516 470 2542 est:
495 2514 624 2544 nonne?
670 2514 732 2546 ΟΕ.
755 2514 805 2545 Ita
829 2525 962 2556 prorsus.
1007 2516 1062 2546 So.
1093 2513 1250 2551 Quidnam
1278 2512 1369 2553 igitur
1390 2509 1560 2542 faciemus?
1585 2519 1649 2539 non

190 2563 355 2595 reddemus
370 2564 504 2596 vicissim
528 2567 758 2608 generationem
782 2568 856 2600 huic
871 2568 1066 2605 contrariam,
1094 2568 1148 2598 sed
1172 2568 1230 2598 hae
1245 2566 1278 2597 in
1295 2576 1325 2596 re
1341 2565 1492 2595 duntaxat
1506 2572 1647 2594 mancam

190 2616 328 2648 dicemus
343 2622 482 2649 naturam
498 2620 586 2651 esse?
609 2630 648 2651 an
666 2631 736 2652 vero
758 2631 886 2653 necesse
909 2626 957 2652 est
981 2622 1108 2653 reddere
1125 2621 1166 2662 ei,
1188 2620 1273 2662 quod
1291 2618 1366 2650 mori
1382 2622 1442 2657 est,
1463 2615 1646 2648 contrariam

189 2670 345 2711 quandam
370 2673 623 2713 generationem?
667 2674 728 2706 ΟΕ.
752 2675 902 2707 Omnino.
947 2676 1003 2707 So.
1026 2676 1129 2712 Quam
1156 2684 1228 2705 vero
1259 2672 1371 2704 istam?
1418 2671 1479 2702 ΟΕ.
1501 2668 1646 2700 Revivis-

189 2733 269 2755 cere.
313 2724 368 2756 So.
390 2724 506 2757 Nonne
521 2726 626 2767 igitur,
642 2727 667 2757 si
693 2728 909 2760 reviviscentia
924 2735 982 2765 est,
1006 2728 1180 2770 progressio
1197 2727 1339 2769 quaedam
1356 2726 1423 2756 haec
1438 2728 1485 2754 est
1509 2722 1583 2763 [72]
1606 2732 1644 2753 ex

188 2777 315 2809 mortuis
341 2778 382 2808 ad
409 2778 571 2810 viventes?
617 2780 678 2813 ΟΕ.
701 2780 758 2812 Est
783 2782 901 2824 utique.
946 2781 1002 2814 So.
1027 2782 1184 2814 Convenit
1213 2791 1286 2821 ergo
1316 2778 1405 2809 nobis
1434 2778 1492 2807 hac
1519 2775 1645 2815 insuper

188 2830 320 2868 ratione,
344 2831 482 2863 viventes
498 2843 536 2863 ex
553 2833 680 2864 mortuis
704 2833 767 2865 fieri
783 2835 882 2866 nihilo
906 2836 1006 2866 minus
1029 2845 1121 2876 quam
1139 2839 1274 2865 mortuos
1296 2843 1332 2863 cx
1349 2829 1534 2861 viventibus.
1557 2827 1643 2868 quod

188 2893 259 2915 cum
283 2885 326 2916 ita
349 2885 401 2923 sit,
425 2886 628 2917 sufficientem
654 2888 864 2928 conjecturam
891 2890 963 2922 hinc
989 2890 1106 2926 haberi,
1121 2889 1239 2920 animas
1272 2890 1455 2917 mortuorum
1472 2880 1644 2913 necessario

188 2936 301 2968 alieubi
317 2949 395 2976 esse,
411 2940 495 2971 unde
510 2939 619 2971 iterum
646 2947 846 2973 revertantur.
892 2943 952 2975 Οιε.
978 2942 1112 2974 Videtur
1136 2942 1222 2979 mibi,
1244 2951 1262 2972 o
1286 2940 1439 2973 Socrates,
1455 2937 1513 2966 hoc
1529 2945 1565 2965 ex
1583 2934 1643 2972 his,

187 3001 255 3032 quae
271 3001 416 3025 concessa
431 2999 514 3032 sunt,
530 2994 702 3026 necessario
718 2995 816 3037 sequi.
863 2997 918 3031 So.
946 2996 1168 3027 Animadverte
1185 3004 1270 3035 ergo,
1298 3004 1315 3023 ο
1333 2991 1444 3026 Cebes,
1463 2989 1544 3019 haud
1561 2988 1599 3018 ab
1616 2997 1647 3019 re
