1832 3256
231 214 284 252 42
829 212 1096 255 PLATONIS
1599 219 1694 273 [311

235 317 390 356 Socrates,
413 318 559 360 quoniam
579 317 662 348 solus
687 322 735 348 est
759 317 895 359 sapiens,
920 328 968 350 me
987 329 1059 350 vero
1083 329 1146 350 non
1173 319 1267 352 efficit
1290 321 1474 362 sapientem.
1520 321 1573 354 So.
1596 321 1700 356 Immo

234 378 319 404 certe
334 377 366 403 et
389 377 420 403 te
441 372 613 414 sapientem
640 372 761 409 reddet,
785 371 811 404 si
836 374 978 404 mercede
994 373 1041 404 illi
1063 373 1168 404 oblata
1183 375 1380 415 persuaseris.
1426 375 1510 407 Hie.
1533 376 1562 407 Ο
1576 374 1701 417 Jupiter

236 431 331 468 atque
346 426 443 458 ceteri
458 426 515 463 dii,
530 436 634 468 neque
650 426 726 458 meis
742 437 845 467 neque
861 427 1031 458 amicorum
1049 427 1139 458 rebus
1156 438 1325 469 parcerem,
1349 430 1443 460 modo
1468 430 1502 460 id
1525 440 1575 460 me
1590 439 1702 461 conse-

236 486 379 512 cuturum
395 480 583 512 confiderem
598 492 608 520 3
631 486 725 522 atque
741 481 857 512 idcirco
874 486 904 522 te
920 491 1004 512 nunc
1020 482 1113 517 adeo.
1133 489 1170 513 ut
1184 482 1273 524 apud
1277 480 1355 514 ‘eum
1371 494 1427 525 pro
1443 494 1492 515 me
1515 483 1701 515 intercedas.

236 533 306 576 Ego
322 534 405 566 enim
421 539 454 565 et
465 534 572 576 junior
589 545 669 572 sum,
685 539 717 566 et
732 535 935 576 Protagoram
951 545 1111 577 nunquam
1128 536 1191 567 vidi
1207 541 1261 567 aut
1272 537 1388 568 audivi.
1434 548 1512 579 puer
1527 537 1611 569 enim
1628 541 1704 568 tune

236 599 331 624 eram,
347 599 418 620 cum
435 589 495 619 huc
510 588 641 631 primurn
656 589 796 620 accessit.
839 589 950 621 Virum
967 583 1092 631 quidem
1110 590 1195 622 hunc
1211 601 1331 632 omnes,
1347 602 1364 622 o
1391 591 1544 628 Socrates,
1561 591 1702 626 laudant,

237 643 317 674 etin
333 643 469 674 dicendo
485 642 748 684 sapientissimum
765 644 878 676 ferunt.
903 643 1000 686 [311]
1026 644 1086 675 Sed
1109 654 1163 675 cur
1188 655 1251 675 non
1274 655 1474 686 properamus
1499 645 1539 676 ad
1559 655 1643 681 eum,
1666 649 1702 674 ut

238 696 322 727 domi
338 696 428 727 illum
445 697 666 728 conveniamus
681 698 692 728 ?
715 698 841 728 divertit
855 708 942 735 sane,
971 703 1006 728 ut
1021 698 1142 737 audivi,
1157 699 1241 739 apud
1259 698 1390 730 Calliam
1407 698 1580 741 Hipponici
1594 698 1704 731 filiurn.

238 760 345 781 eamus
356 750 435 792 jam.
481 751 539 783 So.
562 750 727 789 Nondum,
743 762 762 782 o
778 752 860 785 bone
876 752 933 794 vir,
955 752 1094 794 inquam,
1109 752 1183 783 illuc
1199 753 1349 784 eundum.
1394 763 1466 784 narn
1482 753 1574 784 valde
1599 752 1704 784 adhue

239 805 396 846 profunda
422 815 496 838 nox.
534 806 588 837 sed
606 817 711 837 eamus
733 806 765 837 in
786 805 902 844 aulam,
927 806 981 837 ubi
999 806 1267 837 deambulabimus
1293 806 1396 848 quoad
1420 817 1528 838 aurora
1550 806 1705 839 lucescat:

239 864 351 900 postea
367 859 568 901 Protagoram
584 859 685 901 ipsum
701 860 866 891 adibimus.
911 870 1014 902 neque
1027 860 1109 892 enim
1126 870 1247 891 summo
1265 871 1354 892 mane
1369 861 1462 891 domo
1476 860 1542 892 exit
1551 859 1706 902 Protago-

239 923 302 946 τηε.
344 913 700 955 Ωυερτορῖειζοοῃῆόρ,
715 914 952 956 dominamque
975 914 1062 945 illum
1084 915 1320 956 comperiemus.
1366 914 1425 945 His
1450 914 1555 958 dictis,
1578 913 1707 945 surrexi-

240 978 321 1004 mus,
337 972 370 998 et
384 967 416 998 in
431 968 532 998 aulam
547 968 680 1010 profecti
696 978 800 1000 sumus
813 981 821 1001 :
847 979 883 1000 ac
898 968 1006 1000 volens
1023 969 1089 1011 ipse
1104 968 1298 1000 fortitudinis
1321 969 1389 1010 ejus
1405 968 1576 1011 periculum
1590 968 1708 1004 facere,

240 1021 371 1052 intuitus
388 1032 455 1052 sum
471 1022 648 1063 diligenter,
665 1029 759 1064 atque
775 1023 820 1054 ita
834 1022 1040 1064 interrogavi:
1065 1023 1128 1054 Dic
1144 1033 1214 1063 age,
1227 1033 1246 1054 o
1262 1022 1484 1064 Hippocrates,
1499 1023 1539 1054 ad
1554 1022 1705 1063 Protago-

238 1085 303 1106 ram
319 1085 405 1107 nunc
420 1076 556 1114 accedis,
573 1077 745 1107 mercedem
771 1086 826 1118 pro
849 1080 881 1106 te
905 1075 952 1106 illi
974 1076 1126 1106 daturus?
1150 1075 1203 1106 Ad
1223 1076 1348 1118 qualern
1371 1076 1528 1107 hominem
1544 1075 1653 1107 vadis?
1676 1080 1710 1107 et

240 1130 310 1171 ipse
326 1129 428 1171 qualis
441 1140 480 1161 ex
495 1141 534 1161 eo
551 1131 596 1162 vir
614 1131 788 1162 evasurus?
834 1130 1110 1167 Quemadmodum
1138 1129 1163 1160 si
1179 1130 1218 1160 ad
1236 1129 1463 1171 Hippocratem
1479 1130 1510 1160 in
1524 1129 1652 1161 nomine
1663 1134 1711 1161 te·

241 1194 313 1216 curn
330 1189 504 1215 consortem
521 1185 621 1217 Coum
637 1190 669 1216 et
685 1184 866 1226 AEsculapii
880 1185 977 1226 stirpe
992 1188 1098 1215 natum
1116 1183 1270 1225 proficisci
1286 1184 1393 1221 velles,
1416 1194 1473 1226 pro
1489 1188 1520 1215 te
1535 1184 1711 1216 mercedem

243 1244 436 1279 erogaturus,
452 1243 485 1270 et
496 1239 611 1280 aliquis
627 1243 789 1281 quaereret,
806 1238 871 1269 Dic
883 1237 971 1278 mihi,
987 1247 1006 1266 o
1023 1237 1247 1278 Hippocrates,
1263 1237 1437 1268 mercedem
1454 1236 1643 1279 Hippocrati
1654 1237 1712 1268 da-

242 1291 314 1323 bis?
337 1293 496 1334 qualinam
524 1293 656 1331 homini,
680 1298 714 1324 et
738 1291 829 1334 cujus
855 1291 998 1322 ratione?
1021 1291 1098 1332 quid
1125 1291 1350 1332 responderes?
1396 1290 1480 1322 ΗΠ.
1505 1291 1552 1322 Ut
1576 1291 1712 1323 medico.

243 1346 301 1379 So.
325 1346 438 1383 Qualis
453 1353 486 1378 et
498 1347 565 1388 ipse
581 1347 715 1382 futurus,
731 1346 763 1376 id
780 1350 840 1382 est,
855 1344 945 1386 cujus
961 1345 1057 1386 gratia
1071 1345 1082 1375 ?
1129 1343 1212 1375 Hm.
1237 1344 1283 1376 Ut
1298 1345 1438 1376 medicus
1452 1355 1609 1376 evasurus.
1653 1345 1711 1376 So.

244 1400 300 1432 Sin
316 1407 420 1432 autem
441 1406 495 1432 aut
516 1401 715 1443 Polycletum
741 1399 907 1441 Argivum,
932 1404 987 1430 aut
1007 1398 1154 1430 Phidiam
1179 1398 1405 1430 Atheniensem
1431 1399 1544 1437 adires,
1568 1400 1713 1431 mercede

244 1465 301 1496 pro
318 1459 349 1487 te
365 1455 481 1492 oblata,
504 1460 537 1487 et
555 1454 669 1497 aliquis
693 1458 938 1496 percontaretur,
962 1453 1107 1495 qualibus
1128 1453 1319 1493 hominibus,
1342 1458 1374 1484 et
1395 1464 1457 1495 qua
1472 1453 1592 1490 ratione
1612 1453 1716 1496 Poly-

245 1509 342 1547 cleto,
366 1515 400 1541 et
419 1509 542 1541 Phidiae
566 1514 729 1551 argentum
753 1508 869 1540 offers?
894 1508 970 1549 quid
996 1508 1036 1539 ad
1064 1507 1154 1538 haec?
1199 1507 1282 1538 Hm.
1305 1507 1467 1550 Tanquam
1492 1506 1713 1549 sculptoribus.

247 1563 304 1596 So.
326 1563 373 1595 Tu
391 1575 463 1596 vero
480 1564 582 1606 qualis
597 1565 690 1596 homo
704 1563 851 1595 futurus?
896 1562 979 1594 Hu’.
1012 1562 1159 1603 Sculptor
1173 1561 1333 1593 videlicet.
1378 1562 1435 1593 So.
1457 1562 1609 1599 Attende,
1625 1562 1716 1593 obse-

246 1628 311 1650 cro.
357 1618 396 1649 ad
415 1618 617 1660 Protagoram
633 1629 718 1650 nunc
733 1629 793 1660 ego
809 1628 845 1650 ac
860 1622 894 1649 tu
911 1616 1150 1660 proficiscimur,
1174 1620 1207 1648 ct
1222 1620 1386 1658 argentum
1403 1616 1448 1647 tui
1465 1615 1564 1658 gratia
1578 1616 1653 1648 dare
1667 1614 1716 1648 illi

247 1672 348 1715 parati
364 1683 480 1710 sumus,
495 1673 626 1705 simodo
642 1674 785 1715 pecuniae
798 1677 912 1704 nostrae
928 1671 1096 1711 sufficient,
1112 1671 1399 1713 persuademusque
1412 1682 1419 1701 ε
1444 1670 1493 1702 sin
1509 1670 1623 1711 minus,
1635 1669 1714 1702 ami-

246 1736 366 1765 corum,
379 1727 509 1769 insuper
534 1728 686 1770 pecunias
708 1728 917 1769 erogabimus.
964 1726 998 1757 Si
1020 1727 1090 1768 quis
1114 1736 1188 1767 ergo
1204 1736 1262 1756 nos
1278 1726 1318 1756 ad
1335 1726 1402 1756 haee
1417 1725 1497 1756 adeo
1513 1729 1715 1767 properantes

246 1781 462 1823 interrogaret,
488 1782 597 1814 Dicite
612 1782 687 1814 mihi
703 1785 844 1820 obsecro,
871 1792 890 1812 ο
906 1782 1050 1813 Socrates
1065 1785 1098 1811 et
1112 1780 1338 1822 Hippocrates,
1363 1779 1522 1821 qualinam
1537 1778 1669 1816 homini,
1683 1783 1717 1810 et

248 1845 312 1877 qua
327 1836 447 1868 ratione
463 1837 642 1878 Protagorae
659 1838 810 1879 pecunias
823 1837 956 1867 tribuere
969 1834 1116 1876 cogitatis
1131 1835 1141 1865 ?
1165 1834 1241 1876 quid
1256 1833 1302 1864 illi
1311 1833 1591 1876 responderemus?
1614 1832 1717 1874 quod-

248 1900 320 1920 nam
337 1890 531 1931 potissimnm
550 1891 729 1932 Protagorae
745 1895 986 1932 cognomentum
1002 1888 1203 1920 audivimus?
1227 1887 1370 1918 Phidiam
1385 1887 1511 1929 quidem
1527 1887 1716 1928 sculptorem

250 1944 437 1984 nominant3
461 1945 631 1976 Homerum
647 1956 720 1977 vero
733 1950 881 1987 poetam:
906 1944 1109 1984 Protagoram
1125 1941 1255 1975 autem?
1301 1941 1382 1974 Hm.
1406 1941 1598 1983 sophistam,
1623 1951 1643 1972 o
1658 1941 1716 1973 So-

250 1999 475 2037 crates‚‚virum
492 2000 576 2031 hunc
598 2000 774 2042 appellant.
820 1999 876 2030 So.
898 1997 982 2040 Ergo
999 2003 1147 2039 tanquam
1168 1997 1207 2026 ad
1230 1996 1403 2038 sophistam
1426 1996 1569 2027 mercede
1590 2005 1719 2037 persua-

251 2053 392 2084 dendum
418 2054 598 2096 pergimus?
642 2054 726 2086 Hir.
750 2052 904 2084 Maxime.
949 2052 1006 2083 So.
1029 2051 1063 2082 Si
1084 2051 1238 2092 quispiam
1259 2055 1290 2081 te
1315 2050 1495 2091 interroget,
1520 2060 1582 2091 qua
1602 2054 1722 2091 mente,

251 2112 284 2138 et
299 2108 399 2149 qualis
414 2118 560 2139 evasurus
574 2108 644 2150 ipse
659 2108 862 2149 Protagoram
886 2106 994 2143 adeas,
1017 2105 1095 2147 quid
1119 2106 1159 2136 ad
1185 2103 1295 2135 illum?
1342 2104 1405 2135 Hic
1419 2103 1631 2145 Hippocrates
1649 2114 1720 2135 eru-

251 2161 341 2192 buit:
367 2161 466 2205 [312]
486 2163 552 2204 jam
573 2162 657 2193 enim
681 2172 791 2193 aurora
811 2161 970 2202 paulisper
990 2160 1145 2195 illuxerat,
1167 2169 1230 2200 quo
1246 2157 1350 2189 vultus
1370 2157 1438 2199 ejus
1462 2163 1567 2200 patere
1595 2158 1720 2190 habitus

253 2221 388 2256 poterat.
432 2215 593 2258 respondit
622 2215 749 2250 deinde,
798 2215 844 2247 Ut
871 2225 964 2256 supra
987 2214 1072 2245 dicta
1098 2212 1304 2249 concludunt,
1330 2213 1472 2253 profecto
1498 2217 1646 2254 tanquam
1672 2223 1722 2244 so·

251 2270 357 2311 phista
381 2275 413 2301 et
435 2271 503 2311 ipse
524 2271 657 2301 futurus.
701 2270 757 2301 So.
781 2268 835 2300 An
862 2279 925 2299 non
947 2267 1058 2299 vereris
1083 2267 1166 2298 inter
1193 2266 1321 2298 Graecos
1347 2266 1495 2307 sophistae
1521 2277 1696 2308 cognomen
1707 2266 1721 2302 ἒν

252 2325 335 2357 Hn’.
360 2325 584 2365 Vehementer,
608 2335 627 2354 o
651 2324 806 2360 Socrates,
828 2322 855 2354 si
879 2322 965 2363 quud
991 2321 1092 2353 sentio
1122 2320 1342 2362 proferendum
1367 2325 1426 2352 est.
1472 2320 1526 2354 So.
1550 2320 1612 2352 Sed
1635 2320 1720 2352 enim

252 2381 338 2417 vide,
350 2391 369 2411 o
384 2379 609 2420 Hippocrates,
620 2388 665 2419 'ne
678 2378 758 2409 forte
774 2376 836 2407 alio
852 2376 962 2407 tendat
978 2381 1065 2406 tuum
1081 2375 1140 2406 hoc
1156 2374 1363 2416 Protagoricae
1375 2373 1448 2404 artis
1459 2373 1610 2415 studium,
1624 2384 1720 2416 quam

253 2439 289 2466 ut
304 2434 445 2475 sophista
460 2432 602 2464 efficiaris
616 2443 623 2463 :
636 2450 638 2452 -
649 2431 912 2473 quemadmodum
930 2430 1122 2472 grammatici
1139 2429 1258 2469 ludum,
1273 2427 1510 2469 citharoedique,
1525 2432 1620 2469 atque
1629 2438 1720 2471 gym-

253 2488 377 2524 nastici,
394 2498 458 2518 non
474 2487 548 2518 artis
565 2486 664 2528 ipsius
680 2486 860 2517 exercendae
877 2484 976 2527 gratia
989 2483 1206 2526 frequentasti,
1230 2483 1286 2514 sed
1299 2482 1434 2523 quadam
1450 2481 1556 2523 potius
1570 2482 1722 2514 aviditate

254 2542 411 2579 discendi,
427 2546 462 2572 ut
478 2541 632 2583 privatum
648 2550 684 2572 ac
701 2539 830 2570 liberum
852 2539 1010 2570 hominem
1030 2538 1133 2569 decet.
1179 2536 1262 2568 Hir>-
1285 2535 1372 2567 Talis
1397 2535 1526 2567 omnino
1547 2535 1644 2568 studii
1657 2535 1721 2570 mei

257 2597 344 2638 apud
359 2596 563 2637 Protagoram
579 2594 656 2625 ratio
669 2594 774 2625 futura
789 2594 921 2625 videtur.
966 2593 1020 2623 So.
1043 2591 1164 2628 Scisne,
1189 2590 1266 2632 quid
1291 2600 1375 2621 nunc
1394 2590 1532 2622 facturus
1546 2589 1612 2621 sis?v
1634 2600 1675 2621 an
1690 2594 1723 2623 te

259 2650 363 2693 sugit?
408 2649 494 2681 Hu’.
517 2649 591 2687 Qua
605 2649 644 2680 de
661 2659 693 2680 re
707 2649 718 2679 ?
763 2649 820 2680 So.
844 2646 956 2678 Animi
971 2647 1018 2678 tui
1032 2656 1138 2677 curam
1151 2645 1228 2682 viro,
1245 2649 1280 2675 ut
1295 2645 1350 2682 εἰς,
1367 2644 1515 2686 sophistae
1532 2654 1566 2676 es
1577 2644 1722 2676 commis-

257 2714 358 2736 surus.
403 2703 491 2741 Quid
517 2707 620 2734 autem
637 2702 777 2744 sophista
791 2702 832 2733 sit
847 2702 873 2733 si
888 2701 980 2738 scias,
1008 2709 1204 2741 summopere
1220 2699 1406 2733 admirabor.
1447 2698 1534 2740 quod
1547 2698 1573 2729 si
1587 2697 1724 2740 ignoras.

261 2758 364 2790 nescis
382 2757 475 2799 quale
490 2758 530 2788 sit
547 2757 642 2794 istud,
669 2757 828 2788 bonumne
845 2767 882 2786 an
901 2754 1031 2795 malum,
1052 2754 1103 2785 cui
1128 2764 1254 2795 operam
1278 2753 1460 2795 impendere
1477 2751 1595 2784 studes.
1640 2751 1724 2785 Hir.

259 2812 343 2844 Scire
359 2811 506 2854 equidem
522 2804 660 2844 arbitr‘or.
705 2811 761 2842 So,
786 2810 851 2842 Dic
866 2820 952 2852 crgo,
977 2807 1052 2851 quid
1077 2808 1247 2849 sophistam
1264 2818 1331 2839 esse
1347 2805 1477 2839 censes?
1522 2805 1607 2838 Hir.
1630 2804 1723 2836 Arbi-

260 2871 320 2897 tror
330 2876 397 2898 esse
411 2866 506 2902 hunc,
524 2871 557 2895 ut
573 2875 687 2896 nomen
702 2864 870 2905 significat,
886 2863 939 2905 qui
956 2862 1093 2894 rationes
1104 2863 1142 2893 ad
1160 2861 1346 2903 sapientiam
1358 2859 1548 2903 pertinentes
1563 2858 1723 2901 intelligit.

259 2921 315 2953 So.
336 2920 425 2953 Idem
442 2929 567 2962 quoque
582 2919 622 2952 de
638 2919 808 2961 pictoribus
824 2930 860 2951 ac
877 2917 968 2951 fabris
986 2917 1060 2950 lieet
1077 2916 1193 2955 dicere,
1210 2927 1264 2949 eos
1278 2925 1345 2949 esse
1362 2914 1510 2948 videlieet
1519 2913 1574 2958 qui
1588 2913 1723 2947 rationes
