1846 3268
190 276 286 331 202]
746 274 1094 315 THEAETETUS.
1570 279 1651 316 265

181 385 317 418 definita
331 386 382 419 sit.
428 385 514 419 Tun.
538 373 769 419 Necessarium,
784 393 803 414 ο
826 381 984 421 Socrates,
998 382 1084 423 quod
1105 381 1151 426 ais
1177 382 1208 413 in
1224 382 1391 424 praesentia
1404 391 1551 415 asserere.
1594 377 1652 416 so.

187 439 274 478 Quid
289 440 387 484 ergo?
408 425 595 482 aprincipio
610 447 711 470 rursus
736 437 778 468 de
802 436 932 468 scientia
954 428 1161 468 disseremus?
1184 437 1325 468 nondum
1340 436 1425 468 enim
1442 437 1579 470 dicendo
1595 438 1652 470 dv*-

179 494 255 526 fessi
269 502 384 527 snmus.
426 493 514 525 Tin.
537 492 612 524 Non
627 496 723 531 certe,
735 490 891 532 siquidem
906 490 976 531 ipse
992 499 1055 520 nou
1069 491 1184 523 renuis.
1230 490 1287 522 So.
1310 489 1376 522 Die
1392 499 1462 532 nge,
1475 500 1540 533 quo
1551 496 1649 533 pacto

185 555 255 580 earn
278 546 462 579 definientes
484 547 574 578 nobis
599 545 677 587 ipsis
701 544 830 575 minime
854 543 1109 575 adversabimur?
1154 544 1241 575 Tire.
1264 544 1540 582 Quemadmodum
1555 553 1650 586 supra

177 600 410 634 contendimus.
432 600 510 632 nibil
535 599 617 631 enim
642 598 727 629 aliud
753 598 864 628 habeo.
910 597 966 628 So.
990 597 1159 633 Quomodo
1175 598 1292 638 supra?
1336 592 1424 630 Tus.
1447 597 1563 629 Veram
1580 597 1651 640 opi-

183 653 309 686 nionem
331 654 493 687 scientiam
519 663 588 685 esse
605 652 759 684 volebam.
781 660 853 682 nam
872 661 942 682 vere
970 650 1091 692 opinari
1108 651 1217 692 procul
1233 656 1282 682 est
1295 652 1335 683 ab
1348 660 1473 683 errore:
1498 655 1531 683 et
1545 660 1651 694 quau

181 716 255 740 vera
270 708 419 750 opinione
432 705 682 750 proficiscuntur,
699 706 814 738 decora
828 705 933 736 omnia
948 705 1094 746 bonaque
1109 709 1195 737 sunt.
1239 705 1296 738 So.
1321 703 1388 743 Qui
1408 704 1440 736 in
1456 706 1648 737 transeundo

180 761 310 794 flumine
335 762 428 805 praeit
448 760 667 804 sequentibus,
690 769 762 792 cum
783 759 987 802 interrogant,
1002 767 1095 801 quam
1121 758 1186 790 uita
1209 759 1250 790 sit
1263 768 1365 801 aqua,
1387 757 1464 800 Ipsa
1489 759 1648 794 ostendet.

179 815 295 860 inquit.
338 815 434 855 Quod
451 816 477 847 si
502 820 535 847 et
560 824 619 846 nos
643 811 777 856 ingressi
804 813 1033 856 perquiramus,
1057 814 1138 845 forte
1151 813 1414 856 impedimentum
1429 813 1545 855 ipsum,
1559 815 1647 854 quod

181 870 341 913 quaeritur,
365 869 463 912 [201]
487 868 734 901 demonstrabit:
756 867 959 899 manentibus
982 867 1074 899 nobis
1097 867 1177 899 nihii
1194 867 1326 910 patebit.
1369 866 1457 900 Tun.
1482 867 1584 899 Probe
1598 868 1646 898 ln-

178 924 293 968 queris.
316 934 424 956 eamus
445 923 512 966 jam
540 921 713 965 quaesituri.
757 922 813 954 So.
836 920 890 953 An
917 931 982 953 non
1007 922 1109 954 brevis
1137 921 1391 964 investigationis
1420 923 1481 954 hoo
1505 922 1576 954 est?
1598 930 1648 954 ars

178 977 295 1010 etenim
309 977 453 1010 universa
466 982 651 1020 argumento
673 977 764 1008 nobis
788 980 848 1015 est,
870 975 1033 1008 scientiam
1056 974 1090 1007 id
1108 975 1234 1008 minime
1250 986 1330 1010 esse.
1375 975 1464 1008 Tne.
1487 975 1648 1013 Quarati—

177 1032 261 1064 one?
285 1041 394 1074 quaeve
408 1030 562 1064 facultas?
607 1032 664 1064 So.
687 1031 816 1068 Eorum,
839 1030 893 1074 qui
918 1039 983 1073 prae
1004 1030 1118 1063 ceteris
1132 1030 1291 1072 sapientes
1313 1035 1399 1068 sunt,
1414 1040 1494 1072 quos
1509 1037 1646 1061 oratores

177 1089 210 1117 et
223 1084 399 1118 causidicos
412 1091 538 1118 vocant.
560 1085 593 1119 hi
609 1085 635 1118 si
650 1086 777 1128 quidem
793 1090 858 1117 arte
874 1095 931 1117 sua
946 1085 1149 1128 persuadent,
1160 1094 1224 1116 non
1239 1085 1366 1117 docent·
1389 1084 1546 1116 inducunt
1559 1084 1644 1116 enim

179 1139 347 1178 auditores,
363 1144 399 1171 ut
413 1149 484 1182 quae
505 1139 565 1182 ipsi
590 1139 736 1182 cupiunt,
752 1139 932 1181 opinentur.
977 1138 1033 1170 An
1055 1144 1089 1170 tu
1111 1138 1233 1181 aliquos
1248 1139 1329 1170 adeo
1341 1138 1374 1169 in
1389 1137 1535 1170 docendo
1550 1138 1645 1169 vehe-

180 1199 301 1226 mentes
314 1193 482 1232 existimas,
499 1199 536 1226 ut
549 1204 619 1226 cum
637 1193 806 1226 latrociniis
822 1192 952 1235 aliisque
968 1191 1089 1234 injuriis
1102 1192 1181 1223 nulii
1204 1196 1300 1223 testes
1314 1191 1523 1229 interfuerint,
1538 1196 1644 1222 tamen

177 1248 410 1280 commissorum
424 1249 574 1281 scelerum
589 1248 752 1280 veritatem
776 1248 817 1279 ad
843 1257 956 1289 aquarn
974 1257 1105 1289 paucam
1120 1246 1280 1278 doceant?
1323 1246 1411 1277 Tne.
1434 1245 1534 1277 Nullo
1547 1247 1643 1278 modo

175 1302 289 1334 docere
314 1301 397 1339 ilios,
424 1303 479 1334 sed
503 1301 690 1344 persuadere
715 1307 804 1344 puto.
848 1301 904 1334 So.
929 1298 1120 1332 Persuadere
1149 1306 1254 1332 autem
1281 1310 1387 1332 nonne
1408 1299 1494 1331 idem
1520 1300 1642 1337 asseris,

174 1355 260 1398 quod
285 1360 318 1387 et
331 1356 512 1398 opinionem
527 1355 699 1388 inducere?
742 1354 831 1387 Tne.
855 1355 945 1387 Idem
969 1363 1103 1396 prorsus.
1149 1355 1206 1387 So.
1229 1355 1346 1387 Nonne
1367 1355 1496 1397 quando
1515 1353 1642 1394 judices

170 1408 257 1450 juste
271 1410 499 1452 persuadentur
513 1411 544 1441 in
570 1409 631 1446 his,
653 1420 724 1452 quae
747 1409 832 1440 solus
852 1408 916 1446 ilie.
937 1409 991 1451 qui
1006 1409 1098 1450 vidit,
1113 1409 1289 1451 cognoscit,
1304 1409 1385 1440 alins
1400 1413 1505 1440 autem
1520 1416 1642 1450 nequa·

173 1471 283 1504 quarm
305 1466 380 1494 tunc
395 1462 464 1504 ipsa
477 1473 515 1494 ex
530 1462 639 1494 auditu
652 1462 834 1504 judicantes
857 1471 1023 1503 veramque
1046 1463 1230 1504 opinionem
1256 1462 1340 1494 nacti
1365 1463 1485 1504 absque
1509 1461 1642 1493 scientia

173 1518 256 1548 recte
266 1515 415 1558 judicant
429 1527 478 1553 ea,
495 1515 528 1547 in
543 1516 657 1558 quibus
666 1515 805 1558 persuasi
821 1521 905 1552 sunt,
920 1515 945 1545 si
961 1516 1055 1546 modo
1067 1516 1149 1546 bene
1159 1515 1330 1556 judicant?
1375 1516 1464 1547 Tne.
1489 1515 1641 1548 Omnino.

172 1568 229 1601 So.
253 1569 285 1601 Si
299 1575 402 1602 tamen
417 1569 500 1602 idem
518 1575 612 1607 esset,
627 1580 646 1601 o
667 1570 779 1607 amice,
807 1569 914 1612 opinio
929 1577 1001 1600 vera
1021 1568 1242 1610 judiciumque
1261 1574 1294 1600 et
1319 1570 1464 1610 scientia,
1477 1576 1640 1611 nunquam

168 1623 269 1665 judex
284 1623 337 1656 ine
352 1633 489 1656 summus
503 1625 622 1666 absque
637 1623 767 1656 scientia
782 1629 866 1655 recte
881 1623 1072 1665 opinaretur.·
1116 1622 1212 1654 Nunc
1236 1628 1339 1654 nutent
1355 1630 1524 1664 utrumque
1537 1623 1640 1654 diver-

175 1683 242 1709 sur'n
258 1677 410 1720 quiddam
435 1686 503 1709 esse
517 1677 650 1709 videtur.
695 1677 783 1709 Trm.
807 1677 903 1714 Quod
929 1678 968 1708 ab
990 1676 1097 1718 aliquo
1121 1678 1161 1708 de
1186 1676 1318 1709 scientia
1339 1674 1641 1718 quondamaudivi,

171 1730 287 1763 obiitus
302 1741 401 1773 eram,
416 1732 470 1763 sed
483 1731 549 1773 jam
565 1731 756 1763 reminiscor.
779 1731 883 1772 inquit
898 1736 1003 1762 autem
1019 1730 1201 1773 opinionem
1215 1741 1317 1762 veram
1342 1741 1414 1762 cum
1437 1730 1558 1761 ratione
1578 1729 1639 1762 sci·

171 1785 287 1817 entiam
302 1795 381 1822 esse,
395 1785 462 1816 sine
478 1785 598 1816 ratione
612 1790 768 1827 expertem
786 1783 926 1816 scientiae
941 1796 948 1815 :
973 1789 1006 1815 et
1020 1793 1091 1826 quae
1101 1785 1221 1816 ratione
1236 1790 1355 1826 carent,
1365 1784 1436 1816 sciri
1446 1792 1509 1815 non
1522 1792 1639 1826 μήκη

171 1849 242 1882 quae
258 1849 330 1870 vero
357 1839 507 1871 rationem
536 1839 664 1876 babent,
689 1839 771 1870 sciri.
817 1839 874 1870 So.
898 1838 1002 1876 Quam
1023 1838 1170 1880 praecIare
1197 1838 1352 1880 loqueris!
1399 1838 1462 1870 Sed
1485 1838 1552 1869 baeo
1568 1838 1637 1879 ipsa

169 1902 240 1935 quae
255 1892 326 1925 sciri
340 1898 471 1935 possunt
485 1898 519 1924 et
532 1903 603 1935 quae
617 1903 693 1929 non,
709 1893 760 1925 dic
776 1894 936 1935 quomodo
950 1893 1175 1935 distinguebat,
1190 1897 1226 1924 ut
1240 1893 1411 1930 videamus,
1427 1898 1529 1923 utrum
1547 1896 1580 1923 ru
1603 1897 1637 1923 et

170 1956 229 1988 ego
245 1946 384 1978 similiter
398 1947 622 1989 acceperimus.
667 1947 756 1979 Tmz.
779 1947 1010 1978 Inventnrusne
1035 1946 1093 1977 sim
1117 1947 1250 1988 ignoro:
1274 1947 1353 1978 forte
1368 1957 1441 1978 vero
1456 1950 1636 1988 exponente

170 1999 231 2031 alio
246 2000 383 2042 quodam
400 2010 589 2042 assequerer.
633 2000 689 2031 So.
713 1999 798 2032 Audi
825 2001 919 2043 igitur
934 2011 989 2043 pro
1005 2001 1126 2032 somnio
1140 2000 1307 2034 somnium.
1354 2000 1422 2042 Ego
1439 2010 1566 2042 quoque
1581 2010 1635 2032 acz-

167 2054 287 2096 cepisse
311 2064 330 2086 ε
350 2054 536 2096 quibusdam
554 2054 631 2086 mihi
647 2055 766 2093 videor,
782 2055 881 2097 prima
897 2055 964 2098 ipsa
980 2055 1068 2087 velut
1083 2056 1250 2093 elementa,
1263 2067 1301 2087 ex
1317 2056 1431 2098 quibus
1445 2054 1588 2086 homines
1603 2059 1638 2085 et

167 2107 229 2139 alia
242 2114 484 2151 componuntur,
498 2109 672 2151 §rationem
688 2120 752 2141 non
772 2111 896 2143 habere.
943 2110 1026 2142 Nam
1043 2111 1291 2152 unumquodque
1311 2110 1436 2141 illorum
1459 2109 1631 2140 secundum

165 2162 302 2203 seipsum
317 2163 479 2194 nominare
493 2163 579 2201 licet,
595 2163 764 2205 praedicare
781 2174 853 2196 vero
864 2165 983 2206 aliquid
993 2164 1079 2195 aiiud
1092 2164 1232 2201 minime,
1247 2174 1351 2205 neque
1366 2163 1452 2204 quod
1465 2167 1514 2194 est
1529 2171 1634 2204 neque

169 2217 254 2258 quod
269 2226 331 2247 non
349 2221 407 2248 est.
449 2217 520 2250 Jam
536 2218 618 2249 enirn
635 2218 800 2250 essentiam
814 2219 875 2261 ipsi
894 2218 949 2250 vel·
960 2229 1024 2249 non
1041 2219 1206 2250 essentiam
1231 2218 1328 2260 [202]
1353 2217 1493 2248 adhiberi
1508 2216 1633 2248 coutin-

165 2274 261 2311 geret.
306 2270 441 2312 Oportet
455 2276 558 2303 tamen
575 2271 650 2303 nihii
668 2280 839 2313 apponere,
855 2273 881 2303 si
898 2271 975 2303 forte
990 2272 1069 2303 iliud
1080 2271 1184 2313 ipsum
1199 2271 1297 2303 solum
1314 2270 1383 2313 quis
1397 2270 1492 2303 dicat.
1515 2269 1632 2301 etenim

165 2330 268 2366 neque
291 2325 391 2366 ipsum
408 2336 510 2368 neque
525 2326 618 2362 iilud,
640 2333 743 2368 neque
767 2328 1013 2369 unumquodque
1036 2337 1140 2368 neque
1167 2326 1280 2362 solum,
1296 2334 1398 2366 neque
1421 2324 1506 2355 istud
1527 2332 1633 2365 neque

165 2382 268 2409 cetera
283 2379 358 2409 talia
373 2379 514 2410 adhiberi
526 2379 647 2411 volunt.
672 2380 740 2411 haec
756 2380 839 2411 enirn
855 2380 1132 2411 circumcurrentia
1147 2379 1294 2421 quotiens
1309 2379 1456 2421 cuiquam
1471 2378 1633 2420 assignari*

165 2437 225 2468 tur,
240 2431 301 2463 alin
316 2433 458 2474 quaedam
475 2443 541 2465 esse
557 2434 645 2464 aiunt
658 2438 773 2476 praeter
786 2433 866 2465 illud
883 2433 935 2465 cui
951 2434 1076 2475 adjecta
1090 2438 1173 2465 sunt.
1218 2432 1372 2475 oportere
1388 2437 1506 2468 autem,
1518 2431 1547 2463 si
1567 2441 1631 2474 quo

165 2485 259 2516 modo
273 2490 391 2527 posset,
406 2486 509 2528 ipsum
524 2487 600 2525 dici,
614 2488 806 2530 haberetque
822 2488 994 2520 orationem
1011 2487 1181 2529 propriam,
1197 2494 1340 2518 seorsum
1350 2488 1390 2518 ab
1401 2487 1471 2518 aliis
1486 2486 1632 2518 omnibus

165 2538 267 2579 ipsum
293 2538 408 2570 dicere.
452 2539 548 2572 Nunc
571 2546 676 2573 autem
700 2542 821 2573 nullum
845 2553 881 2573 ex
900 2542 1005 2584 primis
1023 2551 1163 2574 sermone
1180 2552 1271 2583 posse
1286 2541 1427 2583 proferri.
1450 2540 1529 2572 nihil
1545 2540 1630 2571 enim

165 2592 249 2623 alind
265 2592 324 2634 ipsi
341 2602 435 2635 quam
451 2603 564 2625 nomen
580 2595 700 2632 adesse,
718 2596 882 2638 solumque
906 2606 1020 2627 nomen
1044 2596 1169 2628 habere.
1215 2596 1297 2633 Quae
1312 2605 1384 2626 vero
1405 2605 1444 2627 ex
1466 2594 1528 2626 iilis
1544 2604 1630 2626 com·

165 2645 267 2687 posita
282 2651 365 2683 sunt,
382 2648 645 2688 quemadmodum
661 2649 728 2690 ipsa
743 2650 942 2691 copulantur,
958 2649 1003 2682 sic
1018 2655 1051 2681 et
1066 2649 1189 2680 illorum
1205 2649 1332 2680 nomina
1347 2649 1496 2691 copulata
1515 2648 1630 2680 oratio-

162 2708 232 2730 nem
248 2700 326 2731 fieri.
367 2699 539 2731 Nominum
555 2703 674 2744 quippe
696 2703 928 2745 copulationem
952 2703 1101 2735 orationis
1125 2712 1193 2735 esse
1208 2703 1423 2734 substantiam.
1468 2703 1627 2741 Quocirca

161 2752 316 2785 elementa
339 2754 407 2785 sine
421 2755 562 2786 oratione
586 2754 746 2788 rationeve
767 2763 799 2788 et
824 2757 985 2799 incognita
1011 2767 1090 2795 esse,
1106 2758 1247 2789 sensibus
1273 2761 1376 2788 tamen
1400 2756 1627 2799 percipiendnz

161 2806 298 2848 syliabas
314 2812 418 2839 autem
433 2813 466 2839 et
480 2810 628 2851 cognosci
642 2813 675 2840 et
690 2805 754 2842 dici
767 2820 856 2852 posse
870 2821 942 2843 vera
953 2810 1104 2853 opinione
1119 2811 1355 2852 comprehendi.
1399 2811 1538 2848 Quando
1554 2818 1628 2851 ergo

161 2859 277 2901 absque
289 2861 407 2893 ratione
423 2862 602 2904 opinionem
619 2863 659 2895 de
686 2864 794 2906 aliquo
808 2871 921 2896 veram.
936 2865 1049 2907 aliquis
1069 2864 1265 2907 adipiscitur,
1281 2874 1353 2896 vera
1369 2865 1497 2906 quidem
1512 2864 1554 2894 de
1570 2862 1625 2893 ino

161 2912 229 2954 ejus
252 2913 367 2947 sentire
393 2916 530 2948 animum
555 2917 669 2954 serunt,
690 2926 782 2949 nosse
797 2927 869 2949 vero
895 2928 1103 2962 nequaquam.
1150 2919 1232 2950 Nam
1258 2928 1342 2955 eum,
1364 2918 1418 2960 qui
1434 2917 1578 2959 accipere
1593 2919 1627 2946 et

162 2966 292 3000 reddere
306 2969 456 3002 rationem
472 2971 594 3014 nequit,
610 2971 744 3006 inscium
761 2977 847 3004 esse:
875 2982 945 3004 cum
955 2977 1032 3005 'vero
1049 2973 1200 3006 rationem
1212 2971 1426 3015 consequitur,
1438 2972 1506 3002 haec
1522 2969 1629 3001 omnis

254 3021 344 3054 Plat.
364 3024 420 3056 Tr.
949 3026 977 3061 1.
1471 3027 1491 3057 2
1515 3023 1542 3054 L
