1846 3268
197 302 267 354 86]
835 297 1007 338 MENO.
1579 299 1658 337 279

193 407 299 441 venire
323 405 371 438 vel
385 403 514 442 discere,
537 402 622 445 quod
649 412 718 434 cum
747 401 913 443 ignoraret,
929 412 1021 432 nosse
1047 401 1182 440 rebatur,
1197 394 1376 443 priusquam
1402 401 1435 432 in
1459 402 1540 432 hanc
1557 401 1656 433 ambi-

196 462 345 504 guitatem
368 460 529 494 incideret,
545 467 608 499 qua
621 462 654 488 et
676 466 760 487 suam
776 456 983 497 ignorantiam
1009 467 1040 487 re
1062 456 1268 497 deprehendit
1282 460 1314 487 et
1329 455 1490 487 scientiam
1506 460 1656 496 appetere

196 515 313 558 coepit?
358 515 455 546 ΜΕΝ.
478 512 699 554 Nequaquam,
716 521 734 541 o
751 511 906 542 Socrates.
949 510 1003 540 SO.
1027 510 1150 541 Profuit
1172 510 1268 550 igitur
1291 510 1349 540 sibi
1365 515 1474 551 stupor
1486 508 1654 550 ejusmodi.

194 569 292 601 ΜΕΝ.
315 567 458 600 Videtur.
503 566 556 597 So.
579 565 749 597 Considera
766 565 871 606 itaque
896 575 932 596 ex
955 565 1014 595 bac
1038 564 1252 605 ambiguitate,
1267 565 1353 606 quod
1367 564 1427 595 iste
1453 574 1515 594 una
1531 574 1651 595 meeum

195 621 395 662 investigans,
411 619 489 651 nihil
506 630 555 650 me
570 619 718 655 docente,
734 618 788 649 sed
805 619 908 659 potius
923 618 1146 658 interrogante,
1162 618 1304 659 reperiet.
1350 617 1502 655 Observa,
1516 617 1657 655 obsecro,

195 675 371 717 diligenter,
387 685 460 705 num
474 683 611 714 unquam
638 673 750 704 docere
776 673 861 703 hunc
884 682 921 703 ae
947 672 1157 702 demonstrare
1172 671 1218 702 illi
1234 672 1401 713 quicquam
1416 671 1521 702 videar
1537 670 1654 712 potius,

196 739 288 771 quam
303 727 457 770 ejusmodi
472 726 638 768 opiniones
655 725 792 767 singulas
805 724 964 757 sciscitari.
1007 724 1055 756 Tu
1072 725 1156 755 enim
1171 725 1236 761 dic,
1252 725 1351 767 hocne
1366 725 1500 766 spatium
1517 725 1657 766 quadru-

195 782 310 824 pedale
335 781 402 813 est?
425 779 637 812 intellextin'?
683 780 747 810 Pu.
770 779 937 820 Equidem.
982 779 1040 811 So.
1063 778 1149 809 Num
1165 783 1198 810 et
1212 779 1270 810 hac
1287 778 1372 809 aliud
1389 779 1509 819 aequale
1524 778 1575 809 isti
1597 789 1654 820 ap·

194 846 309 878 ponere
323 835 423 866 licet?
468 834 531 866 Pu.
555 833 654 865 Licet.
699 833 756 864 So.
779 832 822 863 Et
844 833 968 864 tertium
994 833 1079 864 istud
1105 832 1228 873 utrique
1254 832 1381 863 istorum
1399 832 1544 873 aequale?
1590 832 1656 863 Po.

195 889 238 920 Et
260 888 357 921 istud.
402 888 459 920 So.
482 887 602 919 Nonne
625 888 697 923 hoc,
721 887 807 928 quod
833 886 864 917 in
888 887 1003 928 angulo
1027 891 1086 924 est,
1111 886 1268 927 complere
1290 886 1384 917 licet?
1429 886 1492 918 Pu.
1516 886 1654 918 Prorsus.

195 943 252 974 So.
276 942 354 973 Haec
383 942 457 973 inde
486 941 616 983 aequalia
641 946 777 982 quatuor
797 941 1019 972 nascerentur?
1063 940 1129 971 Pu.
1154 939 1215 971 Ita.
1261 939 1317 972 So.
1339 939 1454 970 Totum
1477 940 1573 981 igitur
1594 941 1655 971 hoc

193 996 379 1038 quotuplum
403 996 443 1026 ad
467 995 550 1026 istud
565 995 717 1026 efficitur?
762 995 826 1027 Pu.
851 994 1084 1035 Quadruplum.
1129 994 1187 1024 So.
1210 993 1385 1035 Oportebat
1400 999 1504 1025 autem
1519 994 1652 1035 duplum

194 1050 285 1081 nobis
299 1050 493 1091 contingere.
514 1059 588 1079 num
612 1048 805 1080 recordaris?
850 1048 913 1079 Pu.
938 1048 1088 1080 Maxime.
1133 1048 1189 1079 So.
1213 1047 1330 1078 Nonne
1353 1048 1422 1079 haec
1445 1048 1527 1079 linea
1541 1048 1580 1079 ab
1595 1058 1652 1079 an-

197 1103 270 1146 gulo
292 1103 326 1134 in
346 1103 494 1143 angulum
517 1102 651 1143 aliquem
669 1106 822 1143 porrecta,
839 1101 870 1132 in
895 1101 969 1143 [85]
991 1102 1054 1132 duo
1080 1106 1236 1142 utrunque
1251 1101 1386 1142 spatium
1399 1101 1535 1133 dividit?
1583 1102 1650 1133 Pu.

196 1157 258 1189 Ita.
302 1157 358 1188 So.
378 1156 461 1198 Ergo
477 1161 609 1197 quatuor
625 1156 672 1186 hae
687 1155 778 1186 lineae
794 1156 927 1197 aequales
941 1155 1031 1193 fiunt,
1043 1155 1075 1186 id
1090 1155 1224 1197 spatium
1240 1155 1563 1196 comprehendentes?
1586 1155 1651 1186 Pu.

197 1211 301 1243 Fiunt.
346 1211 402 1242 So.
425 1210 595 1243 Considera
618 1210 726 1251 itaque
751 1210 842 1250 quale
868 1214 916 1240 est
942 1210 974 1240 id
1001 1210 1148 1251 spatium.
1191 1209 1256 1242 Pu.
1281 1209 1375 1240 Haud
1400 1208 1555 1249 intelligo.
1598 1209 1656 1240 So.

197 1264 314 1296 Nonne
329 1274 398 1295 cum
415 1264 481 1295 haee
495 1269 628 1305 quatuor
642 1264 714 1300 sint,
730 1263 895 1294 dimidium
910 1263 1064 1305 cujusque
1090 1264 1172 1295 linea
1195 1274 1330 1305 quaeqne
1345 1268 1431 1295 secat
1444 1263 1630 1294 intrinsecus
1643 1262 1655 1292 ?

197 1319 261 1350 Pu.
285 1317 387 1349 Secat.
431 1317 486 1348 So.
510 1317 598 1354 Quot
610 1317 704 1359 igitur
718 1321 805 1347 tanta
821 1316 852 1348 in
868 1317 928 1348 1100
944 1317 1039 1347 sunt?
1085 1318 1149 1349 Pu.
1174 1317 1329 1354 Quatuor.
1374 1317 1429 1348 So.
1453 1317 1542 1354 Quot
1552 1320 1657 1347 autem

197 1371 230 1402 in
245 1371 327 1402 isto?
372 1371 434 1403 Ρυ.
458 1371 545 1404 Duo.
590 1371 644 1402 So.
666 1370 711 1401 At
726 1376 859 1412 quatuor
874 1372 914 1402 ad
937 1372 1001 1402 duo
1026 1371 1179 1412 quotupla
1205 1371 1300 1401 sunt?
1345 1371 1408 1403 Pu.
1433 1370 1553 1412 Dupla.
1598 1370 1656 1402 So.

195 1424 266 1456 Hoc
279 1424 383 1466 itaque
394 1429 472 1466 quot
487 1424 600 1465 pedum
616 1424 672 1454 fit?
717 1425 780 1456 Pu.
804 1424 898 1458 Octo.
942 1425 996 1456 So.
1023 1424 1053 1456 A
1068 1435 1131 1467 qua
1147 1425 1341 1466 potissimum
1367 1425 1471 1457 linea?
1516 1425 1579 1456 Pu.
1603 1424 1656 1455 Ab

196 1478 266 1510 hac.
309 1474 365 1509 So.
386 1477 439 1508 Ab
462 1488 552 1514 eane,
569 1488 639 1519 quae
663 1483 796 1520 quatuor
820 1479 935 1520 pedum
960 1485 1019 1518 est,
1044 1480 1084 1510 ab
1103 1479 1220 1520 angulo
1246 1484 1402 1521 protracta
1426 1479 1459 1510 in
1483 1479 1657 1521 angulum?

197 1532 260 1564 Pu.
284 1531 345 1563 lta.
387 1532 442 1564 So.
467 1531 559 1563 Hanc
574 1543 645 1563 vero
669 1532 852 1564 diametrum
874 1533 1024 1574 sophista?
1050 1538 1256 1574 nuncupant:
1280 1538 1314 1564 et
1341 1534 1367 1564 si
1389 1534 1463 1564 huic
1480 1543 1595 1565 nomen
1611 1543 1665 1572 est

197 1586 358 1623 diameter,
373 1596 392 1616 a
406 1579 569 1623 diametro,
584 1591 619 1617 ut
631 1587 702 1627 ipse
727 1587 784 1623 ais,
801 1597 819 1618 o
845 1597 933 1628 puer,
949 1587 1080 1628 duplum
1097 1588 1231 1627 spatium
1247 1593 1434 1618 nasceretur.
1478 1587 1543 1618 Pu.
1567 1586 1661 1617 Pror-

199 1649 262 1676 sus,
289 1650 308 1670 o
333 1638 487 1670 Socrates.
532 1639 588 1671 So.
612 1640 700 1676 Quid
723 1640 791 1675 tibi,
817 1640 952 1682 Menon,
978 1640 1122 1671 videtur?
1145 1640 1347 1682 responditne
1372 1640 1431 1670 iste
1458 1650 1594 1681 unquam
1619 1651 1658 1671 ex

198 1692 323 1723 alterius
347 1703 440 1734 quam
467 1692 515 1724 sui
542 1693 639 1734 ipsius
665 1694 838 1734 opinione?
884 1694 982 1726 ΜΕΝ.
1007 1694 1199 1737 Nunquam:
1224 1695 1278 1725 sed
1304 1705 1342 1725 ex
1374 1694 1497 1734 propria
1524 1703 1659 1735 semper.

201 1747 257 1778 So.
282 1746 495 1778 Veruntamen
511 1747 594 1777 haud
611 1748 711 1784 novit,
731 1752 764 1778 ut
779 1748 874 1789 paulo
890 1753 963 1779 ante
977 1748 1111 1779 confessi
1134 1758 1251 1778 sumus.
1295 1747 1394 1778 ΜΕΝ.
1418 1746 1501 1778 Vera
1516 1747 1661 1789 loqueris.

199 1800 255 1831 So.
278 1799 407 1832 Inerant
430 1799 524 1841 igitur
546 1800 618 1831 huic
641 1801 806 1841 opiniones
831 1801 1021 1842 hujusmodi.
1067 1802 1166 1832 ΜΕΝ.
1190 1801 1328 1831 Inerant.
1374 1801 1430 1833 So.
1458 1800 1540 1831 Huic
1566 1801 1662 1842 igitur

198 1853 353 1894 ignoranti
368 1853 536 1894 opiniones
551 1854 591 1884 de
608 1853 658 1894 iis,
673 1864 744 1895 quae
756 1854 888 1896 ignorat,
906 1865 984 1885 verae
1001 1855 1119 1885 insunt.
1164 1855 1260 1887 ΜΕΝ.
1283 1854 1439 1896 Apparet.
1484 1855 1539 1885 So.
1562 1854 1659 1886 Nunc

196 1908 292 1950 igitur
306 1907 355 1938 isti
370 1907 534 1948 opiniones
550 1907 626 1938 tales
641 1908 727 1948 quasi
745 1918 801 1948 per
815 1908 967 1938 somnium
983 1909 1138 1940 suscitatae
1155 1913 1238 1939 sunt.
1262 1909 1347 1950 quod
1364 1908 1389 1939 si
1406 1909 1475 1950 quis
1490 1909 1660 1950 interroget

198 1963 283 1994 hune
297 1961 374 1992 talia
387 1961 531 2003 quasdam
547 1971 630 2002 saepe
646 1966 679 1991 et
693 1962 801 1998 multa,
816 1967 901 1992 certo
916 1963 994 1994 scias
1007 1963 1089 2005 hunc
1110 1963 1178 1999 ista,
1192 1963 1218 1993 si
1231 1963 1301 2004 quis
1315 1963 1394 1993 alius
1408 1962 1506 1999 novit,
1525 1962 1661 2003 perfecte

197 2015 355 2047 sciturum.
398 2014 495 2046 ΜΕΝ.
519 2014 665 2046 Videtur.
711 2014 767 2046 So.
791 2014 908 2046 Nonne
923 2026 996 2057 ergo
1012 2016 1137 2047 nemine
1154 2026 1276 2054 prorsus
1299 2016 1444 2056 docente,
1460 2017 1513 2047 sed
1530 2017 1660 2047 interro-

200 2073 293 2110 gante
309 2068 412 2111 potius
427 2068 497 2104 ista,
514 2069 604 2105 sciet,
620 2079 657 2099 ex
673 2079 705 2100 se
720 2069 789 2110 ipso
805 2069 968 2100 scientiam
984 2071 1024 2100 ad
1040 2081 1072 2101 se
1094 2071 1267 2101 revocans?
1313 2071 1350 2101 M
1355 2081 1412 2101 nn.
1433 2071 1484 2102 Sic
1500 2076 1559 2102 est.
1603 2071 1661 2102 So.

201 2121 372 2154 Resumere
388 2133 460 2154 vero
485 2122 648 2154 scientiam
673 2123 704 2153 in
729 2134 762 2154 se
786 2123 866 2164 ipso,
892 2134 933 2154 an
955 2135 1018 2154 non
1034 2125 1191 2155 reminisci
1217 2125 1352 2155 dicitur?
1398 2125 1497 2156 ΜΕΝ.
1520 2124 1661 2155 Prorsus.

198 2175 255 2207 So.
278 2175 325 2206 At
337 2187 408 2207 vero
424 2176 597 2214 scientiam,
613 2187 707 2218 quam
730 2176 789 2208 iste
814 2188 898 2208 nunc
922 2178 1028 2218 haber,
1045 2183 1099 2209 aut
1120 2179 1244 2219 accepit
1268 2178 1449 2219 aliquando,
1466 2184 1520 2208 aut
1542 2188 1664 2219 semper

199 2229 320 2260 habuit.
365 2230 463 2262 ΜΕΝ.
487 2230 617 2262 Verum.
663 2231 719 2262 So.
743 2231 785 2261 Et
810 2231 834 2262 si
867 2232 976 2262 habuit
1006 2242 1139 2273 semper,
1168 2233 1270 2263 sciens
1299 2242 1421 2273 semper
1449 2232 1588 2263 exstitit:
1613 2222 1661 2262 sin

200 2283 390 2325 quandoque
415 2284 568 2325 percepit,
583 2284 642 2315 hac
660 2283 694 2314 in
710 2284 773 2315 vita
798 2295 1007 2327 nequaquam.
1030 2295 1121 2316 nemo
1137 2286 1219 2316 enim
1237 2286 1319 2316 hunc
1335 2285 1524 2327 geometrica
1539 2284 1649 2317 docuit
1660 2316 1669 2332 ‚

203 2347 274 2368 cum
288 2337 319 2368 in
336 2338 446 2369 ceteris
461 2337 617 2375 omnibus,
633 2349 829 2381 quaecunque
846 2340 892 2371 vel
910 2340 949 2370 ad
964 2340 1164 2381 geometriam
1182 2339 1231 2370 vel
1248 2341 1286 2370 ad
1305 2340 1381 2370 alias
1397 2340 1579 2381 disciplinas
1595 2350 1664 2382 per-

199 2391 312 2428 tinent,
328 2392 395 2422 haec
410 2392 519 2423 eadem
535 2392 576 2422 sit
589 2392 738 2424 facturus.
763 2399 769 2404 ⁴
784 2392 882 2425 Estne
897 2394 1020 2434 aliquis,
1037 2405 1054 2424 a
1071 2404 1134 2435 qno
1159 2393 1217 2425 iste
1239 2399 1352 2425 cuncta
1368 2393 1535 2425 didicerit?
1560 2394 1666 2424 verisi-

201 2444 273 2476 mile
288 2449 345 2481 est,
361 2450 391 2476 te
407 2445 494 2476 illum
518 2456 718 2487 cognoscere,
734 2447 902 2488 praesertim
930 2458 1000 2478 cum
1028 2458 1122 2488 penes
1145 2453 1175 2478 te
1198 2452 1231 2478 et
1245 2452 1336 2478 natus
1350 2452 1383 2478 et
1405 2447 1537 2478 nutritus
1558 2447 1664 2481 fuerit.

202 2498 300 2530 Mun.
322 2497 410 2529 Novi
422 2499 568 2540 equidem
584 2500 668 2531 1111110
683 2500 840 2532 neminem
857 2501 1013 2533 docuisse.
1036 2501 1095 2532 So.
1117 2501 1225 2532 Hasne
1241 2501 1406 2542 opiniones
1421 2502 1537 2532 habet?
1567 2501 1664 2532 ΜΕΝ.

202 2552 432 2590 Necessarium,
445 2563 464 2583 0
480 2553 633 2591 Socrates,
645 2554 676 2584 id
692 2559 834 2596 apparet.
864 2555 921 2587 So.
943 2555 999 2586 Sin
1014 2560 1131 2593 autem,
1143 2561 1252 2596 utpote
1260 2555 1291 2586 in
1305 2555 1449 2597 praesenti
1464 2554 1528 2586 vita
1539 2555 1664 2586 minime

205 2606 348 2647 adeptus,
363 2606 445 2636 haud
468 2606 567 2643 novit,
592 2606 667 2648 [86]
691 2613 790 2649 patet,
804 2619 876 2639 eum
890 2608 923 2639 in
939 2609 1001 2640 alio
1017 2610 1152 2650 quodam
1166 2614 1305 2650 tempore
1318 2610 1461 2640 habuisse
1473 2614 1566 2651 atque
1582 2609 1667 2640 didi-

206 2660 296 2691 cisse.
326 2659 425 2690 ΜΕΝ.
448 2659 601 2701 Apparet.
646 2660 701 2691 So.
723 2660 774 2692 An
790 2672 854 2692 non
871 2667 994 2704 tempus
1004 2662 1071 2703 jam
1087 2662 1157 2703 suit,
1169 2673 1239 2693 cum
1251 2663 1391 2693 nondum
1406 2663 1500 2694 homo
1515 2663 1566 2694 hic
1579 2664 1665 2694 erat?

202 2714 300 2746 ΜΕΝ.
329 2714 415 2745 Istuc
430 2714 543 2755 ipsum.
589 2714 644 2745 So.
671 2714 754 2756 Ergo
770 2716 796 2746 si
811 2717 938 2757 quando
954 2722 1078 2758 tempus
1092 2717 1142 2753 sit,
1158 2717 1191 2747 in
1207 2727 1269 2758 quo
1286 2717 1378 2747 homo
1394 2727 1458 2746 non
1474 2717 1525 2753 sit,
1541 2716 1666 2747 inerunt

203 2773 306 2800 tamen
323 2768 380 2810 ipsi
393 2768 558 2810 opiniones
572 2778 664 2805 verae,
687 2779 757 2810 quae
784 2771 975 2802 sciscitando
991 2770 1216 2812 expergefactae
1235 2770 1375 2801 scientiae
1390 2770 1487 2801 fiunt:
1511 2775 1594 2801 certe
1610 2780 1666 2812 per

206 2833 298 2854 omne
313 2826 437 2863 tempus
450 2822 518 2852 11ωο
532 2821 665 2853 hominis
683 2823 803 2854 animus
818 2824 907 2856 sciet.
931 2834 1001 2854 nam
1018 2835 1110 2855 omne
1125 2835 1182 2866 per
1194 2829 1316 2866 tempus
1332 2829 1386 2855 aut
1400 2829 1446 2854 est
1469 2829 1523 2855 aut
1538 2835 1600 2854 non
1617 2829 1665 2855 est

205 2876 310 2907 1101110.
354 2876 452 2906 ΜΕΝ.
475 2875 621 2907 Videtur.
663 2876 718 2907 So.
742 2876 859 2908 Nonne
874 2878 970 2918 igitur
984 2878 1009 2909 si
1025 2889 1146 2919 semper
1159 2889 1258 2910 rerum
1275 2879 1412 2909 omnium
1425 2877 1535 2908 veritas
1549 2877 1581 2907 in
1597 2877 1664 2907 ani-

206 2939 257 2960 mo
272 2929 520 2967 est,immortalis
531 2930 672 2961 exstitit?
717 2931 927 2967 Quamobrem
941 2933 1089 2964 audacter
1103 2938 1136 2964 et
1150 2943 1263 2974 magna
1284 2942 1355 2963 cum
1371 2941 1426 2972 spe
1443 2935 1577 2971 oportet,
1594 2940 1664 2971 quae

205 2982 237 3013 in
254 2983 418 3025 praeseutia
433 2984 559 3016 minime
576 2984 700 3025 scimus,
716 2985 838 3018 hocvest
851 2986 976 3019 minime
994 2988 1243 3026 recordamur,ut
1257 2985 1487 3018 reminiscamur
1501 2982 1666 3025 inquirere.
