1846 3268
248 271 327 311 326
843 263 1110 304 PLATONIS
1613 273 1710 324 [417

245 377 393 420 diximus,
418 373 583 417 cogitatio.
629 370 751 403 Herm.
773 369 923 403 Maxime.
968 370 1024 404 So.
1046 370 1174 404 Nomen
1196 373 1303 417 itaque
1326 375 1386 408 hoo
1409 376 1514 420 calon,
1527 377 1559 409 id
1577 383 1624 410 est
1639 380 1712 421 pul-

243 435 364 470 chrum,
390 430 498 463 merito
522 428 582 460 erit
606 424 782 469 prudentiae
805 430 1061 466 cognomentum,
1076 427 1149 458 talia
1175 430 1318 471 quaedam
1345 431 1477 472 agentis,
1502 433 1607 474 qualia
1628 434 1709 466 affir-

245 493 365 522 mantes
380 486 510 529 pulchra
523 493 603 519 esse,
617 480 790 522 diligimus.
835 479 959 513 Herm.
982 480 1034 512 Sic
1048 487 1190 523 apparet.
1233 484 1288 516 So.
1311 484 1398 522 Quid
1420 485 1501 517 ultra
1515 488 1636 528 generis
1652 490 1711 520 hu-

238 545 293 588 jus
308 547 402 575 restat
416 535 691 580 investigandum?
737 534 860 567 Herm.
883 535 965 572 Quae
990 536 1030 566 ad
1057 535 1173 567 bonurn
1195 542 1228 568 et
1250 539 1412 580 pulchrum
1429 546 1585 583 spectant,
1601 544 1710 576 confe-

243 599 344 634 rentia
357 596 515 632 videlicet,
531 591 633 631 utilia,
649 589 875 627 conducibilia,
901 589 998 632 [417]
1023 590 1248 634 emolumenta,
1264 593 1436 636 horumque
1451 595 1616 629 contraria.
1653 598 1711 631 So.

241 654 327 694 Quid
344 651 546 695 synipheron,
561 646 596 677 id
612 650 660 677 est
673 644 837 676 conferens
852 644 904 684 sit,
920 655 958 675 ex
973 644 1184 686 superioribus
1194 646 1263 689 ipse
1274 647 1427 682 invenies.
1473 650 1556 682 Nam
1572 652 1708 684 nominis

237 709 326 743 illius
347 706 432 749 quod
458 704 498 735 ad
524 700 684 733 scientiam
708 698 835 738 attinet,
851 709 1030 739 germanum
1056 699 1207 741 quiddam
1230 707 1370 744 apparet.
1393 704 1470 735 nihil
1492 705 1575 736 enim
1591 716 1654 748 prae
1675 718 1709 739 se

240 765 301 796 sert
315 761 403 793 aliud
418 768 511 801 quam
527 757 670 799 phorum,
686 753 720 784 id
735 758 782 784 est
799 752 948 784 lationem
965 753 1076 784 anima:
1092 754 1183 785 simul
1200 766 1270 787 cum
1287 757 1401 797 rebus3
1424 768 1534 800 quaeve
1548 759 1621 792 hinc
1637 771 1708 802 pro-

239 817 383 853 veniunt,
398 812 502 845 vocari
518 810 742 854 sympheronta
757 813 790 839 et
804 808 984 850 symphora,
1000 808 1030 838 id
1047 813 1095 839 est
1108 809 1365 852 conferentia,ex
1380 822 1418 843 eo
1435 814 1519 855 quod
1536 813 1626 845 simul
1648 815 1708 846 cir-

238 873 463 907 cumferuntur.
510 866 634 897 Hmm.
656 862 801 895 Videtur.
847 861 906 895 So.
931 861 1109 894 Cerdaleon
1132 870 1249 902 autem,
1264 865 1296 896 id
1323 871 1372 897 est
1395 866 1651 906 emolumentum,
1667 871 1707 901 ab

239 928 366 964 cerdus,
374 924 408 956 id
424 927 471 954 est
483 922 581 952 lucro.
604 918 714 950 cerdos
729 927 814 954 vero,
830 917 855 947 si
872 917 942 958 quis
959 927 977 947 n
995 927 1050 959 pro
1067 918 1087 948 d
1104 918 1221 949 nomini
1237 920 1309 951 huic
1324 919 1452 959 inserat,
1467 923 1552 963 quod
1571 924 1637 954 vult
1651 935 1707 956 ex.

238 981 357 1025 primit.
379 988 451 1009 nam
469 978 583 1007 bonum
600 972 662 1004 alio
684 972 820 1014 quodam
846 971 939 1002 modo
965 972 1117 1003 nominat.
1140 973 1226 1014 quod
1243 974 1326 1004 enim
1344 975 1487 1006 omnibus
1503 976 1706 1018 immiscetur,

237 1036 386 1068 diffusum
403 1042 458 1074 per
473 1028 589 1065 omniu,
604 1027 685 1058 hanc
700 1025 799 1067 ipsam
814 1024 883 1066 ejus
895 1026 958 1056 'vim
974 1025 1153 1066 significans
1170 1037 1286 1059 nomen
1302 1028 1379 1059 illud
1394 1029 1596 1071 excogitavit,
1611 1033 1631 1062 d
1650 1043 1706 1074 pro

236 1102 259 1123 n
276 1096 451 1132 apponens,
467 1094 504 1116 ac
525 1082 636 1114 cordos
660 1078 886 1122 pronuntiavit.
932 1078 1053 1112 Hssnm.
1078 1080 1166 1118 Quid
1190 1088 1292 1113 autem
1317 1082 1481 1125 lysitelun,
1492 1084 1526 1116 id
1543 1090 1591 1116 est
1605 1086 1707 1119 utile?

238 1146 296 1177 So.
319 1142 468 1181 Videtur,
483 1149 501 1168 o
518 1137 746 1177 Hermogenes,
763 1145 826 1164 non
843 1133 923 1165 sicut
937 1144 1096 1176 caupones
1112 1136 1172 1167 hoc
1195 1141 1335 1174 utuntur,
1352 1137 1467 1170 iccirco
1483 1139 1631 1181 lysitelun
1649 1151 1704 1172 vo-

237 1198 314 1236 cari,
331 1196 405 1238 quia
429 1193 573 1225 analoma
588 1189 718 1233 apolye‚
732 1188 766 1219 id
782 1193 830 1220 est
844 1194 987 1230 sumptus
1003 1189 1080 1219 vitat
1102 1195 1134 1220 et
1156 1190 1272 1222 minuit
1286 1203 1293 1222 ε
1318 1203 1422 1223 verum
1441 1193 1517 1235 quia
1531 1204 1602 1225 cum
1619 1195 1706 1226 velo-

237 1252 396 1285 cissimum
411 1249 464 1286 sit,
479 1257 527 1278 rec
543 1251 624 1276 stare
648 1254 711 1275 non
735 1243 823 1284 sinit,
844 1254 947 1285 neque
970 1244 1122 1285 permittit
1137 1244 1287 1277 lationem
1303 1246 1394 1287 telos,
1409 1247 1440 1278 id
1456 1253 1504 1279 est
1523 1248 1616 1280 finem
1632 1260 1705 1291 pro-

237 1304 405 1349 gressionis
420 1301 562 1342 accipere
577 1304 671 1339 atque
688 1308 821 1337 cessare,
837 1298 890 1328 sed
907 1297 1000 1328 solvit
1018 1309 1140 1340 semper
1154 1300 1193 1330 ab
1209 1299 1264 1331 illa
1277 1300 1442 1343 fugatque,
1456 1302 1483 1333 si
1507 1303 1576 1344 quis
1601 1305 1705 1335 termi-

237 1371 298 1393 nus
313 1356 533 1400 superveniat3
556 1354 719 1396 ipsamque
743 1352 972 1383 indesinentem
997 1352 1264 1395 immortalemque
1287 1357 1417 1397 praebet.
1441 1358 1501 1388 hac
1517 1357 1637 1390 ratione
1650 1359 1706 1390 bo-

236 1425 312 1446 num
339 1410 488 1455 lysitelun
515 1412 658 1440 vocatum
686 1406 825 1437 arbitror.
849 1406 950 1448 ipsum
973 1406 1058 1438 enirn
1082 1407 1230 1439 motionis
1252 1408 1332 1450 lyon
1358 1409 1448 1447 telos,
1463 1410 1497 1440 id
1512 1417 1560 1442 est
1579 1412 1704 1445 solvens

236 1468 415 1506 terminum,
431 1463 580 1507 lysitelun
603 1461 706 1493 vocari
722 1461 857 1494 videtur.
903 1461 1105 1503 Oplielimum
1124 1472 1210 1503 vero,
1226 1462 1258 1494 id
1281 1470 1329 1495 est
1343 1465 1556 1507 conducibile,
1569 1468 1704 1510 peregri-

233 1534 310 1555 num
326 1529 441 1552 nomen
457 1523 516 1554 est,
530 1527 594 1558 quo
610 1526 824 1558 saepenumero
849 1515 1005 1547 Homerus
1031 1522 1079 1547 est
1103 1527 1188 1548 usus.
1210 1522 1258 1549 est
1278 1523 1382 1549 autem
1398 1519 1458 1551 hoc
1473 1521 1610 1562 augendi
1625 1521 1702 1553 faci-

232 1577 372 1618 endique
387 1576 642 1614 cognomentum.
686 1570 810 1602 Herm.
835 1570 922 1607 Quid
949 1570 990 1601 de
1016 1570 1125 1601 horum
1149 1572 1312 1603 contrariis
1335 1577 1384 1603 est
1406 1573 1599 1606 dicendum?
1644 1577 1701 1609 So.

231 1632 316 1669 Quae
347 1639 403 1671 per
429 1624 627 1667 negationem
654 1624 782 1655 istorum
813 1623 972 1664 dicuntur,
1004 1628 1134 1655 tractare
1165 1635 1365 1667 nequaquam
1395 1631 1530 1668 oportet.
1575 1628 1699 1663 Hnnu.

231 1686 388 1723 Quaenam
410 1681 490 1712 ista?
535 1679 590 1710 So.
614 1677 853 1721 Asymphoron‚
881 1677 1063 1719 anophehzs,
1091 1678 1262 1720 alysiteles,
1287 1680 1426 1713 acerdes.
1469 1680 1591 1714 Hzau.
1615 1683 1702 1716 Vera

230 1738 380 1782 loqueris.
425 1737 479 1768 So.
503 1734 567 1766 Sed
592 1733 736 1764 vlaveron
761 1737 792 1763 et
819 1732 989 1769 zemiodes,
1009 1731 1040 1762 id
1063 1736 1111 1762 est
1131 1732 1256 1763 noxium
1279 1738 1312 1764 et
1334 1733 1531 1767 damnosum.
1575 1737 1702 1771 Hsnu.

227 1794 335 1826 Certe.
380 1791 435 1822 So.
457 1790 616 1821 Vlaveron
640 1787 767 1828 quidem
785 1786 915 1827 vlapton
937 1786 1025 1816 rhum
1048 1797 1116 1817 esse
1138 1787 1228 1819 dicit.
1248 1786 1398 1824 βλάπτον
1419 1796 1524 1822 autem
1540 1790 1697 1832 signifieat

227 1847 427 1887 βυυλόμενον
439 1844 559 1880 ἅπτειν,
575 1843 607 1873 id
624 1847 683 1884 est,
695 1841 780 1883 quod
798 1841 865 1872 vult
889 1841 991 1882 aptiu,
1017 1840 1048 1871 id
1073 1845 1122 1872 est
1143 1841 1295 1883 impedire
1315 1848 1348 1873 et
1371 1843 1530 1883 coercere,
1545 1845 1646 1884 rhum,
1663 1846 1696 1878 id

227 1909 279 1934 est
291 1902 421 1933 fluxum.
444 1901 505 1931 hoc
520 1902 624 1929 autem
641 1895 756 1939 passim
773 1895 941 1937 vituperat.
964 1896 1114 1937 quodque
1131 1895 1197 1927 vult
1219 1896 1308 1938 aptin
1331 1898 1433 1935 rhum,
1456 1904 1540 1931 recte
1554 1900 1700 1943 vulupte-

229 1967 299 1988 mm
328 1954 548 1998 appellaretur.
572 1961 676 1983 verum
703 1955 830 1981 ornatus
859 1949 958 1991 gratia
981 1949 1127 1981 vlaveron
1152 1950 1282 1982 arbitror
1319 1952 1527 1986 nominatum.
1571 1954 1696 1987 Hunn-

230 2010 328 2042 Varia.
353 2009 409 2039 tibi
435 2007 644 2041 suboriuntur,
661 2016 680 2036 o
703 2004 857 2041 Socrates,
873 2004 1015 2036 nomina.
1038 2005 1124 2047 atqui
1147 2004 1223 2036 mihi
1238 2006 1352 2037 videris
1378 2007 1409 2037 in
1427 2009 1593 2049 praesentia
1607 2010 1699 2052 quasi

227 2064 380 2097 Palladiae
406 2062 483 2104 legis
501 2060 688 2104 praeludium
712 2059 871 2101 quoddam
896 2058 1110 2100 praecinuisse,
1125 2059 1199 2090 dum
1220 2069 1335 2092 nomen
1351 2061 1412 2092 hoc
1434 2061 1531 2104 [418]
1555 2063 1698 2106 vulapte-

227 2130 296 2151 rum
313 2117 540 2160 pronuntiares.
585 2115 638 2147 So.
661 2113 735 2145 Non
752 2124 811 2155 ego
826 2113 861 2144 in
876 2123 970 2144 causa
985 2124 1064 2150 sum,
1078 2113 1304 2156 Hermogenes,
1321 2116 1375 2146 sed
1392 2116 1447 2157 qui
1461 2127 1576 2149 nornen
1593 2118 1697 2160 ipsum

228 2172 442 2204 instituerunt.
489 2170 611 2201 Hmur.
633 2168 717 2200 Vera
743 2168 889 2210 loqueris.
911 2179 1017 2199 verum
1044 2167 1202 2200 zemiodes
1223 2169 1324 2210 quid?
1370 2169 1428 2202 So.
1454 2170 1540 2208 Quid
1557 2181 1625 2204 esse
1639 2173 1697 2204 de-

227 2229 302 2259 beat
314 2226 485 2261 'zemiodeffi
502 2225 617 2261 dicam,
632 2223 867 2265 Hermogenes:
892 2227 924 2254 et
939 2223 1010 2254 vide
1026 2233 1119 2265 quam
1137 2233 1207 2254 vere
1230 2223 1350 2266 loquar,
1364 2224 1511 2265 quotiens
1523 2225 1595 2257 dico
1609 2228 1694 2269 quod

225 2282 380 2313 addentes
393 2291 430 2312 ac
445 2281 607 2311 dementes
622 2278 724 2309 literas
740 2278 832 2319 longe
847 2278 1010 2309 nominum
1024 2289 1148 2309 sensum
1166 2278 1295 2316 variant,
1312 2279 1392 2310 adeo
1402 2284 1437 2310 ut
1446 2290 1530 2322 saepe
1545 2281 1694 2322 exiguum

223 2336 302 2378 quid
321 2339 488 2371 mutantes,
503 2332 689 2365 contrariam
706 2332 967 2374 significationem
984 2333 1148 2365 inducant.
1172 2333 1258 2375 quod
1274 2340 1409 2375 apparet
1425 2334 1485 2365 hoc
1509 2334 1543 2365 in
1566 2335 1697 2368 nomine

225 2391 323 2431 deon,
339 2389 371 2420 id
387 2395 435 2420 est
450 2393 674 2431 opportunum.
697 2387 782 2418 venit
805 2387 863 2418 hoc
889 2387 964 2418 mibi
987 2397 1087 2428 nuper
1107 2387 1142 2418 iu
1169 2392 1317 2424 mentem,
1334 2387 1374 2418 de
1389 2398 1428 2418 eo
1452 2389 1538 2430 quod
1555 2389 1695 2420 dicturus

225 2455 294 2476 sum
310 2443 484 2485 cogitanti:
509 2442 636 2474 Recens
662 2442 804 2483 profecto
820 2452 878 2472 vox
899 2441 959 2472 ista
981 2442 1072 2473 nobis
1099 2441 1240 2483 pulchra,
1255 2441 1425 2484 coiigitque
1441 2443 1628 2474 contrarium
1644 2454 1695 2475 so-

224 2509 298 2530 nare
315 2497 405 2529 nobis
420 2498 501 2528 deon
518 2502 550 2528 et
566 2497 734 2532 zemiodes‚
750 2507 874 2527 sensum
901 2495 1003 2537 ipsum
1027 2496 1225 2527 confundens
1240 2502 1328 2527 vetus
1350 2502 1468 2534 autem,
1484 2497 1559 2539 quid
1577 2507 1692 2530 nomen

225 2557 390 2594 utrumque
406 2551 483 2589 vult,
500 2551 648 2593 explicat.
693 2550 815 2582 namu.
839 2550 926 2588 Quid
941 2551 1042 2582 isthuc
1058 2550 1126 2581 ais?
1172 2550 1228 2582 So.
1253 2550 1366 2582 Dicam
1393 2551 1551 2593 equidem.
1595 2551 1694 2584 Haud

224 2611 256 2638 tc
272 2606 421 2649 praeterit,
437 2605 570 2647 majores
586 2609 709 2637 nostros
725 2605 928 2647 frequenteri
943 2610 975 2636 et
986 2605 1005 2636 d
1025 2604 1068 2636 uti
1092 2605 1199 2636 solitos
1214 2617 1221 2635 :
1246 2615 1305 2636 nec
1328 2605 1424 2637 rarius
1447 2605 1604 2645 mulieres,
1619 2617 1692 2649 quae

223 2660 356 2692 maxime
371 2660 505 2702 priscam
519 2671 626 2691 vocem
641 2665 773 2691 servant.
795 2670 880 2691 nunc
897 2664 999 2690 autem
1018 2669 1072 2701 pro
1090 2659 1099 2690 i
1115 2659 1163 2691 vel
1180 2659 1283 2701 ipsum
1296 2670 1314 2690 e
1330 2660 1379 2691 vel
1396 2681 1405 2691 .
1422 2682 1430 2691 .
1446 2661 1617 2692 adhibent:
1635 2671 1693 2703 pro

221 2715 243 2746 d
260 2725 332 2746 vero
348 2725 378 2755 z,
394 2714 483 2756 quasi
499 2715 566 2746 haec
583 2714 833 2756 magnificentius
849 2714 999 2756 quiddam
1014 2714 1192 2755 praeferant.
1236 2713 1268 2744 H
1274 2724 1361 2746 snm.
1387 2715 1461 2752 Quo
1477 2715 1593 2757 pacto?
1629 2714 1690 2748 So.

222 2766 269 2800 Ut
283 2777 358 2800 ecce
374 2767 573 2799 vetustissimi
590 2767 647 2799 viri
670 2768 820 2800 himeram
844 2769 928 2800 diem
944 2769 1123 2800 vocabant:
1147 2768 1335 2810 posteriores
1357 2774 1462 2800 autem
1479 2768 1591 2811 partim
1605 2779 1690 2800 erue-

220 2831 298 2860 ram,
313 2822 425 2864 partim
441 2822 502 2853 hoc
527 2821 674 2854 himeram
689 2828 815 2856 vocant.
861 2822 985 2854 Hunni.
1011 2822 1096 2854 Vera
1120 2823 1188 2854 haec
1213 2827 1297 2855 sunt.
1343 2823 1400 2854 So.
1424 2822 1492 2854 Scis
1514 2822 1620 2864 igitur,
1637 2833 1691 2854 ve-

220 2881 304 2907 tusto
320 2875 374 2907 illo
390 2875 516 2907 nomine
533 2880 652 2907 tantum
669 2883 804 2908 mentem
830 2876 898 2919 ejus
920 2877 974 2919 qui
998 2887 1113 2908 nomen
1137 2877 1288 2919 imposuit
1309 2876 1472 2909 declarari.
1493 2886 1564 2908 nam
1587 2886 1624 2908 ex
1648 2887 1687 2908 eo

218 2931 305 2974 quod
317 2928 488 2967 himirusin,
503 2930 535 2961 id
552 2935 600 2962 est
614 2930 864 2963 desiderantibus
880 2931 1058 2963 hominibus
1073 2932 1376 2974 gratulantibusque,
1391 2941 1410 2963 e
1431 2929 1565 2962 tenebris
1580 2930 1687 2962 lumen

218 2983 360 3023 emicuit,
376 2983 459 3017 diem
475 2984 624 3018 himeram
648 2986 921 3028 cognominarunt.
966 2986 1089 3019 lixam.
1113 2985 1270 3030 Apparet.
1315 2987 1371 3018 So.
1394 2984 1490 3017 Nunc
1517 2989 1621 3018 autem
1641 2985 1687 3018 ita
