1846 3268
261 301 338 340 448
861 302 1127 344 PLATONIS
1657 311 1729 363 [93

264 403 431 439 videretur.
476 406 533 440 So.
555 405 599 438 At
615 416 687 438 vero
709 415 837 439 necesse
858 412 919 446 est,
933 407 1048 450 hospes
1068 407 1230 446 Thebane,
1247 407 1336 441 aliter
1360 408 1417 442 tibi
1432 410 1542 450 videri,
1563 413 1590 444 si
1612 412 1645 444 in
1668 413 1727 446 bac

265 457 418 500 opinione
440 460 658 503 permanseris,
685 461 876 492 harmoniam
899 461 1049 494 videlicet
1071 472 1139 494 esse
1161 463 1370 505 compositum
1392 464 1545 506 quiddam
1557 476 1568 505 ς
1589 465 1725 498 annnam

266 522 339 544 vero
354 513 546 547 harmoniam
560 515 718 558 quandam
732 526 770 547 ex
786 515 846 553 liis,
862 526 932 558 quae
949 526 1004 558 per
1017 526 1132 558 corpus
1146 516 1270 549 intensa
1285 522 1368 557 sunt,
1383 519 1597 552 constitutam.
1634 519 1727 552 Non-

262 577 360 610 quam
387 568 471 600 enim
496 570 643 602 admittes
668 569 904 602 consonantiam
926 570 1133 612 compositam
1155 570 1242 613 prius
1263 580 1331 603 esse
1352 581 1447 614 quam
1471 571 1536 611 illa,
1551 583 1589 605 ex
1613 573 1728 616 quibus

262 622 414 665 componi
440 624 676 656 consonantiam
706 625 883 667 oportebat.
914 624 1056 667 nunquid
1086 624 1258 657 admittes?
1314 625 1394 659 Sur.
1430 624 1542 665 Nullo,
1570 628 1727 666 Socrates,

266 675 375 709 modo.
419 675 476 710 So.
499 678 730 710 Animadvertis
743 678 841 721 igitur
855 678 926 721 cogi
941 684 972 711 te
985 678 1016 711 id
1032 679 1188 717 confiteri,
1202 679 1330 722 quando
1345 678 1436 719 dicis,
1451 680 1586 714 animam
1598 681 1726 724 quidem

267 739 336 761 esse
351 730 437 771 prius
451 741 544 775 quam
558 732 593 764 in
608 734 774 766 humanam
789 732 927 776 speciem
941 743 1116 776 corpusque
1131 733 1303 772 deveniret,
1317 739 1413 776 atque
1427 745 1495 768 esse
1503 735 1641 779 corporis
1651 745 1727 769 con-

269 784 458 823 sonantiam,
475 786 620 820 videlicet
642 797 681 819 ex
705 787 765 826 his,
778 797 850 831 quae
873 788 1014 819 nondum
1036 793 1120 826 sunt,
1135 798 1204 820 eam
1224 788 1385 821 constitui.
1431 787 1544 832 Neque
1559 790 1643 823 mim
1658 789 1730 823 talis

268 837 325 869 tibi
341 843 390 870 est
400 841 618 884 consonantia,
632 841 685 874 cui
698 847 732 873 tu
743 841 844 874 simile
859 851 926 874 esse
941 842 1034 876 dicis.
1078 842 1180 874 Immo
1196 852 1267 875 vero
1282 841 1366 885 prius
1379 847 1427 874 est
1439 842 1510 885 ipsa
1524 844 1592 887 lyra
1601 849 1638 876 et
1652 844 1730 877 fides

269 898 303 924 et
316 893 385 925 soni
399 894 503 927 adhuc
518 894 701 928 inconcinni
716 908 724 928 ε
748 896 876 929 tandem
892 906 964 928 vero
986 907 1025 928 ex
1038 896 1183 929 omnibus
1197 897 1398 939 componitur
1408 897 1615 930 consonantia
1629 899 1730 931 omni-

270 957 323 978 um
337 953 505 992 postrema,
520 950 680 994 primaque
695 950 898 994 disperditur.
944 951 1007 983 Hic
1020 951 1128 994 itaque
1143 961 1242 983 sermo
1257 960 1393 993 quonam
1409 955 1502 993 pacto
1514 955 1569 983 tuo
1590 951 1639 983 illi
1652 961 1731 984 con·

269 1000 380 1033 cinct?
425 1002 505 1035 Sisi.
528 1003 627 1036 Nullo
650 1005 756 1037 modo.
800 1005 860 1039 So.
883 1005 930 1037 At
946 995 1018 1038 vero
1039 1006 1140 1038 sicubi
1156 1006 1250 1038 verba
1273 1003 1518 1038 concinnitatem
1542 1014 1663 1038 servare
1677 1005 1733 1038 de-

268 1055 359 1098 bent,
373 1057 532 1100 praecipue
547 1059 641 1091 decet
654 1069 723 1091 esse
736 1059 905 1102 concinna,
920 1060 973 1091 ubi
989 1061 1030 1092 de
1045 1065 1201 1093 concentu
1216 1064 1375 1093 tractatur.
1415 1059 1498 1092 Sm-
1519 1057 1624 1091 Decet
1638 1059 1730 1091 nimi·

269 1119 349 1143 rum.
394 1110 451 1144 So.
475 1111 539 1144 Hic
559 1111 653 1154 igitur
675 1123 774 1144 sermo
799 1113 855 1145 tibi
881 1113 1033 1145 dissonat.
1055 1114 1110 1145 sed
1127 1114 1210 1152 vide,
1227 1119 1328 1146 utrum
1350 1123 1388 1146 ex
1411 1113 1459 1145 his
1479 1113 1604 1146 duobus
1623 1113 1733 1156 eligas,

264 1162 510 1206 disciplinamne
534 1165 806 1199 reminiscentiam
824 1177 904 1205 esse,
934 1177 974 1198 an
1004 1167 1109 1209 potius
1134 1167 1268 1199 animam
1299 1177 1367 1200 esse
1391 1168 1603 1200 concentum?
1647 1168 1727 1200 Sur.

269 1217 408 1250 Primum
424 1219 568 1261 equidem
585 1221 691 1262 potius
712 1221 808 1263 eligo.
830 1221 864 1253 id
890 1231 1025 1264 namque
1050 1222 1180 1254 alterum
1195 1223 1312 1264 absque
1334 1222 1599 1254 demonstratione
1619 1221 1733 1254 admisi

269 1283 309 1304 ex
323 1272 482 1306 verisimili
496 1274 635 1317 quadam
650 1275 870 1308 convenientia
884 1287 894 1316 3
916 1276 1181 1318 quemadmodum
1199 1276 1321 1308 videtur
1335 1281 1368 1307 et
1383 1275 1499 1308 multis.
1542 1274 1612 1319 Ego
1625 1280 1731 1308 antem

271 1338 310 1359 ea
319 1328 425 1368 verba,
439 1339 511 1371 quae
527 1339 583 1371 per
596 1329 628 1361 id
645 1330 730 1372 quod
743 1330 894 1362 convenit
908 1330 1189 1362 demonstrationes
1204 1330 1337 1373 faciunt,
1352 1339 1473 1373 semper
1486 1329 1594 1362 inania
1603 1329 1730 1372 judica-

270 1381 323 1412 vi:
347 1391 385 1414 ac
409 1382 469 1414 nisi
490 1383 561 1426 quis
582 1389 703 1422 caveat,
719 1384 811 1416 valde
835 1384 1012 1427 decipiunt,
1027 1390 1060 1417 et
1084 1385 1116 1416 in
1141 1384 1311 1427 geometria
1336 1389 1370 1417 et
1390 1384 1423 1416 in
1447 1384 1561 1417 ceteris
1577 1383 1731 1416 omnibus.

271 1434 369 1467 Ratio
396 1447 468 1468 vero
493 1437 535 1469 de
560 1438 790 1470 reminiscentia
813 1444 908 1482 atque
935 1438 1102 1481 disciplina
1127 1439 1334 1471 fundamento
1364 1437 1509 1471 innititur
1532 1438 1596 1470 tide
1619 1438 1730 1480 digno.

271 1489 403 1522 Dictum
417 1497 466 1522 est
487 1491 584 1530 enim,
597 1492 733 1524 animam
754 1497 890 1525 nostram
913 1493 957 1525 ita
979 1503 1046 1525 esse
1068 1492 1199 1536 alicubi,
1214 1491 1297 1535 prius
1312 1493 1406 1525 etiam
1423 1501 1516 1534 qnam
1532 1491 1686 1524 laberetur
1699 1490 1731 1523 in

271 1554 400 1586 corpus,
415 1549 451 1576 ut
465 1544 519 1577 illa
534 1545 632 1588 ipsius
653 1547 789 1579 essentia
811 1547 931 1579 habens
958 1547 1067 1590 ipsius,
1083 1548 1168 1590 quod
1191 1552 1250 1585 est,
1277 1551 1532 1589 cognomentum.
1574 1545 1645 1589 Ego
1658 1555 1732 1578 vero

270 1598 366 1636 hanc,
376 1603 413 1631 ut
424 1598 566 1631 mihimet
580 1601 766 1642 persuadeo,
782 1601 970 1634 sufficienter
983 1606 1130 1643 recteque
1151 1600 1274 1633 admisi.
1298 1604 1524 1656 proptevque
1538 1608 1642 1642 neque
1656 1598 1735 1631 mihi

271 1662 377 1696 neque
387 1652 457 1685 aliis
467 1653 600 1686 animam
613 1656 845 1698 appellantibus
856 1657 1047 1688 harmoniam
1059 1656 1202 1688 assentiri
1214 1663 1350 1698 possum.
1373 1654 1430 1686 So.
1452 1652 1539 1692 Quid
1555 1663 1639 1695 vero,
1651 1652 1734 1685 Sim·

272 1706 358 1740 mia?
403 1707 579 1741 Videturne
594 1709 652 1742 tibi
675 1709 723 1742 vel
746 1710 959 1743 consonantiae
977 1711 1025 1742 vel
1048 1710 1136 1742 alteri
1149 1708 1294 1752 cuiquam
1310 1706 1531 1752 compositioni
1551 1717 1735 1750 congruere,

272 1765 309 1792 ut
324 1760 414 1794 aliter
427 1772 462 1794 se
476 1763 590 1796 habeat
613 1764 689 1807 [93]
712 1775 804 1807 quam
822 1765 874 1797 illa
888 1775 926 1797 ex
942 1765 1057 1807 quibus
1071 1764 1225 1797 conflatur
1241 1764 1252 1795 ?
1295 1762 1376 1796 Sm-
1399 1761 1499 1794 Nullo
1523 1762 1630 1795 modo.
1674 1761 1732 1794 So.

274 1814 390 1858 Neque
402 1816 508 1860 etiam,
522 1823 559 1849 ut
573 1818 659 1850 aliud
674 1820 855 1862 quicquam,
872 1825 906 1851 ut
920 1819 1061 1857 arbitror,
1078 1819 1216 1862 patiatur
1230 1823 1285 1850 aut
1299 1823 1383 1860 agat,
1398 1827 1493 1860 quam
1506 1816 1563 1849 illa
1577 1816 1624 1848 vel
1640 1821 1736 1859 agant

271 1869 322 1902 vel
346 1871 516 1912 patiantur.
558 1873 638 1906 Sur.
661 1874 835 1907 Assentior.
879 1875 934 1907 So.
957 1874 1033 1906 Non
1055 1874 1151 1916 igitur
1174 1872 1335 1911 convenit,
1349 1870 1587 1904 consonantiam
1611 1880 1650 1902 ea
1674 1870 1735 1902 du-

273 1934 358 1963 cere,
373 1935 410 1957 ex
425 1925 540 1968 quibus
565 1929 737 1971 composita
760 1934 819 1967 est,
836 1929 890 1961 sed
913 1929 1015 1971 sequi.
1058 1928 1140 1961 Sua.
1163 1927 1287 1970 Opinor
1301 1925 1355 1958 ita.
1399 1926 1456 1958 So.
1477 1923 1735 1966 Quare-permul-

275 1981 342 2009 tum
357 1979 457 2018 abest,
472 1985 508 2012 ut
522 1982 683 2014 harmonia
697 1982 730 2014 in
747 1983 934 2015 contrarium
950 1987 1111 2015 moveatur
1124 1988 1180 2014 aut
1194 1986 1295 2020 sonet,
1311 1985 1366 2013 aut
1380 1980 1548 2022 quicquam
1560 1978 1646 2011 aliud
1661 1979 1736 2011 edat

276 2032 418 2074 partibus
443 2033 507 2066 suis
531 2036 707 2069 adversum.
749 2037 829 2070 Suu.
853 2036 1045 2069 Permultum
1069 2035 1177 2078 procul
1201 2034 1311 2068 dubio.
1354 2034 1410 2066 So.
1433 2033 1520 2071 Quid
1536 2042 1608 2064 vero
1622 2041 1735 2065 conso-

276 2087 410 2119 nantia?
442 2098 549 2122 nonne
574 2095 703 2122 eatenus
728 2101 785 2133 pro
811 2096 920 2123 natura
944 2101 999 2122 sua
1025 2088 1230 2122 consonantia
1255 2093 1315 2131 est,
1348 2093 1503 2130 quatenus
1526 2085 1736 2128 temperatur?

275 2136 354 2171 Sm-
376 2142 472 2176 Haud
487 2143 561 2175 satis
574 2143 730 2188 intelligo.
774 2146 828 2178 So.
850 2144 968 2177 Nonne
983 2145 1009 2176 si
1023 2144 1119 2186 magis
1134 2143 1268 2186 plusque
1282 2145 1546 2183 contemperatur,
1559 2139 1692 2172 simodo
1705 2138 1737 2170 id

277 2198 426 2237 admittit,
441 2198 540 2242 magis
555 2199 698 2242 plusque
710 2199 917 2232 consonantia
940 2200 1010 2232 est?
1033 2199 1080 2231 sin
1097 2207 1169 2230 vero
1188 2197 1290 2228 minus
1306 2201 1400 2238 atque
1415 2194 1735 2238 perpaucum,'minus

276 2253 310 2285 in
325 2263 525 2296 paucumque
537 2253 700 2286 similiter?
744 2254 824 2287 Sur.
848 2253 999 2286 Omnino.
1044 2253 1101 2285 So.
1123 2251 1279 2294 Nunquid
1302 2251 1343 2282 de
1366 2250 1470 2282 anima
1491 2249 1525 2280 id
1539 2249 1606 2281 dici
1620 2253 1738 2291 potest,

276 2312 314 2339 ut
329 2307 377 2340 vel
392 2307 427 2340 in
441 2308 569 2340 minima
584 2309 719 2350 quadam
733 2317 766 2339 re
785 2306 847 2340 alia
869 2308 972 2339 anima
997 2307 1058 2338 hoc
1084 2306 1202 2349 ipsum,
1217 2305 1303 2347 quod
1318 2308 1367 2336 est
1380 2303 1494 2341 anima,
1508 2302 1560 2334 vel
1574 2301 1674 2344 magis
1689 2301 1738 2334 vel

278 2361 350 2404 plus
363 2367 420 2393 aut
434 2367 542 2395 contra
557 2362 597 2394 sit
610 2372 704 2405 quam
720 2361 807 2394 alia?
851 2361 929 2394 Sim.
953 2361 1102 2393 Minime,
1147 2359 1204 2391 So.
1226 2359 1305 2397 Dic,
1326 2368 1397 2400 age,
1421 2366 1477 2400 per
1487 2356 1600 2389 Jovem
1617 2364 1738 2398 precor,

276 2425 353 2446 num
368 2414 505 2448 animam
520 2415 653 2449 dicimus
667 2416 759 2448 aliam
771 2416 899 2459 quidem
914 2416 1028 2447 habere
1041 2418 1177 2446 mentem
1189 2412 1406 2455 virtutemque,
1418 2415 1514 2453 atque
1523 2419 1591 2442 csse
1601 2410 1713 2442 bonam
1727 2419 1738 2450 3

278 2469 372 2501 aliam
388 2480 460 2502 vero
476 2471 667 2503 dementiam
681 2476 715 2503 et
726 2470 921 2513 pravitatem,
937 2468 1113 2510 malamque
1127 2476 1195 2499 esse
1210 2478 1217 2498 ι
1242 2466 1362 2502 haecne,
1377 2464 1518 2508 inquam,
1533 2473 1606 2496 vere
1626 2463 1739 2495 dieun-

279 2525 353 2556 tur?
395 2525 476 2557 Sm-
498 2524 582 2557 Vere
597 2526 735 2568 quidem.
780 2524 836 2557 So.
858 2523 975 2555 Eorum
990 2533 1076 2565 ergo,
1090 2520 1147 2564 qui
1160 2520 1296 2553 animam
1306 2529 1374 2552 esse
1386 2523 1526 2551 asserunt
1534 2516 1739 2556 bonnoniam,

277 2579 351 2622 quis
376 2579 527 2622 quidnam
549 2580 637 2612 dicet
661 2590 728 2612 esse
749 2578 937 2611 animabus?
960 2577 1027 2610 haec
1051 2575 1184 2613 scilicet,
1206 2574 1315 2606 vitium
1340 2578 1374 2606 et
1388 2572 1557 2605 virtutem?
1579 2581 1621 2604 an
1645 2571 1738 2603 aliam

278 2634 438 2677 quandam
452 2634 689 2667 consonantiam
705 2639 800 2676 atque
815 2630 1063 2664 dissonantiam?
1086 2635 1119 2662 et
1134 2630 1248 2661 bonam
1265 2628 1394 2671 quidem
1408 2636 1476 2659 esse
1488 2630 1715 2659 consonantem
1728 2635 1738 2665 ;

277 2694 398 2721 etcum
423 2687 494 2731 ipsa
513 2688 720 2721 consonantia
744 2687 797 2726 sit,
811 2687 937 2719 alteram
961 2685 995 2717 in
1022 2693 1056 2717 se
1078 2682 1315 2716 consonantiam
1337 2681 1516 2724 possidere:
1539 2678 1651 2712 malam
1666 2688 1739 2711 vero

278 2743 493 2775 dissonantem
506 2747 540 2774 et
551 2742 652 2786 ipsam
666 2751 735 2775 esse
750 2751 810 2775 nec
834 2740 926 2773 aliam
948 2740 981 2772 in
1004 2749 1037 2772 se
1061 2737 1197 2770 habere?
1241 2736 1321 2768 Sus.
1344 2734 1432 2773 Quid
1444 2733 1662 2777 respondeam,
1675 2741 1742 2765 non

279 2797 393 2829 habeo.
413 2801 539 2829 constat
552 2802 655 2829 tamen
667 2807 751 2835 eum,
766 2795 820 2839 qui
835 2795 971 2827 animam
989 2803 1056 2826 esse
1070 2790 1308 2826 consonantiam
1325 2788 1491 2833 posuisset,
1504 2787 1582 2820 talia
1593 2786 1740 2830 qaedam

279 2861 512 2893 responsurum.
554 2851 613 2884 So.
635 2850 680 2882 At
694 2861 766 2882 vero
789 2850 856 2893 jam
879 2857 1062 2882 concessum
1083 2851 1144 2890 est,
1159 2845 1258 2878 nihilo
1274 2844 1371 2887 magis
1386 2847 1441 2876 aut
1456 2841 1559 2875 minus
1571 2840 1663 2874 aliam
1678 2839 1741 2871 alia

279 2905 415 2937 animam
430 2916 509 2938 esse.
529 2904 685 2948 ejusmodi
700 2915 771 2938 vero
800 2904 960 2937 concessio
986 2907 1046 2941 est,
1061 2911 1164 2944 neque
1185 2899 1285 2943 magis
1306 2908 1410 2941 neque
1425 2896 1495 2940 plus
1509 2904 1611 2938 neque
1627 2894 1744 2932 minus,

279 2970 384 3003 neque
408 2961 466 2992 sub
490 2959 689 3003 paucioribus
719 2959 864 3002 gradibus
888 2958 982 2991 aliam
1017 2957 1079 2989 alia
1103 2953 1339 2989 consonantiam
1375 2962 1454 2984 esse.
1485 2948 1615 2983 nonne?
1658 2948 1738 2980 Sm.

281 3014 421 3051 Prorsus.
466 3015 520 3050 So.
544 3015 622 3049 Eam
640 3025 722 3055 vero,
739 3024 810 3059 quae
825 3024 927 3057 neque
942 3012 1040 3057 magis
1052 3021 1156 3055 neque
1171 3009 1273 3044 minus
1295 3005 1500 3043 consonantia
1524 3008 1582 3045 est,
1597 3001 1740 3041 nirnirum
