1846 3268
247 292 325 330 374
856 295 1124 338 PL'A‘roms
1144 302 1151 304 -
1614 306 1710 357 [268

246 409 317 431 nem
332 399 391 431 'sibi
409 399 566 441 vendicet,
582 399 659 442 quid
685 398 883 431 dicendum?
930 400 987 434 So.
1010 401 1083 438 Qua
1108 403 1226 436 ratione
1251 403 1382 447 inquis?
1411 404 1710 451 *Hosr’sPerindeJ

247 455 390 496 inquam,
405 465 442 486 ac
456 455 481 485 si
498 459 694 492 mercatores,
710 454 911 496 agricultores
927 460 960 487 et
973 456 1079 498 coqui,
1095 458 1283 499 gymnastici
1307 459 1435 501 insuper
1458 470 1495 492 ac
1517 461 1634 494 medici
1654 464 1711 494 ad-

247 519 352 540 versus
368 514 518 551 pastores,
528 518 608 550 quos
623 508 769 550 politicos
783 509 1021 550 appellavimus,
1037 516 1208 552 surgerent,
1232 512 1330 555 [268]
1355 520 1586 558 assererentque
1599 527 1632 548 se
1643 519 1710 549 e'sse

245 568 387 606 pastores
402 563 563 594 hominum
577 572 587 594 ε
612 562 731 605 quippe
746 573 818 595 cum
832 563 892 605 ipsi
905 563 1020 596 victum
1046 575 1109 596 non
1122 565 1217 607 vplebi
1231 567 1343 607 solum,
1357 578 1463 600 verum
1477 569 1572 601 etiam
1587 571 1711 612 regibus

245 616 540 659 magistratibusque
554 616 771 659 suppeditent.
816 617 872 662 So.
894 617 949 649 An
965 629 1029 650 non
1045 630 1118 651 vera
1139 619 1302 652 dicerent?
1348 622 1454 654 Hesi».
1476 622 1580 656 Forte.
1602 630 1635 656 et
1649 625 1710 658 h'oc

242 671 352 713 utique
364 671 608 704 consideremus,
630 671 711 703 iliud
726 676 831 703 autem
846 672 972 710 scimus,
987 674 1075 715 quod
1091 684 1161 705 cum
1178 674 1315 707 bubulco
1331 676 1372 708 de
1386 676 1434 708 his
1458 687 1551 709 nemo
1565 683 1708 717 certaret,

242 726 299 758 sed
315 725 382 767 ipse
397 725 464 757 sine
478 726 688 757 controversia
712 726 843 758 armenti
868 731 974 768 pastor
995 733 1055 765 est,
1071 728 1125 770 qui
1154 729 1248 761 boves
1270 734 1370 767 curat,
1384 730 1453 772 ipse
1468 732 1623 773 medicus,
1638 732 1707 774 ipse

241 780 460 822 conjugiorum
475 784 585 812 auctor
599 785 769 823 partusque
783 780 954 823 cujuslibet
974 781 1100 824 adjutor
1114 788 1146 814 et
1158 783 1319 818 educator.
1363 785 1519 817 Praeterea
1532 795 1625 818 nemo
1642 797 1706 819 me-

242 835 302 866 iius
313 834 397 876 jocis
412 839 445 866 et
459 834 577 865 musica
590 839 775 876 armentum,
785 841 936 877 quantum
952 841 1062 868 natura
1078 837 1187 869 horum
1203 848 1301 880 capax
1321 843 1383 881 est,
1397 839 1547 878 oblectat,
1562 841 1656 872 trahit
1671 847 1704 873 et

241 890 370 931 mulcet,
386 889 508 933 organis
523 893 618 931 atque
633 899 686 920 ore
701 889 802 931 gregis
817 890 864 920 sui
893 891 1041 923 musicam
1069 896 1214 924 tractans.
1258 892 1442 936 Eademque
1464 899 1513 925 est
1532 895 1574 926 de
1595 895 1707 927 ceteris

241 944 418 986 pastoribus
450 943 539 975 ratio.
564 943 691 974 nonne?
737 944 794 975 So.
817 943 972 978 Maxime.
1019 945 1125 979 Hosr.
1150 946 1223 983 Quo
1248 952 1341 989 pacto
1368 948 1463 989 igitur
1472 950 1577 980 ‘sermo
1593 948 1647 980 ilie
1661 950 1702 982 de

239 1009 311 1040 rege
323 1003 425 1030 rectus
439 997 622 1039 integerque
636 997 772 1036 videtur,
787 999 917 1040 quando
933 1003 1086 1040 pastorem
1103 1000 1192 1031 ilium
1208 1005 1240 1032 et
1263 1001 1446 1032 nutritorem
1461 1002 1589 1033 humaui
1605 1003 1705 1045 gregis

237 1052 398 1095 ponimus,
411 1051 511 1083 solum
529 1051 631 1093 ipsum
646 1052 687 1083 ab
699 1051 768 1084 aliis
779 1059 990 1095 secernentes,
1004 1063 1077 1085 cum
1093 1053 1148 1085 alii
1162 1053 1251 1086 multi
1263 1055 1304 1086 de
1318 1055 1380 1087 hoc
1395 1055 1466 1097 ipso
1485 1057 1705 1089 contendant?

237 1107 296 1140 So.
319 1105 419 1138 Nullo
437 1105 543 1136 modo.
587 1105 695 1138 Hosr.
721 1105 775 1137 An
793 1115 856 1137 non
873 1106 983 1138 merito
1006 1107 1102 1149 paulo
1125 1112 1197 1139 ante
1223 1108 1447 1148 dubitavimus,
1459 1110 1588 1152 quando
1603 1111 1704 1154 suspi-

237 1161 300 1194 cati
314 1171 433 1198 sumus,
448 1170 489 1191 ne
505 1160 634 1202 figuram
649 1161 809 1201 quandam
824 1161 904 1202 regis
918 1161 1081 1192 dumtaxat
1105 1162 1334 1201 induceremus,
1350 1164 1492 1195 nondum
1508 1169 1613 1196 tamen
1627 1165 1705 1197 civi-

236 1217 296 1248 lem
312 1216 415 1258 ipsum
431 1215 568 1257 perfecte
584 1213 797 1256 definiremus,
811 1214 870 1246 nisi
897 1214 982 1257 prius
1007 1216 1088 1256 ilios,
1104 1217 1156 1258 qui
1173 1227 1243 1248 cum
1259 1228 1297 1249 eo
1312 1228 1380 1249 sese
1395 1218 1560 1260 implicant
1574 1224 1607 1250 et
1633 1230 1704 1262 pas-

236 1275 318 1302 tores
334 1281 402 1302 esse
417 1275 453 1301 ut
463 1269 515 1300 ille
532 1269 726 1310 profitentur,
741 1270 1055 1310 comprehendamus,
1070 1275 1103 1302 et
1118 1272 1157 1302 ab
1172 1271 1233 1302 iilis
1249 1282 1352 1314 regem
1367 1278 1575 1312 secernentes,
1590 1285 1702 1316 purum

235 1325 324 1357 iilum
339 1324 465 1366 penitus
481 1323 694 1355 ostendamus.
737 1322 793 1355 So.
817 1322 919 1354 Recte
946 1324 1087 1355 nimium.
1131 1325 1239 1357 Hom».
1262 1325 1333 1358 Hoc
1358 1326 1453 1368 igitur
1468 1327 1574 1370 nobis,
1598 1339 1618 1360 ο
1644 1329 1704 1361 So-

235 1383 346 1416 crates,
362 1379 518 1420 agendum
534 1383 593 1418 est,
609 1377 670 1408 nisi
686 1376 815 1409 velimus
831 1378 862 1408 in
879 1378 941 1409 fine
957 1380 1106 1410 sermonis
1117 1379 1275 1411 infamiam
1293 1386 1460 1423 reportare.
1503 1382 1557 1414 So.
1581 1381 1704 1416 Ahhoc

237 1443 360 1476 prorsus
376 1437 424 1464 est
438 1432 673 1464 declinandum.
719 1432 827 1463 Nost».
849 1431 970 1463 Rursus
993 1433 1032 1463 ab
1057 1433 1122 1465 alio
1138 1433 1308 1476 principio,
1323 1435 1385 1466 alia
1399 1436 1535 1477 quadam
1551 1436 1601 1468 via
1616 1436 1704 1470 iuce-

234 1487 374 1519 dendum
389 1492 448 1520 est.
494 1486 551 1518 So.
574 1487 671 1524 Qua?
716 1486 823 1518 Hosr.
846 1487 959 1520 Jocum
985 1488 1142 1530 quendam
1160 1488 1340 1521 interserere
1356 1489 1403 1520 his
1418 1495 1556 1532 oportet,
1573 1501 1701 1533 magna-

234 1553 298 1585 que
313 1546 401 1584 parte
417 1541 543 1584 prolixae
557 1541 671 1572 fabutae
687 1541 745 1579 uti,
761 1546 794 1573 et
808 1541 894 1583 quod
909 1547 1016 1580 restat,
1032 1547 1171 1585 utsupra
1185 1542 1329 1586 fecimus,
1341 1544 1481 1586 exsequi,
1493 1550 1611 1586 partem
1621 1556 1703 1577 sem-

235 1607 293 1639 per
308 1595 404 1638 partis
419 1595 664 1633 subdividendo,
680 1600 774 1637 atque
791 1595 835 1627 ita
849 1596 889 1627 ad
902 1606 1066 1634 summum,
1082 1597 1167 1638 quod
1183 1602 1231 1628 est
1245 1597 1424 1640 quaesitum,
1440 1599 1607 1632 deducere.
1645 1600 1701 1631 So.

233 1651 371 1693 Oportet
386 1660 472 1682 sane.
516 1649 622 1682 Hosr.
647 1649 709 1682 Sed
722 1649 790 1692 jam
806 1650 921 1681 sabulae
937 1661 1027 1692 meze,
1044 1656 1077 1682 ut
1093 1651 1181 1694 pueri
1197 1652 1310 1690 solent,
1326 1652 1451 1684 arrectis
1465 1653 1590 1685 auribus
1602 1654 1702 1686 adsta.

235 1715 338 1747 neque
350 1705 434 1736 enim
449 1715 467 1736 a
483 1703 653 1746 puerilibus
668 1704 758 1735 annis
773 1705 880 1746 procul
893 1705 980 1738 abes.
1025 1705 1083 1738 So.
1107 1706 1184 1744 Dic,
1198 1706 1321 1740 amabo.
1367 1706 1478 1738 HosP.
1500 1707 1576 1739 Erat
1587 1707 1661 1740 olim
1668 1707 1702 1740 'et

236 1760 341 1792 adhuc
355 1759 415 1791 erit
426 1759 524 1790 muita
539 1764 730 1790 vetustarum
746 1769 846 1791 rerum
863 1759 1023 1798 memoria,
1038 1765 1071 1792 et
1088 1760 1170 1792 inter
1184 1765 1289 1792 cetera
1304 1762 1503 1793 memorabile
1517 1767 1700 1801 monstrum,

230 1815 318 1857 quod
333 1814 418 1846 circa
431 1813 519 1845 Atrei
533 1813 747 1856 Thyestisque
768 1813 854 1845 litem
879 1813 1019 1846 refertur.
1063 1813 1192 1846 Audisti
1214 1825 1349 1857 namque
1364 1826 1402 1847 ac
1417 1815 1598 1858 meministi,
1614 1817 1700 1859 quod

230 1874 306 1900 tunc
321 1867 472 1901 accidisse
489 1868 627 1900 tradunt.
671 1868 727 1901 So.
752 1867 907 1911 Nunquid
924 1879 1027 1901 aureae
1043 1879 1134 1911 ugnae
1147 1874 1305 1901 ostentum
1320 1869 1421 1902 dicis?
1454 1869 1552 1913 [269]
1591 1871 1699 1905 Hosr.

231 1923 464 1966 Nequaquam:
487 1923 542 1954 sed
555 1923 596 1954 de
611 1927 696 1953 ortus
710 1922 784 1954 solis
799 1933 997 1965 occasusque
1020 1928 1054 1954 et
1073 1922 1202 1954 aliarum
1224 1923 1381 1954 stellarum
1406 1924 1592 1957 mutatione.
1613 1926 1699 1958 unde

231 1977 315 2010 enim
329 1987 415 2009 nunc
430 1977 622 2015 exoriuntur,
637 1982 714 2009 tunc
737 1977 937 2014 occidebant,
952 1981 986 2008 et
1011 1982 1120 2009 contra
1146 1977 1375 2010 exoriebantur.
1419 1979 1510 2011 Tunc
1523 1979 1595 2011 vero
1610 1979 1700 2012 Deus

229 2032 441 2064 testimonium
459 2033 599 2074 praebens
616 2032 728 2069 Atreo,
743 2032 776 2063 in
794 2032 875 2064 hanc
899 2032 1012 2064 coelum
1038 2031 1168 2074 figuram
1192 2032 1335 2064 mutavit.
1379 2033 1436 2065 So.
1458 2033 1568 2065 Fertur
1580 2039 1614 2065 et
1629 2035 1700 2067 hoe.

229 2087 338 2119 Hosi’.
361 2087 449 2125 Quin
465 2086 560 2118 etiam
575 2097 594 2118 e
609 2085 715 2117 multis
738 2085 865 2117 Saturni
888 2096 1018 2128 regnum
1045 2086 1235 2118 audivimus.
1279 2087 1335 2119 So.
1360 2086 1408 2118 Ex
1433 2086 1576 2129 piurimis
1601 2093 1696 2121 certe.

218 2143 335 2175 VHosP.
359 2141 446 2179 Quid
463 2151 534 2173 vero
548 2142 559 2172 ἓ
582 2151 688 2172 nonne
702 2140 821 2183 priscos
835 2139 905 2172 ilios
921 2152 958 2172 ex
974 2146 1053 2172 terra
1068 2141 1234 2184 procreari,
1251 2152 1314 2173 non
1330 2153 1367 2173 ex
1383 2153 1416 2173 se
1430 2142 1565 2174 invicem
1588 2143 1674 2174 nasci
1688 2144 1700 2174 ἑ

228 2197 285 2229 So.
310 2196 382 2228 Hoc
397 2206 524 2238 quoque
547 2195 580 2226 in
604 2194 741 2237 antiquis
754 2194 845 2226 rebus
861 2201 1130 2227 commemoratur.
1173 2196 1282 2228 Hosr’.
1306 2196 1432 2228 Cuncta
1450 2197 1517 2229 haec
1531 2196 1573 2228 ab
1587 2198 1698 2229 eadem

228 2250 375 2293 passione
391 2250 644 2293 proficiscuntur,
658 2255 691 2281 et
711 2249 773 2281 alia
787 2255 898 2291 praeter
912 2251 980 2282 haec
995 2251 1162 2292 permulta,
1186 2251 1233 2282 his
1249 2251 1343 2292 longe
1359 2251 1567 2283 mirabiliora:
1592 2262 1696 2285 verum

226 2305 424 2347 longitudine
439 2305 588 2347 temporis
604 2304 714 2346 partim
730 2304 880 2336 memoria
895 2305 1000 2336 deleta
1016 2310 1100 2342 sunt,
1117 2305 1229 2347 partim
1245 2306 1364 2347 absque
1382 2305 1500 2337 ordinis
1515 2305 1594 2337 serie
1609 2315 1698 2348 spar-

226 2359 283 2391 sim
308 2358 575 2392 circumferuntur.
619 2358 801 2390 Passionem
819 2370 891 2390 vero
913 2358 1010 2397 iilam,
1027 2370 1098 2401 qum
1122 2361 1230 2390 borum
1257 2359 1396 2390 omnium
1413 2369 1507 2391 causa
1521 2364 1580 2396 est,
1602 2370 1695 2391 nemo

226 2413 335 2455 utique
349 2413 442 2445 dixit.
465 2423 549 2445 nunc
575 2417 679 2444 autem
703 2412 841 2445 dicenda
862 2418 930 2444 cstz
954 2423 1025 2444 nam
1049 2413 1089 2444 ad
1116 2413 1195 2454 regis
1221 2413 1433 2444 ostensionem
1458 2414 1591 2445 confert.
1636 2413 1695 2447 so.

226 2467 379 2499 Praeciare
406 2467 552 2509 loqueris.
575 2467 689 2498 referas
712 2477 797 2509 ergo,
822 2478 926 2509 neque
955 2467 1075 2509 aliquid
1100 2467 1328 2509 praetermittas.
1373 2466 1482 2499 Hosn.
1506 2467 1594 2499 Audi
1615 2467 1696 2510 jam.

226 2521 415 2553 Universum
431 2522 491 2553 hoc
507 2521 583 2552 alias
598 2521 688 2553 Deus
703 2521 771 2564 ipse
797 2521 888 2564 regit,
904 2521 1003 2563 agitat
1027 2527 1123 2564 atque
1149 2526 1251 2554 rotat:
1275 2521 1353 2552 alias
1369 2532 1442 2552 vero
1465 2521 1607 2560 dimittit,
1622 2533 1694 2554 cum

227 2575 338 2607 mundi
353 2575 502 2607 circuitus
516 2575 728 2617 competentia
743 2576 803 2607 sibi
820 2575 973 2608 curricula
989 2575 1135 2618 temporis
1151 2575 1367 2618 expieverunt.
1411 2576 1501 2608 Tunc
1515 2586 1590 2608 sane
1605 2586 1696 2607 mun-

226 2630 286 2661 dus
301 2629 382 2660 ultro
397 2640 434 2662 ac
448 2630 545 2661 libero
562 2635 648 2661 motu
664 2634 772 2661 contra
788 2630 975 2662 reflectitur:
999 2640 1071 2661 nam
1096 2635 1129 2661 et
1145 2630 1234 2672 vivit,
1251 2635 1283 2661 et
1309 2629 1494 2672 sapientiam
1519 2631 1560 2663 ab
1573 2641 1625 2668 eo,
1639 2630 1694 2672 qui

227 2685 267 2716 ab
283 2684 375 2716 initio
397 2684 570 2716 construxit
589 2684 690 2722 inum,
705 2689 753 2716 est
777 2684 913 2716 sortitus.
958 2684 1118 2716 Circuitus
1144 2689 1248 2715 autem
1277 2684 1451 2716 necessario
1478 2684 1542 2726 ipsi
1558 2685 1639 2716 hane
1653 2684 1695 2716 ob

226 2749 352 2771 causam
369 2738 494 2770 innatus
511 2744 568 2770 est.
616 2738 674 2772 So.
698 2741 801 2778 Quam
817 2740 859 2770 ob
873 2749 998 2771 causam
1013 2739 1142 2780 inquis?
1187 2739 1297 2771 HosP.
1322 2739 1411 2771 Idem
1437 2750 1505 2771 esse
1527 2748 1648 2781 semper
1662 2744 1695 2770 et

227 2794 399 2824 secundum
416 2793 526 2824 eadem
542 2798 574 2824 ct
589 2794 700 2824 eodem
716 2804 748 2825 se
776 2794 869 2825 modo
895 2794 1008 2826 habere
1033 2794 1107 2824 solis
1130 2794 1269 2824 omnium
1295 2793 1495 2825 divinissimis
1520 2792 1690 2825 convenit:

227 2848 365 2890 corporis
380 2852 484 2879 autem
502 2853 611 2879 natura
626 2847 719 2890 hujus
732 2849 850 2880 ordinis
866 2859 928 2881 non
945 2854 993 2880 est
1008 2859 1149 2891 compoS.
1196 2848 1343 2880 Ceterum
1356 2847 1389 2879 id
1412 2857 1516 2886 omne,
1531 2849 1617 2890 quod
1633 2858 1693 2879 εω-

228 2904 292 2934 lum
309 2903 522 2944 mundumque
537 2902 727 2940 vocavimus,
745 2904 842 2934 multa
863 2904 990 2946 quidem
1015 2909 1047 2935 et
1073 2903 1177 2935 felicia
1203 2913 1331 2934 munera
1355 2912 1372 2933 a
1389 2901 1528 2943 genitore
1544 2902 1692 2944 suscepit,

226 2958 364 2999 corporis
378 2962 481 2989 tamen
500 2957 678 2999 particeps;
702 2958 848 2998 quocirca
865 2968 974 3000 expers
997 2958 1124 2989 oniniuo
1149 2955 1330 2988 mutationis
1355 2955 1522 2997 cujuslibet
1545 2966 1612 2987 esse
1629 2967 1692 2987 uon

227 3013 348 3055 potuit:
372 3017 521 3049 attamen,
538 3012 642 3054 quoad
658 3011 724 3043 fieri
749 3017 862 3053 potest,
881 3012 912 3044 in
939 3013 1050 3046 eodem
1075 3018 1106 3044 ct
1132 3012 1304 3045 secundum
1330 3011 1439 3043 eadem
1467 3015 1499 3045 et
1525 3021 1588 3043 uuo
1604 3015 1693 3054 motu
