1832 3256
203 259 255 296 34
794 246 1061 288 PLATONIS
1087 284 1105 299 ,
1558 247 1660 299 [212

203 359 325 397 eadem,
351 357 490 395 obsecro,
514 355 693 387 Menexeno
715 362 840 394 quoque
862 351 1023 383 edisseras.
1066 347 1153 389 Ipse,
1175 346 1319 390 inquam,
1341 346 1448 390 Lysis,
1474 346 1521 380 illi
1537 347 1663 379 referes.

203 424 277 445 nam
292 418 411 444 attente
425 421 482 442 nos
497 407 689 440 auscultasti.
734 407 864 435 Attente
885 413 973 440 sane,
993 400 1158 442 respondit
1179 400 1245 432 ille.
1289 400 1342 432 Da
1362 401 1455 443 igitur
1474 411 1614 443 operam,
1629 404 1666 431 ut

204 466 371 508 diligenter
383 461 596 500 reminiscaris,
612 470 675 501 quo
690 458 737 489 illi
753 457 875 498 singula
890 456 1053 497 perspicue
1068 453 1193 486 referas.
1216 455 1302 496 quod
1318 454 1344 486 si
1357 455 1433 502 quid
1448 455 1577 486 forsitan
1592 455 1666 486 sub-

204 519 378 561 terfugerit,
391 527 492 549 rursus
513 526 531 546 a
546 525 596 545 me
620 513 766 555 requires,
782 522 853 543 curn
870 521 918 541 me
932 510 1067 552 primum
1091 508 1284 542 conveneris.
1327 508 1460 540 Navabo
1475 518 1613 551 operam,
1633 513 1667 540 et

205 573 338 604 maxime
353 571 492 613 quidem,
515 568 568 599 ille
583 566 754 607 respondit.
769 565 824 595 sed
839 563 914 595 novi
935 562 1044 594 saltem
1065 560 1184 603 aliquid
1208 561 1255 593 illi
1276 562 1374 599 dicas,
1395 567 1432 593 ut
1450 572 1510 604 ego
1528 561 1667 600 audiam,

206 627 308 658 donec
331 622 484 656 redeundi
508 622 633 653 domum
661 620 702 650 sit
726 619 812 650 hora.
858 617 902 648 At
927 627 1000 658 ego,
1023 615 1193 657 Agendum
1219 619 1278 653 est,
1301 614 1471 657 praesertim
1499 625 1571 648 eum
1595 615 1666 658 ipse

201 680 327 721 jubeas.
341 678 395 710 sed
410 676 524 718 cogita,
542 685 603 716 qua
617 673 737 704 ratione
754 671 828 702 mihi
845 670 1022 712 opituleris,
1043 670 1069 700 si
1084 680 1133 700 me
1149 668 1288 701 refellere
1302 669 1502 701 Menexenus
1515 669 1575 701 iste
1590 679 1667 701 con—

207 732 352 765 tenderit.
364 743 404 763 an
418 741 482 762 non
497 727 726 761 contentiosum
742 737 810 757 esse
825 724 912 756 illurn
929 724 1044 755 audisti
1058 724 1068 754 ?
1114 723 1175 755 Lv.
1198 723 1348 756 Prorsus:
1372 728 1405 755 et
1418 723 1536 755 idcirco
1549 727 1580 754 te
1595 732 1668 755 cum

207 787 262 819 illo
277 787 490 829 disputantem
503 783 610 814 audire
623 780 784 823 percupio.
829 779 886 810 So.
908 778 963 809 An
976 783 1011 809 ut
1024 777 1174 809 ridiculus
1188 778 1325 809 habear?
1370 777 1432 810 Lv.
1456 776 1559 809 Absit.
1571 777 1668 808 immo

208 846 244 873 ut
257 842 343 872 illum
359 840 492 880 castiges
503 844 596 879 atque
612 834 770 867 coerceas.
813 833 870 865 So.
893 832 989 864 Haud
1007 832 1099 864 facile
1114 837 1173 864 est.
1189 832 1355 864 vehemens
1370 831 1454 863 enim
1469 836 1502 863 et
1514 830 1669 869 facundus

207 901 266 933 est,
282 881 424 936 Ctesippi
446 891 632 933 discipulus.
655 889 744 920 adest
759 892 907 929 praeterea
928 886 1005 929 quin
1020 886 1115 918 etiam
1131 886 1301 928 Ctesippus
1322 886 1403 928 ipse.
1420 895 1461 917 an
1475 895 1542 917 uon
1557 884 1667 916 vides?

207 949 272 981 Lv.
296 947 384 979 Nihil
399 945 541 982 verearis,
557 955 576 975 o
592 944 745 975 Socrates.
771 952 841 983 age,
862 941 1002 977 obsecro.
1026 941 1169 972 disseras.
1211 939 1264 971 So.
1286 939 1510 971 Disserendum
1534 938 1670 970 videtur.

208 1002 326 1033 Verum
339 1001 400 1032 ista
414 999 505 1030 nobis
528 1007 663 1028 seorsum
680 996 718 1026 ab
734 994 803 1025 aliis
818 993 1082 1036 colloquentibus,
1103 994 1179 1031 Cur,
1193 993 1300 1036 inquit
1321 992 1506 1036 Ctesippus,
1525 991 1582 1024 soli
1600 992 1670 1024 haec

207 1054 290 1086 inter
305 1065 359 1086 vos
374 1051 520 1095 agitatis?
544 1050 621 1092 quin
638 1049 707 1080 aliis
723 1049 816 1080 etiam
833 1053 934 1079 vestra
956 1048 1023 1078 haec
1043 1047 1212 1090 impertite.
1256 1047 1505 1088 Impertiendum
1521 1056 1602 1084 esse,
1621 1056 1670 1077 re—

209 1108 333 1150 spondi.
355 1107 407 1138 hic
427 1115 518 1147 porro
536 1115 598 1135 non
614 1103 729 1134 nihilex
754 1102 803 1140 iis,
820 1112 891 1144 quae
913 1101 1111 1143 conferimus,
1136 1102 1236 1133 minus
1259 1101 1405 1143 percipit,
1422 1105 1576 1143 putatque
1596 1100 1671 1140 Me-

208 1172 363 1193 nexenum
378 1159 552 1200 intelligere
567 1170 574 1189 x
599 1157 745 1199 quocirca
760 1156 934 1198 percontari
948 1156 987 1187 ab
1008 1155 1063 1187 illo
1079 1166 1127 1187 me
1138 1155 1243 1198 jubet.
1287 1154 1372 1187 Οτι.
1395 1154 1482 1192 Quid
1495 1164 1560 1187 nou
1574 1154 1671 1186 inter-

207 1215 320 1257 rogas?
366 1214 421 1246 So.
445 1212 658 1253 Interrogabo.
673 1210 735 1247 dic,
752 1211 876 1251 amabo,
894 1221 912 1241 o
928 1209 1119 1247 Menexme,
1134 1209 1220 1251 quod
1236 1209 1291 1240 abs
1312 1213 1344 1240 te
1365 1218 1513 1251 quaeram.
1557 1207 1673 1240 quat:

210 1269 289 1300 mihi
304 1273 350 1300 est
366 1268 404 1299 ab
420 1267 547 1298 ineunte
564 1270 656 1297 aetate
672 1264 874 1306 possessionis
890 1263 982 1296 unius
996 1263 1154 1305 cupiditas
1176 1263 1333 1305 quaedam,
1353 1262 1616 1305 quemadmodum
1639 1266 1672 1294 et

210 1323 289 1356 aliis.
301 1327 337 1354 ut
351 1332 424 1354 ecce
440 1321 566 1362 quidam
584 1329 681 1361 equos
697 1319 866 1356 desiderat,
880 1318 994 1360 aliquis
1009 1329 1114 1360 canes,
1127 1318 1207 1349 alius
1222 1317 1486 1358 aurum,honores
1497 1315 1589 1348 alius.
1603 1316 1672 1348 haec

209 1376 356 1419 equidem
374 1375 458 1417 parvi
472 1374 565 1410 facio,
581 1383 640 1404 nec
656 1372 785 1403 multum
797 1371 857 1403 ista
874 1383 921 1404 me
938 1377 1084 1403 movent:
1107 1371 1371 1413 adquirendorum
1382 1376 1486 1402 autem
1501 1363 1671 1402 amicorum

210 1430 365 1462 desiderio
377 1429 484 1469 flagro.
523 1428 626 1464 Quare
638 1427 769 1458 amicum
781 1427 897 1458 bonum
911 1427 1024 1458 habere
1036 1425 1154 1467 malim,
1166 1436 1259 1467 quarn
1272 1425 1524 1467 pretiosissimam
1534 1423 1672 1456 coturni-

207 1494 291 1524 cem,
312 1478 365 1514 aut
390 1483 526 1525 gallum:
549 1486 581 1512 et
604 1491 659 1522 per
682 1481 808 1520 Jovem,
830 1479 935 1522 potius
959 1491 1054 1523 quam
1081 1490 1196 1522 equum
1223 1485 1317 1521 atque
1336 1489 1469 1510 canem:
1493 1487 1530 1510 ac
1552 1477 1674 1510 medius

210 1538 314 1575 fidius,
325 1537 429 1580 potius
441 1535 633 1578 quamlDarii
644 1545 751 1565 aurum
764 1534 910 1577 adipisci,
921 1535 968 1567 vel
983 1535 1087 1576 ipsum
1099 1533 1230 1565 Darium
1240 1543 1363 1575 capere,
1372 1532 1525 1574 optimum
1537 1531 1672 1563 amicum

210 1591 334 1633 eligere.
367 1590 505 1630 Videtis,
519 1600 610 1631 quam
625 1589 681 1620 sim
700 1588 847 1630 amicitiae
862 1589 984 1620 avidus.
1012 1588 1150 1626 Quando
1165 1587 1259 1629 igitur
1274 1592 1305 1619 te
1320 1592 1354 1618 et
1365 1586 1516 1630 Lysidem
1529 1585 1672 1618 animad-

210 1649 308 1680 verto.
322 1644 418 1685 [212]
435 1649 545 1684 stupeo
559 1642 710 1684 profecto,
726 1653 843 1684 vosque
853 1642 962 1674 felices
977 1641 1133 1679 existimo,
1148 1642 1234 1684 quod
1251 1641 1283 1672 in
1293 1645 1357 1671 tam
1372 1645 1478 1672 tenera
1491 1644 1584 1671 aetate
1595 1650 1672 1672 cou-

210 1696 323 1734 stituti‚
334 1701 453 1727 tantum
467 1706 576 1726 munus
589 1696 672 1727 brevi
684 1701 716 1737 et
728 1695 822 1727 facile
831 1696 994 1728 consecuti
1003 1695 1136 1733 fueritis,
1147 1700 1180 1727 et
1196 1699 1229 1726 tu
1242 1695 1325 1727 hunc
1337 1694 1394 1726 tibi
1411 1698 1474 1725 tam
1482 1693 1578 1726 facile
1587 1698 1675 1726 tanta

211 1749 431 1782 benevolentia
455 1749 679 1786 conciliaveris,
701 1754 733 1780 et
755 1749 807 1781 hic
833 1753 863 1780 te
887 1755 996 1780 mutuo
1014 1749 1054 1780 sit
1079 1759 1182 1780 amore
1206 1748 1397 1791 complexus.
1438 1748 1576 1780 'rantum
1602 1759 1676 1781 vero

212 1816 231 1836 a
247 1815 296 1835 me
313 1814 424 1834 munus
437 1803 469 1833 id
486 1803 584 1839 abest,
608 1810 642 1833 ut
661 1814 719 1834 nec
743 1803 837 1835 etiam
860 1814 923 1845 quo
946 1808 1040 1846 pacto
1063 1803 1142 1834 alter
1155 1803 1245 1834 alteri
1260 1803 1378 1835 amicus
1401 1803 1467 1840 fist,
1487 1802 1675 1845 intelligam.

214 1857 361 1890 Ceterum
376 1858 441 1888 haec
458 1857 511 1886 abs
529 1861 570 1893 te,
594 1862 741 1898 tanquam
766 1857 879 1898 perito,
898 1867 1036 1899 quaerere
1051 1857 1157 1898 cupio.
1173 1867 1269 1899 quare
1284 1856 1361 1888 mihi
1383 1857 1586 1899 respondeas,
1607 1867 1675 1890 oro.

204 1911 352 1951 *Quando
369 1911 438 1951 quis
455 1910 587 1951 aliquem
605 1910 718 1952 diligit,
736 1916 803 1942 uter
819 1911 916 1942 utrius
938 1911 1055 1942 amicus
1071 1911 1224 1942 efficitur?
1248 1921 1395 1942 amansne
1411 1909 1518 1948 amati,
1533 1921 1574 1942 an
1588 1920 1674 1942 ams-

213 1971 264 1996 tus
280 1964 434 1996 amantis?
459 1975 497 1994 an
510 1964 587 1995 nihil
605 1964 750 1996 interest?
775 1966 846 1997 Ma.
877 1965 968 1997 Nihil
983 1966 1133 1998 interesse
1148 1965 1225 1997 mihi
1239 1965 1375 1997 videtur.
1412 1964 1468 1997 so.
1506 1965 1594 2004 Quid
1607 1964 1673 1997 ais?

214 2021 306 2050 ambo
322 2018 455 2050 invicem
472 2018 564 2050 amici
581 2018 670 2056 fiunt,
687 2020 942 2062 quandoquidem
959 2020 1043 2051 solus
1058 2020 1135 2051 alter
1155 2019 1285 2051 alterum
1308 2019 1435 2061 diligit?
1479 2018 1552 2052 Mn.
1591 2018 1676 2051 Mihi

213 2073 341 2115 quidem
352 2072 484 2103 videtur.
506 2072 560 2104 So.
584 2073 668 2110 Quid
686 2074 798 2115 porro?
822 2084 862 2105 an
875 2084 937 2104 non
953 2073 1080 2115 reperiri
1095 2078 1203 2116 potest
1217 2084 1324 2105 amans
1339 2074 1479 2116 quidam,
1490 2074 1543 2106 cui
1554 2078 1675 2106 amatus

204 2126 298 2167 ‘haud
325 2125 458 2156 vicissim
481 2126 515 2156 in
540 2137 643 2158 amore
667 2128 861 2170 respondet?
897 2128 969 2161 ΜΒ.
1002 2128 1123 2160 Potest.
1157 2128 1212 2161 So.
1244 2127 1408 2170 Numquid
1432 2133 1466 2160 et
1480 2128 1556 2160 odio
1570 2128 1677 2160 haberi

214 2185 381 2211 amatorem
409 2190 491 2221 saepe
514 2180 693 2223 contingit?
716 2183 801 2224 qnod
829 2193 1055 2224 nonnunquam
1083 2182 1271 2214 amatoribus
1297 2193 1369 2224 erga
1398 2187 1518 2214 amatos
1546 2183 1676 2216 accidit.

213 2239 353 2266 amantes
367 2235 450 2266 enim
466 2244 558 2275 quam
575 2236 791 2268 ardentissime
807 2247 1044 2278 nonnunquam,
1061 2237 1188 2268 minime
1204 2237 1419 2268 redamantur:
1442 2237 1539 2271 immo
1553 2242 1586 2269 et
1600 2237 1676 2270 odio

213 2289 403 2330 quandoque
418 2289 580 2321 habentur.
597 2300 637 2320 an
652 2301 716 2321 non
733 2301 805 2322 vera
817 2290 876 2322 tibi
892 2291 1143 2337 dicereqvideor?
1167 2291 1239 2323 Με.
1263 2290 1446 2323 verissima.
1479 2291 1536 2323 So.
1557 2290 1677 2323 Nonne

213 2343 248 2374 in
264 2343 311 2373 his
332 2342 383 2374 hic
399 2343 524 2385 quidem
541 2349 634 2380 amat,
650 2345 704 2376 ille
726 2350 830 2376 autem
846 2346 983 2377 amatur?
998 2341 1001 2346 ’
1018 2346 1091 2378 Mn.
1116 2346 1222 2378 Certe.
1255 2345 1311 2377 So.
1334 2345 1413 2377 Uter
1426 2355 1500 2387 ergo
1515 2343 1614 2376 utrius
1628 2347 1677 2376 est

214 2396 356 2428 amicus?
379 2407 526 2428 amansne
541 2398 648 2435 amati,
665 2400 729 2430 sive
745 2401 932 2437 redametur,
948 2400 1013 2431 sive
1029 2400 1104 2431 odio
1120 2400 1291 2442 habeatur?
1313 2410 1354 2430 an
1374 2404 1498 2430 amatus
1517 2397 1674 2431 amantis?

214 2461 255 2482 an
277 2455 384 2481 neuter
398 2450 536 2480 neutrius
552 2456 626 2483 tunc
642 2458 687 2482 cst
703 2453 832 2490 amicus,
855 2464 926 2485 curn
948 2465 1012 2485 non
1035 2455 1158 2496 utrique
1174 2454 1306 2486 vicissim
1329 2453 1455 2484 amant?
1478 2453 1552 2485 Ma.
1573 2453 1625 2485 Sic
1640 2463 1675 2485 se

213 2515 262 2537 res
285 2504 397 2535 habere
414 2503 547 2536 videtur.
593 2505 647 2536 So.
670 2506 771 2538 Aliter
797 2508 903 2550 itaque
929 2519 1025 2546 nunc,
1050 2519 1144 2550 quarn
1169 2518 1274 2550 supra,
1296 2517 1469 2539 censemus.
1491 2512 1568 2539 tunc
1591 2506 1676 2539 enim

214 2558 312 2590 vlwm
329 2563 388 2595 est,
403 2557 430 2589 Si
445 2558 522 2589 aller
536 2559 635 2589 mlum
651 2560 772 2602 diligat,
781 2563 888 2593 ambos
903 2563 1019 2594 amicos
1035 2573 1103 2595 esse
1120 2574 1127 2594 :
1151 2573 1235 2594 nunc
1251 2566 1371 2602 contra,
1382 2561 1442 2592 nisi
1457 2565 1587 2604 uterque
1601 2560 1675 2592 dili·

215 2617 279 2655 gat,
295 2617 437 2643 neutrum
452 2612 584 2643 amicum
602 2623 668 2645 esse
684 2615 867 2648 dicendum.
910 2617 984 2648 Με.
1015 2616 1168 2659 Apparet.
1212 2616 1270 2648 So.
1292 2615 1380 2647 Nihil
1405 2615 1500 2658 igitur
1523 2615 1572 2647 ini
1596 2615 1675 2647 anri·

215 2677 287 2698 cum
302 2669 362 2706 est,
379 2665 433 2707 qui
457 2671 540 2697 amat
561 2666 607 2702 id,
635 2677 654 2698 a
676 2679 738 2709 quo
764 2669 890 2702 minime
917 2672 1105 2703 redaruatur.
1151 2671 1223 2703 ΜΕ.
1244 2670 1320 2702 Non
1338 2670 1470 2702 videtur.
1514 2668 1568 2700 Su·
1589 2667 1674 2710 Ergn

214 2730 274 2752 nee
289 2719 382 2751 amici
396 2729 546 2761 equorum
561 2726 644 2758 sunt,
661 2732 738 2762 quos
754 2724 829 2765 equi
844 2735 908 2756 nou
924 2731 1033 2756 mutuo
1049 2730 1173 2757 amant:
1199 2735 1258 2756 nec
1283 2724 1374 2756 amici
1395 2722 1601 2759 coturnicum,
1616 2732 1674 2754 ne-

214 2784 277 2815 que
299 2782 425 2810 canum,
440 2784 498 2804 nec
516 2773 592 2812 vini,
613 2785 671 2807 nec
693 2777 926 2810 exercitationis
941 2779 1046 2820 amici,
1066 2789 1124 2811 nec
1146 2778 1321 2821 sapientiae,
1345 2778 1407 2810 nisi
1426 2776 1582 2819 sapientia
1603 2776 1674 2808 illos

215 2827 350 2859 vicissim
366 2831 459 2859 amet.
476 2834 583 2859 amant
596 2838 709 2871 nempe
725 2831 791 2863 haec
809 2832 923 2874 singuli
939 2844 946 2863 ε
973 2843 1036 2863 non
1060 2837 1163 2864 tamen
1179 2833 1278 2864 amica
1293 2833 1360 2863 haec
1375 2836 1457 2863 sunt.
1472 2830 1673 2872 quamobrem

215 2879 364 2913 mentitur
378 2881 475 2923 poeta
489 2880 554 2923 ille,
575 2882 628 2924 qui
649 2883 739 2926 dicit,
768 2885 865 2917 Felix
889 2887 943 2918 ille
965 2890 1024 2924 est,
1051 2888 1102 2919 cui
1123 2887 1215 2928 pueri
1237 2885 1331 2919 amici
1352 2889 1384 2918 et
1409 2884 1494 2927 equi,
1513 2884 1673 2918 venator-st·

215 2945 319 2978 canes,
334 2938 365 2968 et
386 2935 494 2977 hospes
507 2936 696 2978 alienigena.
741 2939 813 2972 Mn.
838 2939 1045 2983 Nequaquam
1069 2941 1143 2973 mihi
1169 2941 1300 2974 videtur.
1345 2939 1400 2973 So.
1426 2939 1544 2971 Verum
1567 2937 1672 2971 dicere
