1846 3268
738 661 990 740 so'PH
1019 688 1250 739 rsTa.

345 984 638 1022 THEODORUS.
659 981 904 1021 SOCRATES,
926 981 1095 1014 HOSPES
1117 976 1325 1019 ELEATES,
1346 964 1638 1012 THEAET'ETUS.

255 1269 353 1311 [216]
376 1267 558 1304 Vsmsxus,
581 1276 600 1297 0
625 1266 782 1304 Socrates,
807 1269 974 1306 oportune,
1000 1263 1266 1305 quemadmodum
1291 1263 1358 1294 heri
1381 1263 1462 1296 inter
1484 1274 1542 1296 nos
1565 1263 1726 1302 convenit,

253 1326 349 1364 utque
364 1321 521 1364 hospitem
542 1321 626 1351 hunc
649 1319 811 1350 nobiscum
836 1318 991 1358 duchnus,
1005 1317 1061 1359 qui
1086 1317 1212 1348 Eleates
1237 1327 1275 1347 ex
1300 1316 1504 1349 familiaribus
1529 1316 1726 1349 Pamenidis

253 1380 350 1418 atque
364 1375 511 1412 Zenonis,
527 1379 558 1406 et
573 1373 618 1405 vir
633 1372 774 1414 apprime
801 1371 965 1413 sapientiae
994 1371 1164 1402 studiosus.
1209 1370 1267 1401 So-
1289 1370 1394 1408 Forte,
1409 1382 1429 1402 ο
1453 1371 1629 1412 Theodore,
1646 1371 1723 1403 dum

252 1430 352 1461 virum
366 1429 520 1470 hospitem
537 1433 639 1459 tecum
655 1427 769 1457 ducere
785 1425 896 1462 credis,
908 1425 1001 1456 deum
1014 1425 1171 1466 quendam
1185 1424 1288 1456 ducis.
1333 1423 1444 1466 Inquit
1455 1425 1538 1456 enim
1553 1424 1724 1462 Homerus,

252 1494 324 1516 cum
340 1483 416 1514 deos
431 1482 508 1513 alios
522 1486 588 1512 tum
604 1479 736 1511 maxime
751 1478 937 1521 hospitalem
953 1480 1047 1511 deum
1063 1478 1144 1510 inter
1158 1478 1314 1516 homiues,
1332 1477 1386 1520 qui
1396 1477 1478 1520 justi
1500 1477 1629 1519 pudoris
1649 1487 1722 1519 par-

252 1537 364 1579 ticipes
379 1540 463 1573 sunt,
478 1534 603 1572 versari,
618 1538 651 1565 et
664 1533 824 1564 hominum
837 1532 1044 1564 contumelias
1059 1532 1255 1574 injuriasque
1267 1532 1434 1574 inspicere.
1477 1531 1522 1563 Te
1541 1531 1671 1562 forsitan
1687 1535 1721 1562 et

251 1590 304 1623 hic
317 1601 334 1622 e
349 1590 469 1632 superis
483 1599 564 1620 unus
579 1589 640 1628 huc
656 1592 782 1619 secutus
803 1591 862 1627 est,
877 1591 913 1618 ut
929 1597 997 1624 nos,
1021 1586 1076 1628 qui
1099 1597 1118 1617 a
1140 1586 1322 1627 disputandi
1346 1585 1517 1616 rationibus
1531 1584 1720 1622 aber-ramus,

252 1644 411 1677 examinet
424 1648 519 1685 atque
542 1641 708 1683 corripiat:
732 1645 827 1682 atque
853 1640 921 1682 ipse
947 1639 1177 1681 redargutionis
1200 1644 1248 1670 est
1272 1640 1361 1670 deus.
1404 1638 1517 1670 Taso.
1539 1637 1637 1669 Haud
1654 1648 1722 1669 mos

249 1698 323 1739 iste,
340 1709 359 1729 o
374 1697 528 1733 Socrates,
545 1694 638 1737 hujus
653 1694 784 1736 hospitis
799 1705 807 1726 :
833 1695 887 1727 sed
911 1694 1079 1726 modestior
1101 1698 1150 1725 est
1172 1693 1247 1734 illis,
1261 1693 1315 1735 qui
1332 1691 1550 1724 controversiis
1569 1691 1719 1723 student:

250 1751 391 1794 mihique
411 1750 516 1781 nullus
538 1749 700 1780 hominum
724 1749 813 1785 deus,
834 1747 888 1779 sed
915 1747 1042 1779 divinus
1064 1747 1175 1789 aliquis
1197 1757 1264 1778 esse
1280 1746 1414 1778 videtur.
1437 1755 1545 1777 omnes
1574 1744 1720 1786 equidem

250 1805 458 1847 philosophos
472 1804 595 1847 divinos
609 1802 748 1844 appello.
794 1802 850 1834 So.
873 1802 916 1833 Et
929 1806 1011 1833 recte
1026 1801 1166 1844 quidem,
1179 1801 1289 1832 amice.
1337 1799 1446 1833 Genus
1461 1803 1566 1832 autem
1578 1798 1719 1841 philoso-

251 1860 385 1902 phomm
411 1859 495 1890 haud
517 1857 616 1889 multo
641 1856 776 1894 facilius,
792 1861 829 1887 ut
852 1856 898 1888 ita
921 1856 1062 1893 dixerim,
1089 1865 1182 1897 quam
1208 1856 1337 1886 deorum
1361 1854 1556 1886 discernitur.
1599 1852 1720 1884 Omnes

250 1913 348 1952 enim,
363 1912 543 1955 quicunque
559 1921 622 1941 non
638 1910 723 1947 ficte,
739 1910 794 1942 sed
807 1921 879 1942 vere
890 1910 1165 1952 philosophantur,
1180 1914 1308 1951 propter
1334 1908 1464 1939 aliorum
1480 1907 1636 1939 inscitiam
1651 1917 1720 1938 om-

250 1965 398 1998 niformcs
412 1969 579 2007 apparent,
595 1965 670 1995 dum
691 1964 834 1995 civitates
857 1964 1061 2000 circumeunt,
1086 1968 1118 1994 et
1141 1962 1232 2004 quasi
1246 1962 1285 1993 ab
1301 1961 1424 1993 excelsa
1439 1961 1575 2004 quadam
1590 1959 1719 2003 specula

251 2019 434 2051 inferiorum
453 2018 548 2050 vitam
563 2023 777 2061 prospectant.
822 2017 930 2060 Atque
952 2018 986 2049 hi
1008 2028 1026 2048 a
1048 2016 1236 2059 quibusdam
1251 2015 1369 2047 nullius
1384 2014 1586 2052 aestimantur,
1602 2024 1622 2045 a
1635 2023 1717 2045 non-

234 2073 346 2117 ·nullis
361 2083 557 2115 summopere
572 2073 774 2104 honorantur.
819 2071 862 2103 Et
876 2072 1031 2103 interdum
1046 2070 1174 2112 quidem
1197 2069 1304 2101 civiles
1327 2073 1491 2111 apparent,
1507 2067 1582 2099 alias
1597 2067 1719 2110 sophis-

249 2132 313 2168 ως
334 2137 560 2168 nonnunquam
584 2126 758 2168 aliquorum
780 2125 930 2168 opinione
950 2125 1053 2156 insani
1080 2134 1203 2166 prorsus
1219 2123 1383 2155 habentur.
1429 2122 1631 2164 Quapropter
1645 2130 1716 2162 per-

249 2181 371 2214 contari
386 2182 470 2212 hunc
485 2180 642 2223 hospitem
666 2179 775 2223 cupio,
791 2180 817 2211 si
833 2180 927 2211 modo
942 2185 1063 2222 gratum
1078 2179 1124 2210 illi
1139 2179 1277 2210 futurum
1301 2177 1351 2214 sit,
1369 2175 1447 2219 quid
1469 2177 1510 2208 de
1527 2176 1576 2207 his
1602 2174 1717 2206 famili-

250 2246 318 2268 ares
344 2235 415 2278 ejus
440 2234 567 2267 Eleates
604 2235 765 2275 sentiaut3
797 2234 874 2277 quid
911 2245 978 2266 esse
1003 2233 1123 2271 dicant,
1156 2233 1254 2275 [217]
1290 2237 1323 2264 et
1346 2231 1507 2273 quomodo
1542 2229 1717 2262 nominent.

247 2289 357 2322 Taso.
381 2289 537 2327 Quaenam
561 2287 648 2321 ista?
691 2288 745 2321 So.
769 2287 961 2330 Sophistam,
984 2287 1126 2330 inquam,
1161 2286 1297 2327 civilem,
1329 2285 1562 2327 philosophum.
1605 2283 1716 2315 Tnso.

248 2342 338 2381 Quid
351 2342 563 2385 potissimum,
579 2347 612 2374 et
633 2342 726 2384 quale
749 2342 831 2374 circa
851 2342 919 2374 haec
942 2341 975 2373 in
998 2342 1228 2373 dubitationem
1245 2340 1333 2372 venit
1346 2339 1592 2381 quaerendumve
1608 2337 1715 2369 existi·

249 2396 342 2428 mas?
386 2395 442 2427 So.
466 2395 552 2437 Hoc,
564 2401 666 2426 utrum
691 2407 788 2427 unum
803 2396 872 2427 haec
888 2396 994 2427 omnia
1009 2405 1049 2426 an
1072 2396 1137 2426 duo
1154 2405 1221 2426 esse
1237 2393 1356 2425 velint:
1383 2403 1436 2430 an,
1450 2391 1715 2434 quemadmodum

248 2449 380 2482 nomina
396 2450 465 2487 tria,
481 2449 539 2481 tria
553 2460 680 2492 quoque
706 2460 821 2492 genera
843 2449 1086 2492 distinguentes,
1102 2449 1227 2491 singula
1249 2447 1377 2479 nomina
1399 2446 1564 2489 generibus
1586 2444 1717 2487 singulis

249 2503 461 2546 ascripserint.
505 2503 617 2536 Timo.
641 2503 740 2536 Nulla
765 2503 894 2542 invidia,
911 2508 946 2536 ut
970 2504 1110 2541 arbitror,
1137 2502 1328 2546 prohibebit,
1344 2511 1407 2544 quo
1431 2501 1534 2532 minus
1547 2500 1615 2531 haec
1630 2497 1719 2530 vobis

248 2562 398 2600 exponat.
421 2562 456 2588 tu
472 2568 544 2589 vero
567 2558 645 2601 quid
671 2558 729 2596 ais,
753 2558 893 2601 hospes?
938 2557 1004 2591 Ηο.
1027 2558 1123 2596 Quod
1145 2562 1179 2588 et
1202 2561 1248 2588 tu.
1265 2556 1353 2587 nulla
1368 2559 1450 2587 certe
1466 2553 1597 2591 invidia,
1613 2562 1717 2594 neque

249 2611 339 2644 dictu
354 2610 481 2643 difficile
497 2616 557 2654 est,
571 2612 658 2654 quod
682 2613 743 2644 tria
764 2623 832 2644 esse
855 2613 1032 2654 putaverint
1046 2623 1054 2644 :
1079 2610 1259 2653 singulatim
1276 2621 1348 2641 vero
1376 2609 1580 2650 distinguere,
1595 2611 1628 2638 et
1641 2606 1718 2648 quid

247 2666 495 2708 unumquodque
509 2665 551 2697 sit
564 2665 707 2708 definire,
721 2677 824 2709 neque
840 2677 967 2708 parvum
985 2677 1064 2708 opus
1075 2670 1123 2698 est
1132 2675 1234 2707 neque
1246 2663 1351 2696 facile.
1396 2662 1446 2694 ΤΗ
1453 2672 1507 2694 so.
1530 2661 1569 2692 In
1582 2660 1715 2692 eandem

246 2720 329 2752 forte
343 2720 560 2761 quaestionem,
576 2731 595 2751 o
618 2720 774 2758 Socrates,
790 2720 944 2761 incidisti,
958 2721 992 2752 in
1016 2730 1109 2763 quam
1134 2725 1167 2751 et
1191 2729 1261 2756 nos,
1278 2724 1447 2759 antequam
1470 2716 1532 2747 huc
1553 2713 1718 2746 accedere-

246 2783 330 2815 mus,
349 2773 401 2804 hic
416 2778 519 2805 autem
536 2783 607 2815 quae
624 2774 680 2806 tibi
697 2785 796 2812 nunc,
811 2775 931 2819 eadem*
939 2779 1014 2806 tunc
1030 2775 1121 2807 nobis
1136 2773 1313 2815 respondit,
1332 2771 1457 2802 audisse
1481 2779 1514 2801 se
1538 2767 1664 2810 quidem
1685 2770 1718 2798 et

246 2827 412 2859 recordari.
455 2827 511 2859 So.
534 2827 574 2858 In
591 2838 628 2859 eo
652 2828 756 2871 igitur,
785 2830 869 2871 quod
899 2830 1030 2871 primum
1055 2828 1242 2871 rogavimus,
1266 2824 1432 2869 gratificari
1456 2821 1547 2854 nobis
1569 2821 1680 2858 debes,
1694 2830 1714 2852 ο

246 2881 375 2923 hospes.
419 2880 536 2913 Verum
554 2881 644 2914 nobis
660 2882 692 2913 id
709 2883 741 2914 in
758 2883 864 2925 primis
881 2883 1016 2920 declara,
1032 2888 1134 2914 utrum
1162 2892 1218 2924 per
1243 2886 1275 2912 te
1298 2880 1367 2922 ipse
1391 2880 1543 2920 perpetus
1564 2874 1718 2912 untione,

249 2935 335 2977 quod
350 2935 462 2967 inferre
478 2935 586 2973 velles,
602 2947 759 2979 exponere
787 2938 998 2976 consueveris,
1023 2948 1062 2969 an
1081 2935 1185 2980 potius
1204 2932 1436 2976 interrogando,
1451 2928 1716 2973 quemadmodum

253 2989 374 3022 solebat
388 2989 593 3022 Parmenides
607 3001 615 3023 ε
640 3001 734 3033 quem
751 3002 810 3035 ego
827 2992 1011 3026 adolescens
1028 2991 1134 3025 audivi
1149 2990 1307 3035 quondam
1321 2988 1366 3021 its
1380 2986 1592 3029 disputantem
1611 2982 1719 3016 admo-
