1846 3268
282 302 363 342 296
882 300 1150 342 PLAToNrs
1658 307 1757 359 [286

283 404 451 439 nav-:ltin
466 416 516 437 me
533 405 689 442 moliatur,
710 403 806 437 modo
829 403 982 446 optimum
1005 405 1104 437 virum
1125 403 1251 436 efficiat.
1293 403 1467 447 Ctesippus
1489 416 1619 450 quoque
1633 407 1760 451 inquit:

285 459 354 502 Ego
369 459 458 497 item,
471 471 492 491 o
506 459 661 495 Socrates,
679 457 831 500 meipsum
847 457 1005 499 hospitum
1017 458 1174 490 voluntati
1185 458 1347 491 committo
1363 470 1372 499 ;
1387 464 1421 491 et
1436 460 1463 492 si
1479 471 1528 492 me
1541 462 1638 504 magis
1649 462 1758 501 etiam,

283 524 377 556 quam
393 524 490 551 nunc,
504 513 661 545 excoriare
676 512 785 550 velint,
801 512 980 544 excorient:
1004 513 1030 544 si
1046 513 1142 544 modo
1157 512 1248 554 pellis
1266 513 1340 545 mihi
1355 525 1425 546 mea
1442 525 1507 546 non
1520 515 1553 547 in
1570 520 1668 548 utrem
1681 527 1759 549 con·

287 573 433 609 vertatur,
457 572 493 599 ut
515 568 668 610 Marsyae,
695 567 750 598 sed
776 567 809 598 in
833 566 989 600 virtutem.
1036 566 1140 609 Atqui
1165 572 1257 609 putat
1280 568 1526 612 Dionysodorus
1547 569 1599 602 hic
1626 570 1686 613 ipsi
1708 581 1760 602 me

283 632 480 660 succensere,
494 631 554 664 ego
570 626 675 653 autem
691 632 756 653 non
769 631 941 653 succenseo
956 619 1097 663 quidem,
1110 621 1165 652 sed
1181 621 1331 654 adversus
1343 623 1400 654 illa
1412 623 1497 662 dico,
1509 635 1580 666 quae
1590 625 1623 656 in
1635 635 1686 657 me
1695 635 1760 658 non

282 681 367 708 recte
390 676 417 708 is
443 676 592 718 loquitur.
635 676 685 708 Tu
709 686 794 717 vero,
819 675 1059 718 Dionysodore,
1082 675 1365 708 contradictionem
1391 677 1493 720 ipsam
1522 689 1564 710 ne
1585 679 1760 712 convitium

284 730 442 763 nomines.
465 730 552 762 aliud
568 740 705 772 namque
727 735 776 762 est
791 729 1019 767 contradicere,
1043 729 1128 761 aliud
1145 740 1216 761 vero
1232 730 1408 764 convitiari.
1452 731 1505 764 Ad
1529 733 1599 764 haec
1622 732 1764 774 conjecit

285 784 542 828 Dionysodorus,
554 784 647 816 Itane
663 789 696 815 tu
713 785 753 816 de
768 783 1014 816 contradicendo
1030 783 1177 826 loqueris,
1201 784 1292 826 quasi
1314 784 1355 816 sit
1377 785 1496 827 aliquid
1520 786 1760 819 contradicere?

283 839 427 871 Maxime
456 838 597 881 quidem,
629 838 800 880 Ctesippus
831 838 887 870 ait.
911 843 944 869 tu
975 849 1048 870 vero
1079 849 1144 869 non
1170 844 1262 880 putas
1281 849 1349 870 esse
1375 839 1496 882 aliquid
1524 840 1762 872 contradicere?

283 892 462 935 Neque—tu,
477 892 641 934 respondit
663 892 918 935 Dionysodorus,
931 892 1014 924 istud
1031 890 1224 930 ostenderes,
1250 901 1321 924 cum
1348 903 1508 935 nunquam
1525 893 1656 926 alterum
1670 894 1762 926 alteri

284 947 552 979 contradicentem
569 947 737 978 audiveris.
781 946 867 978 Vera
893 947 1041 988 loqueris,
1067 947 1123 978 ait.
1146 947 1201 978 sed
1225 947 1389 978 audiamus
1412 947 1444 978 in
1461 948 1639 989 praesentia,
1654 948 1680 980 si
1702 948 1761 980 tibi

283 1002 464 1034 demonstro
495 1000 683 1043 Ctesippum
711 1000 938 1042 Dionysodoro
963 1000 1243 1032 contradicentem.
1288 1000 1444 1042 Nunquid
1468 1011 1642 1033 sermonem
1666 1002 1762 1045 hujus

286 1056 334 1088 vis
348 1055 517 1098 polliceri?
540 1056 683 1097 Prorsus,
698 1055 754 1087 ait.
779 1055 915 1093 Suntne,
931 1055 1048 1096 inquit,
1063 1055 1233 1096 unicuique
1250 1065 1349 1086 rerum
1365 1065 1522 1087 sermones
1534 1055 1734 1098 rationesque
1747 1057 1760 1088 ?

284 1110 379 1144 Sunt.
424 1110 471 1142 Ut
496 1115 544 1142 est
571 1120 768 1152 unaquaeque
797 1120 857 1147 res,
886 1119 926 1141 an
954 1114 990 1140 ut
1018 1119 1082 1140 non
1111 1109 1183 1140 est?
1228 1108 1275 1140 Ut
1298 1114 1356 1140 est.
1402 1108 1435 1140 Si
1455 1109 1637 1148 recordaris,
1661 1109 1761 1154 [286]

285 1164 449 1206 Ctesippe‚
465 1164 520 1204 ait,
537 1164 632 1206 paulo
649 1168 722 1196 ante
739 1162 979 1195 monstravimus
995 1163 1152 1194 neminem
1176 1163 1261 1205 quod
1279 1173 1343 1194 non
1358 1167 1408 1194 est
1426 1163 1543 1196 dicere.
1566 1164 1652 1206 quod
1674 1164 1761 1196 enim

283 1229 349 1251 non
364 1224 424 1256 est,
438 1219 544 1252 nullus
559 1219 664 1250 dicere
686 1218 778 1250 nobis
793 1218 951 1260 apparuit.
997 1217 1084 1255 Quid
1110 1218 1200 1249 tum?
1226 1217 1396 1260 Ctesippus
1412 1217 1468 1250 ait.
1514 1218 1590 1260 quid
1616 1218 1763 1261 prohibet

284 1274 357 1316 hoc,
370 1284 434 1316 quo
450 1273 552 1305 minus
567 1284 627 1315 ego
642 1278 677 1304 et
692 1278 724 1304 tu
747 1272 999 1304 contradicamus
1012 1273 1024 1303 ?
1067 1272 1148 1303 Tum
1172 1272 1263 1312 alter,
1285 1272 1399 1303 Utrum
1415 1272 1711 1311 contradiceremus,
1733 1273 1760 1305 si

284 1327 408 1369 utrique
420 1327 561 1369 ejusdem
575 1328 620 1360 rei
634 1338 808 1359 sermonem
824 1327 975 1358 rationem
993 1326 1264 1368 vecogitaremus?
1294 1337 1334 1358 an
1347 1326 1452 1368 potius
1468 1326 1513 1358 sic
1522 1327 1634 1358 eadem
1649 1327 1759 1369 loque-

283 1382 407 1414 remur?
454 1381 634 1414 Consensit.
680 1381 731 1413 An
748 1381 828 1413 forte
842 1391 912 1412 cum
929 1385 1040 1412 neuter
1055 1379 1100 1412 rei
1113 1380 1264 1412 rationem
1281 1380 1409 1421 profert,
1420 1380 1554 1412 invicem
1569 1379 1759 1413 contradici-

283 1435 376 1469 mus?
399 1436 449 1468 vel
472 1436 517 1467 sic
539 1441 650 1466 neuter
676 1435 719 1466 rei
743 1434 846 1477 ipsius
872 1433 1064 1466 mentionem
1088 1434 1226 1466 faceret?
1271 1433 1310 1464 Id
1334 1443 1461 1476 quoque
1475 1434 1612 1466 admisit.
1654 1433 1759 1471 Num,

283 1490 401 1532 inquit,
416 1500 488 1522 curn
503 1500 563 1531 ego
578 1489 622 1521 rei
645 1490 795 1522 rationem
819 1487 1006 1530 pronuncio,
1030 1493 1064 1519 tu
1090 1498 1162 1519 vero
1185 1487 1311 1519 alterius
1334 1486 1512 1529 cujusdam,
1534 1492 1610 1520 tunc
1631 1488 1759 1520 demum

284 1544 551 1576 contradicimus?
574 1543 624 1574 vel
650 1543 757 1585 potius
780 1553 840 1584 ego
866 1547 942 1573 tune
956 1551 1021 1572 rem
1043 1541 1127 1578 dico,
1152 1545 1186 1572 tu
1209 1546 1313 1571 autem
1336 1541 1465 1572 omnino
1488 1551 1551 1572 nou
1568 1540 1672 1573 dicis?
1694 1551 1760 1573 non

285 1598 394 1630 dicens
409 1602 514 1629 autem
529 1597 647 1630 dicenti
663 1597 822 1639 quomodo
839 1595 1090 1628 contradiceret?
1136 1594 1190 1626 Ad
1206 1595 1274 1626 haec
1290 1594 1461 1637 Ctesippus
1477 1594 1645 1630 obmutuit.
1689 1596 1760 1639 Ego

285 1657 390 1684 autem
406 1651 576 1684 admiratus
599 1663 670 1695 quae
693 1651 891 1689 dicebantur,
919 1650 1005 1691 Qua,
1029 1649 1171 1691 inquam,
1192 1649 1310 1680 ratione
1333 1649 1419 1680 istud
1434 1649 1492 1691 ais,
1507 1648 1759 1692 Dionysodore?

283 1707 456 1749 Equidem,
482 1717 553 1739 cum
579 1716 751 1738 sermonem
777 1703 958 1746 hujusmodi
984 1714 1198 1745 saepenumero
1226 1714 1263 1734 ex
1290 1702 1399 1735 multis
1424 1703 1608 1741 audiverim,
1635 1714 1761 1746 semper

285 1760 432 1794 admirari
456 1759 554 1792 soleo.
575 1761 661 1792 hunc
691 1759 848 1801 siquidem
877 1758 1057 1799 Protagoras
1085 1762 1268 1798 sectatores,
1295 1757 1402 1799 eisque
1428 1757 1522 1789 etiam
1553 1756 1762 1800 antiquiores,
1802 1763 1805 1768 '

286 1816 464 1856 frequenter
479 1824 627 1856 usurpare
651 1817 892 1845 consueverunt.
938 1812 1022 1844 Mihi
1045 1822 1116 1844 vero
1137 1822 1261 1854 semper
1287 1811 1436 1843 mirabilis
1451 1812 1534 1844 visus
1549 1815 1608 1850 est,
1625 1811 1761 1854 talisque

287 1880 368 1910 esse,
383 1874 419 1901 ut
434 1874 467 1900 et
480 1868 559 1901 alios
574 1874 606 1900 et
628 1879 661 1900 se
675 1868 780 1910 ipsum
796 1872 966 1910 pervertat.
1009 1865 1096 1898 Reor
1109 1870 1214 1898 autem
1238 1866 1400 1897 veritatem
1417 1865 1517 1908 ipsius
1531 1877 1580 1898 me
1595 1877 1680 1898 nunc
1702 1867 1759 1898 abs

288 1929 319 1956 te
335 1923 532 1966 potissimum
559 1923 749 1955 auditurum.
772 1933 846 1953 num
863 1921 922 1952 sibi
949 1921 980 1952 id
997 1921 1065 1952 vult
1086 1930 1198 1962 sermo,
1222 1925 1257 1951 ut
1271 1919 1355 1951 falsa·
1364 1921 1469 1952 dicere
1482 1919 1677 1962 impossibile
1703 1921 1758 1959 sit,

288 1982 495 2020 oporteatque
517 1977 604 2009 illum
630 1977 686 2018 qui
709 1977 859 2018 loquitur,
883 1986 956 2007 vera
982 1975 1118 2017 proferre
1138 1975 1188 2006 vel
1215 1975 1345 2006 omnino
1368 1985 1433 2006 non
1448 1974 1560 2017 loqui?
1604 1974 1761 2008 Assemit.

287 2032 400 2066 Utrum
416 2032 492 2064 falsa
507 2031 594 2074 loqui
617 2031 744 2073 quidem
767 2029 963 2072 impossibile
988 2035 1047 2070 est,
1075 2027 1197 2071 opinari
1224 2039 1295 2060 vero
1323 2028 1401 2059 salsa
1424 2028 1599 2071 possibile?
1642 2029 1759 2072 Neque

288 2087 422 2129 opinari,
448 2086 565 2128 inquit.
609 2085 692 2127 Ergo
718 2085 805 2116 nulla
830 2089 890 2122 est,
916 2084 1055 2126 inquam,
1082 2084 1160 2115 falsa
1182 2083 1304 2125 opinio.
1347 2082 1447 2114 Nulla
1462 2093 1598 2124 prorsus.
1643 2082 1760 2125 Neque

286 2142 413 2174 inscitia
431 2141 570 2183 insuper,
584 2151 688 2182 neque
702 2140 844 2171 homines
866 2139 968 2171 inscii.
991 2149 1030 2169 an
1046 2149 1110 2169 non
1135 2136 1260 2169 inscitia
1281 2141 1375 2174 esset,
1397 2137 1423 2167 si
1440 2137 1533 2168 modo
1556 2142 1639 2168 esset
1660 2138 1761 2177 istud,

288 2197 330 2228 de
344 2197 436 2229 rebus
450 2195 573 2227 scilicet
595 2195 674 2226 falsa
696 2194 833 2226 sentire?
880 2193 1031 2224 Omnino.
1078 2192 1167 2223 Istud
1193 2196 1298 2223 autem
1323 2201 1387 2222 non
1414 2195 1472 2227 est,
1496 2190 1636 2233 inquam.
1681 2190 1759 2224 Non

289 2255 386 2288 certe,
401 2250 564 2291 respondit
577 2248 640 2280 ille.
664 2247 939 2280 confabulandine
955 2246 1066 2288 gratia,
1080 2258 1100 2278 o
1116 2246 1353 2288 Dionysodore,
1368 2245 1436 2276 lraec
1451 2245 1588 2287 inducis,
1603 2249 1639 2276 ut
1649 2245 1759 2276 mirum

289 2304 410 2346 aliquid
425 2304 564 2336 inseras?
588 2313 629 2335 an
651 2313 683 2334 re
707 2313 779 2334 vera
801 2303 859 2334 tibi
876 2301 1000 2334 videtur
1022 2301 1128 2332 nullus
1150 2299 1310 2331 hominum
1334 2298 1453 2331 inscius
1474 2299 1568 2331 esse?
1611 2298 1658 2330 At
1678 2298 1761 2340 ipse,

287 2359 405 2401 inquit,
418 2357 536 2391 refelle.
580 2356 632 2389 An
647 2357 748 2390 refelli
758 2357 927 2398 quicquam
943 2361 1060 2398 potest,
1073 2366 1144 2388 curn
1160 2365 1266 2391 nemo,
1282 2359 1316 2385 ut
1331 2353 1452 2389 asseris,
1466 2351 1658 2384 mentiatur?
1680 2351 1758 2384 Non

289 2417 406 2454 potest,
420 2411 641 2454 Euthydemus
655 2411 710 2443 ait.
755 2411 836 2442 Tum
853 2410 1115 2453 Dionysodorus:
1141 2408 1216 2439 Non
1227 2407 1308 2449 jussi
1324 2406 1428 2448 igitur,
1444 2411 1479 2438 ut
1494 2405 1660 2439 refelleres.
1683 2416 1757 2438 nam

290 2477 354 2509 quo
370 2471 464 2508 pacto
479 2466 549 2508 quis
563 2466 649 2507 quod
666 2475 728 2496 non
751 2471 812 2506 est,
830 2464 964 2506 jubeat?
1012 2464 1040 2495 O
1071 2458 1282 2505 Eutlrydeme,
1306 2461 1447 2503 iuquam,
1474 2460 1552 2492 scita
1573 2461 1640 2492 haec
1662 2465 1759 2503 atque

290 2520 440 2562 praeclara
462 2519 547 2553 haud
571 2520 703 2551 multum
730 2519 850 2556 edisco,
875 2519 930 2551 sed
955 2517 1043 2561 quasi
1068 2517 1179 2548 cursim
1204 2512 1338 2557 attingo.
1361 2514 1489 2545 forsitan
1503 2525 1577 2556 ergo
1593 2525 1757 2546 onerosum

291 2574 378 2616 quod
393 2574 509 2616 rogabo
523 2585 531 2605 ε
557 2574 611 2606 sed
627 2574 767 2616 ignosce,
782 2574 922 2605 obsecro.
945 2573 1030 2605 Vide
1042 2572 1166 2609 amabo,
1179 2571 1203 2602 si
1215 2581 1318 2611 neque
1330 2569 1455 2600 mentiri
1467 2568 1630 2611 quisquam
1643 2573 1759 2611 potest,

291 2638 396 2670 neque
421 2628 517 2670 [287]
542 2628 663 2670 opinari
684 2628 773 2666 salsa,
788 2639 891 2670 neque
913 2626 1031 2659 inscius
1054 2636 1143 2658 esse:
1168 2635 1260 2656 nemo
1286 2623 1381 2655 etiam
1396 2623 1471 2654 dum
1495 2622 1575 2665 agit,
1588 2622 1758 2665 quicquam

290 2683 429 2715 aberrare
445 2687 559 2724 potest.
575 2682 679 2714 nullus
694 2682 778 2715 enim
793 2683 836 2714 ab'
847 2693 885 2713 eo
899 2681 987 2724 quod
1003 2680 1082 2722 agit,
1097 2680 1229 2711 aberrat.
1254 2687 1359 2709 nonne
1375 2677 1420 2708 ita
1435 2675 1562 2708 dicitis?
1587 2675 1635 2707 Ita
1651 2675 1758 2718 plane.

290 2736 371 2769 Haec
395 2740 454 2774 est,
479 2735 621 2777 inquam,
646 2747 777 2769 onerosa
801 2736 856 2769 illa
880 2735 1023 2778 quaestio.
1069 2734 1103 2766 Si
1128 2734 1211 2765 enim
1237 2743 1300 2764 non
1326 2741 1461 2763 erramus
1482 2741 1633 2772 unquam,
1655 2740 1757 2772 neque

290 2791 416 2832 agendo
431 2800 534 2831 neque
550 2790 708 2832 loquendo
724 2802 827 2833 neque
842 2791 935 2823 etiam
953 2789 1135 2832 cogitand0‚
1151 2788 1303 2830 quidnam
1319 2797 1374 2818 vos
1388 2786 1449 2818 liuc
1465 2783 1588 2816 docturi
1603 2783 1755 2815 venistis?

290 2855 332 2877 an
346 2855 411 2876 non
426 2854 520 2885 supra
534 2845 763 2886 praedicabatis,
776 2856 832 2877 vos
849 2855 912 2887 prae
927 2844 1037 2876 ceteris
1053 2843 1199 2876 omnibus
1215 2841 1333 2883 optime
1347 2840 1494 2871 virtutum
1510 2837 1628 2871 volenti
1641 2838 1756 2880 cuique

292 2898 482 2931 tradituros?
526 2897 635 2940 Usque
660 2900 741 2931 adeo
767 2909 865 2931 vanus
888 2909 935 2939 es,
960 2909 979 2929 o
1005 2899 1159 2934 Socrates,
1186 2895 1289 2937 inquit
1313 2893 1566 2943 Dionysodorus,
1586 2896 1621 2924 ut
1644 2902 1716 2934 quie
1737 2890 1758 2924 a

293 2952 447 2994 principio
475 2951 621 2990 diximus,
647 2953 850 2986 reminiscaris
870 2963 977 2985 nunc:
1002 2957 1036 2984 et
1058 2952 1086 2984 si
1109 2951 1186 2993 quid
1213 2948 1364 2992 superiori
1391 2957 1476 2980 anno
1503 2946 1645 2985 dixerim,
1672 2957 1756 2979 nunc

293 3015 419 3048 quoque
435 3005 476 3038 sis
491 3007 704 3040 recordaturus
718 3018 727 3039 ι
750 3008 798 3040 llis
813 3013 928 3049 autem,
943 3017 1012 3049 quae
1029 3007 1059 3038 in
1088 3004 1252 3048 praescntia
1268 3003 1352 3036 dicta
1367 3007 1452 3041 sunt,
1467 3001 1627 3044 quomodo
1652 3001 1758 3039 utaris,
