1846 3268
287 275 370 314 ποτ
883 273 1150 314 PLATONIS
1657 276 1758 327 [475

289 382 456 425 responde,
470 391 588 423 quaeso.
634 380 719 412 Por..
742 377 894 421 Injuriam
911 381 1023 414 facere.
1071 381 1124 412 So.
1147 379 1265 412 Nonne
1277 384 1310 412 et
1323 379 1427 423 pejus,
1442 379 1469 412 si
1485 379 1629 423 turpius?
1675 380 1761 413 1’01..

288 436 437 468 Minime.
482 436 539 467 So.
561 434 710 476 Intelligo
721 433 800 475 jam.
826 444 940 476 nempe
966 445 1029 466 nou
1052 440 1158 476 putas,
1175 440 1209 466 ut
1230 435 1365 472 videtur,
1392 434 1475 466 idem
1501 446 1569 466 esse
1594 434 1759 477 pulchrum

288 494 383 532 atque
400 490 529 527 bonum,
546 489 693 530 idemque
709 493 800 530 turpe
815 493 911 530 atque
928 489 1054 520 malum.
1101 489 1188 522 Pon.
1211 489 1286 520 Non
1302 493 1396 521 certe.
1442 489 1499 520 So.
1522 489 1610 526 Quid
1630 493 1733 520 autern
1747 487 1759 519 ἓ

288 544 420 584 pulchra
441 543 558 580 onmia,
586 542 708 574 scilicet
735 552 877 583 corpora,
892 542 1025 582 colores,
1049 542 1175 584 figuras,
1189 554 1293 580 voces,
1317 543 1435 582 studia,
1461 543 1606 584 nunquid
1627 542 1695 583 ipse
1718 542 1759 573 ad

289 597 367 627 nihil
392 596 574 638 respiciens,
592 596 723 637 pulchra
745 595 900 634 nominas,
916 606 956 626 an
983 596 1022 626 ad
1047 596 1192 637 aliquid?
1216 602 1252 628 ut
1271 608 1346 629 ecce
1362 597 1460 638 primo
1480 597 1609 638 quidem
1630 606 1761 637 corpora

288 650 430 691 pulchra,
446 660 551 681 nonne
565 655 620 681 aut
635 654 763 691 propter
778 648 943 680 utilitatem
961 649 1040 680 dicis
1056 660 1123 680 esse
1140 650 1280 692 pulchra,
1297 655 1391 691 atque
1405 651 1443 681 ad
1461 650 1491 681 id
1517 650 1646 692 pulchra
1667 648 1760 691 cujus

289 703 358 734 usui
375 703 533 735 serviunt:
558 708 612 734 aut
636 707 766 745 propter
791 702 927 743 aliquam
950 702 1158 744 voluptatem,
1174 703 1323 735 videlicet
1348 704 1434 745 quod
1458 704 1620 736 delectent
1644 703 1759 744 aspici-

288 758 401 789 entes?
449 757 500 789 An
526 758 622 788 habes
646 762 795 798 praeterea
820 756 992 797 quidquam
1018 757 1117 793 aliud,
1134 758 1220 798 quod
1235 757 1276 788 de
1292 758 1429 798 corporis
1447 757 1682 799 pulchritudine
1697 755 1762 790 dici

290 811 411 853 possit?
457 812 540 843 POL.
563 811 651 842 Nihil
668 811 766 842 aliud.
810 811 867 842 So.
891 809 1008 842 Nonne
1034 815 1067 841 et
1091 810 1155 841 alia
1175 810 1317 842 similiter
1332 812 1449 849 omnia,
1466 811 1532 842 sive
1548 810 1673 853 figuras,
1692 809 1759 841 sive

286 866 420 907 colores,
435 867 484 898 vel
502 871 628 908 propter
642 865 778 906 aliquam
795 864 988 906 voluptatem
1005 864 1055 896 vel
1066 865 1232 896 utilitatem
1246 870 1300 896 aut
1312 870 1442 906 utraque
1454 865 1582 907 pulchra
1593 864 1735 907 appellas
1748 863 1760 894 ?

288 920 374 952 Por„
396 921 447 951 Ita
463 931 599 963 prorsus.
641 920 699 951 So.
724 919 765 950 Et
780 929 872 950 voces
889 923 1051 961 praeterea,
1067 924 1100 950 et
1113 930 1184 960 quae
1209 920 1249 950 ad
1278 919 1429 951 musicam
1451 920 1622 962 pertinent,
1644 922 1761 950 cuncta

287 974 448 1005 similiter?
494 974 578 1007 Pon.
603 974 665 1006 Ita.
711 973 767 1004 So.
792 973 879 1010 Quin
895 973 989 1004 etiarn
1011 978 1130 1004 statuta
1151 974 1255 1015 legum
1271 978 1303 1005 et
1317 974 1421 1005 studia
1435 984 1500 1004 non
1520 974 1562 1005 ob
1576 973 1668 1004 aliam
1684 982 1760 1004 cau-

288 1039 352 1059 sam
370 1029 500 1070 pulchra
515 1033 599 1066 sunt,
615 1038 708 1069 quam
723 1027 809 1068 quod
827 1032 881 1058 aut
896 1027 1063 1059 conferunt
1075 1032 1131 1059 aut
1145 1027 1305 1059 delectant
1327 1031 1382 1059 aut
1397 1033 1563 1069 utrumque
1578 1026 1760 1069 perficiunt.

287 1082 374 1115 Ροι.
397 1083 448 1114 Ob
465 1083 556 1114 aliam
572 1087 655 1114 certe
670 1082 801 1114 nullam.
847 1081 904 1113 So.
927 1080 1076 1123 Denique
1092 1082 1132 1113 de
1155 1081 1252 1123 [475]
1275 1081 1509 1124 disciplinarum
1527 1080 1760 1124 pulchritudine

285 1136 370 1169 idem
400 1137 633 1169 existimamus?
690 1136 774 1168 Pot..
809 1135 900 1168 Idem
929 1145 1067 1177 prorsus.
1090 1141 1123 1167 ct
1151 1135 1281 1177 pulchre
1311 1136 1440 1177 quidem
1469 1146 1556 1168 nunc
1585 1134 1711 1173 definis,
1738 1145 1759 1166 o

285 1191 441 1232 Socrates,
453 1192 617 1234 pulchrum
631 1190 844 1223 delectatione
865 1195 899 1221 et
922 1190 1007 1221 bono
1029 1189 1212 1222 conferente
1234 1190 1418 1224 definiens„
1444 1190 1503 1222 So.
1524 1189 1641 1222 Nonne
1667 1195 1759 1231 turpe

286 1247 455 1287 contrario,
470 1246 589 1278 scilicet
603 1245 712 1277 dolore
727 1255 763 1276 ac
779 1244 873 1281 malo,
884 1243 920 1275 id
932 1249 992 1283 est,
1008 1244 1211 1281 detrimento,
1226 1244 1442 1276 definiendum
1456 1245 1467 1276 ἓ
1513 1244 1598 1278 PoL.
1618 1243 1760 1277 Necesse

287 1305 344 1332 est.
393 1300 449 1332 So.
474 1300 630 1338 Quotiens
646 1299 740 1342 igitur
754 1309 773 1330 e
797 1299 921 1330 duobus
940 1298 1078 1340 pulchris
1102 1298 1231 1330 alterum
1254 1299 1416 1340 pulchrius
1437 1302 1497 1337 est,
1512 1298 1563 1330 vel
1577 1298 1675 1330 altero
1689 1297 1760 1330 iuo-

286 1365 354 1385 rum
369 1359 424 1385 aut
438 1355 590 1386 ambobus
601 1354 759 1386 excedens
774 1353 935 1396 pulchrius
950 1357 1010 1391 est,
1032 1352 1153 1384 scilicet
1167 1358 1222 1384 aut
1236 1353 1448 1385 delectatione
1469 1358 1525 1384 aut
1546 1352 1682 1384 utilitate
1705 1357 1760 1384 aut

288 1409 451 1440 ambobus.
497 1408 583 1441 Pon.
605 1409 746 1440 Prorsus.
791 1407 847 1439 So.
873 1406 995 1438 Rursus
1018 1408 1146 1448 quando
1170 1407 1304 1438 duorum
1326 1407 1464 1449 turpium
1491 1406 1622 1439 alterum
1638 1407 1761 1448 turpius

287 1467 346 1499 est,
373 1462 423 1494 vel
440 1462 548 1495 dolore
564 1462 612 1494 vel
629 1462 818 1494 detrimento
844 1462 999 1493 excedens
1025 1467 1073 1492 est
1095 1461 1226 1503 turpius.
1250 1472 1290 1492 an
1313 1472 1377 1493 non
1404 1472 1532 1493 necesse
1555 1462 1627 1493 est?
1671 1461 1760 1494 Pon.

285 1515 348 1547 Ita.
392 1518 450 1549 So.
472 1516 543 1559 Age
569 1517 687 1558 itaque,
709 1515 869 1558 quomodo
895 1515 991 1556 paulo
1010 1520 1083 1546 ante
1107 1516 1148 1547 de
1176 1515 1343 1547 inferenda
1364 1516 1614 1559 accipiendaque
1643 1514 1760 1558 injuria

286 1570 463 1612 dicebatur,
478 1581 518 1602 an
534 1581 598 1602 non
611 1570 737 1602 dicebas
753 1570 820 1612 pati
836 1568 981 1611 injuriam
1006 1579 1074 1601 esse
1099 1569 1247 1605 deterius,
1271 1569 1374 1601 facere
1391 1580 1462 1601 vero
1482 1570 1629 1612 turpius?
1674 1570 1761 1602 Pox..

290 1624 445 1656 Dicebam
462 1625 622 1666 equidem.
667 1625 723 1658 So.
748 1624 782 1656 Si
797 1634 870 1666 ergo
885 1624 987 1655 facere
1003 1623 1124 1666 turpius
1139 1629 1187 1655 est
1201 1634 1295 1665 quam
1320 1623 1387 1666 pati
1401 1635 1408 1655 :
1433 1628 1488 1656 aut
1510 1624 1675 1656 molestum
1691 1624 1763 1666 qui-

288 1679 359 1710 dem
375 1685 436 1722 est,
452 1689 488 1711 ac
505 1679 648 1711 molestia
663 1688 814 1721 superans
835 1678 957 1719 turpius
977 1683 1036 1715 est,
1061 1683 1116 1709 aut
1131 1678 1330 1715 detrimento,
1346 1683 1401 1709 aut
1422 1678 1582 1720 utrisque?
1604 1688 1710 1710 nonne
1724 1678 1762 1710 id

286 1733 382 1765 etiam
392 1734 622 1765 necessarium?
667 1733 752 1764 Por„
775 1732 921 1771 Quidni?
966 1732 1022 1765 So.
1047 1732 1153 1764 Primo
1168 1733 1297 1774 quidem
1311 1732 1608 1771 consideremus‚an
1619 1732 1764 1764 molestia

287 1793 426 1830 superet,
441 1788 634 1829 doleantque
651 1786 749 1830 magis
764 1787 817 1828 qui
834 1786 972 1817 inferunt
987 1796 1081 1827 quam
1099 1785 1154 1827 qui
1169 1785 1334 1827 patiuntur
1347 1785 1509 1827 injuriam.
1553 1785 1638 1820 1²01..
1662 1785 1760 1818 Nullo

285 1847 380 1884 pacto
395 1842 493 1880 istud,
508 1852 527 1873 o
543 1842 698 1873 Socrates.
741 1841 798 1874 So.
821 1840 929 1878 Quare
944 1850 1008 1871 non
1022 1839 1148 1871 excedit
1158 1839 1277 1871 dolore.
1322 1839 1408 1872 Pon.
1431 1839 1509 1872 Non
1524 1845 1667 1883 apparet.
1700 1841 1759 1878 so.

285 1896 319 1926 Si
336 1905 398 1926 non
413 1895 534 1932 dolore,
550 1906 610 1927 nec
624 1895 719 1927 etiam
745 1895 909 1927 ambobus.
954 1894 1038 1925 Pon.
1062 1893 1138 1924 Non
1153 1893 1286 1924 videtur.
1330 1893 1386 1925 So.
1409 1893 1493 1936 Ergo
1516 1894 1627 1928 altero.
1669 1895 1757 1928 Por..

285 1949 407 1982 Altero.
450 1950 506 1983 So.
529 1950 620 1980 Malo
646 1949 741 1990 igitur
767 1953 863 1990 atque
888 1948 1090 1979 detrimento.
1135 1947 1222 1980 Por..
1255 1947 1411 1989 Apparet.
1458 1947 1513 1980 So.
1546 1949 1757 1986 Quamobrem

284 2003 431 2046 injurIam
446 2005 549 2036 facere
564 2004 720 2035 excedens
735 2003 924 2034 detrimento
946 2002 1083 2033 deterius
1111 2002 1181 2038 erit,
1198 2012 1292 2043 quam
1317 2002 1395 2043 pati.
1440 2001 1525 2034 Por..
1547 2002 1757 2034 Manifestum

285 2065 345 2091 est.
375 2059 431 2092 So.
456 2058 572 2091 Nonne
589 2063 650 2090 eta
666 2057 771 2088 multis
787 2056 967 2088 hominibus
981 2062 1014 2088 et
1029 2056 1126 2087 abste
1138 2066 1232 2097 supra
1239 2056 1483 2094 concedebatur,
1493 2057 1614 2100 turpius
1628 2067 1696 2090 esse
1709 2058 1760 2088 in-

284 2112 363 2144 ferre
377 2112 523 2155 injuriam
547 2123 642 2154 quam
667 2111 836 2154 accipere?
882 2110 967 2143 Pon.
990 2110 1051 2142 Ita.
1098 2110 1155 2142 So.
1178 2109 1211 2141 N
1215 2121 1275 2142 unc
1297 2110 1392 2142 etiam
1416 2111 1563 2152 apparuit
1584 2121 1652 2144 esse
1666 2112 1758 2144 dete-

285 2166 348 2198 rius
362 2167 373 2198 ?
419 2167 505 2201 Pon.
528 2167 698 2210 Apparuit.
743 2166 799 2198 So.
826 2165 1006 2208 Eligeresne
1023 2170 1070 2203 tu,
1086 2176 1106 2196 o
1130 2165 1221 2202 Pole¹
1238 2165 1336 2207 magis
1351 2165 1382 2196 id
1399 2167 1483 2206 quod
1497 2165 1636 2198 deterius
1651 2171 1758 2210 turpe-

285 2231 348 2264 que
363 2226 422 2261 est,
435 2232 528 2264 quam
544 2221 577 2254 id
592 2222 678 2264 quod
695 2221 819 2254 minus?
863 2220 915 2252 Ne
931 2221 1038 2263 pigeat
1050 2220 1251 2262 respondere,
1275 2219 1354 2250 Pole
1369 2230 1376 2251 :
1402 2218 1481 2251 nihil
1504 2220 1589 2252 enim
1611 2221 1758 2254 obfuerit.

287 2276 344 2308 sed
358 2282 388 2308 te
403 2277 519 2308 rationi
535 2282 684 2319 tanquam
701 2275 826 2308 medico
841 2275 1019 2308 committas
1034 2275 1172 2317 ingenue
1187 2286 1194 2305 :
1218 2279 1313 2316 atque
1327 2274 1522 2316 respondens
1545 2279 1601 2306 aut
1617 2276 1758 2315 concede

286 2341 357 2372 quae
373 2331 457 2368 dico,
473 2337 528 2363 aut
541 2342 632 2374 nega.
678 2332 763 2364 Po1..
786 2328 971 2372 Nunquam,
986 2341 1006 2361 o
1021 2330 1176 2366 Socrates,
1191 2329 1276 2360 istud
1292 2328 1454 2371 eligerem.
1498 2328 1554 2361 So.
1577 2328 1669 2361 Alius
1682 2339 1757 2361 vero

285 2385 451 2426 quisquam
476 2386 639 2417 hominum
670 2386 704 2417 id
733 2386 908 2427 reciperet?
953 2384 1037 2417 Pon.
1061 2384 1144 2415 Mihi
1169 2383 1297 2426 quidem
1324 2393 1381 2425 per
1405 2384 1487 2416 hanc
1512 2383 1663 2415 rationem
1689 2393 1757 2415 non

284 2438 408 2470 videtur
425 2439 539 2481 aliquis
551 2445 746 2482 recepturus.
775 2441 831 2473 So.
847 2440 1059 2478 Quamobrem
1069 2449 1141 2470 vera
1149 2438 1306 2476 dicebam,
1316 2447 1420 2480 neque
1431 2448 1480 2470 me
1490 2447 1594 2479 neque
1604 2441 1636 2470 te
1651 2447 1757 2480 neque

286 2493 382 2525 alium
398 2503 578 2535 quenquam
590 2500 788 2537 recepturum
803 2494 906 2527 facere
920 2493 1067 2535 injuriam
1081 2493 1180 2536 magis
1191 2503 1284 2534 quam
1299 2492 1378 2534 pati,
1393 2491 1512 2535 quippe
1527 2502 1599 2524 cum
1614 2491 1656 2523 sit
1669 2491 1759 2523 dete-

283 2547 357 2579 rius.
402 2548 487 2580 Pon.
513 2548 668 2591 Apparet.
712 2549 770 2581 So.
792 2549 893 2581 Vides
914 2559 1001 2590 ergo,
1020 2547 1112 2585 Pole.
1127 2547 1211 2579 facta
1238 2552 1489 2589 argumentorum
1510 2545 1756 2588 comparatione,

283 2612 322 2633 ea
337 2602 418 2633 inter
433 2613 466 2634 se
482 2603 614 2635 maxime
630 2603 817 2646 discrepare.
863 2602 946 2635 Nam
963 2603 1021 2634 tibi
1036 2603 1163 2644 quidem
1179 2602 1233 2633 alii
1251 2606 1361 2644 praeter
1377 2611 1426 2633 me
1449 2610 1558 2632 omnes
1580 2599 1756 2649 assentiun—

284 2661 351 2687 tur:
379 2657 455 2688 mihi
470 2668 543 2689 vero
558 2657 643 2690 solus
660 2659 726 2701 ipse
739 2658 857 2691 sufficis
870 2658 1076 2691 assentiendo
1101 2657 1198 2700 [476]
1222 2662 1318 2698 atque
1341 2655 1560 2695 testificemin
1582 2654 1673 2696 cujus
1696 2665 1757 2696 ego

284 2710 380 2742 solius
408 2711 590 2754 suffragium
616 2713 866 2755 sententiamque
892 2712 1013 2755 rogavi,
1025 2717 1145 2744 ceteros
1162 2722 1235 2745 vero
1259 2711 1397 2744 dimitto.
1442 2709 1552 2751 Atque
1572 2708 1607 2739 id
1630 2707 1759 2750 quidem

228 2804 230 2806 ‚
285 2764 330 2796 sic
346 2764 474 2798 habeto.
518 2765 597 2797 Post
611 2768 678 2799 haec
691 2772 811 2806 autem,
825 2767 912 2809 quod
930 2766 1069 2799 secundo
1086 2766 1158 2798 loco
1174 2765 1411 2803 dubitabamus,
1423 2763 1489 2806 jam
1505 2762 1758 2799 consideremus:

282 2818 397 2850 Utrum
412 2819 612 2862 injuriantem
626 2832 735 2863 poenas
750 2822 824 2854 dare
842 2822 1008 2853 maximum
1024 2821 1064 2852 sit
1080 2821 1243 2856 malorum,
1260 2824 1295 2851 ut
1321 2819 1391 2861 ipse
1413 2818 1566 2861 putabas:
1590 2826 1632 2847 an
1656 2814 1757 2858 majus

284 2875 351 2904 non
366 2873 440 2905 dare
456 2884 575 2916 poenas,
591 2881 627 2906 ut
641 2886 701 2917 ego
717 2877 877 2917 putabam.
924 2875 1166 2908 Consideremus
1182 2879 1286 2906 autem
1309 2875 1371 2904 hoc
1396 2876 1491 2914 pacto
1505 2882 1513 2902 ε
1537 2869 1625 2902 Dare
1649 2879 1759 2912 poenss

281 2926 470 2969 injuriarum
488 2934 583 2970 atque
605 2929 690 2971 juste
715 2931 819 2971 puniri
844 2941 919 2961 num
941 2930 1027 2962 idem
1049 2929 1216 2972 appellas?
1261 2927 1345 2959 Pon.
1369 2926 1481 2959 Idem,
1515 2924 1570 2956 So.
1592 2923 1647 2955 An
1669 2929 1760 2966 potes

285 2991 398 3023 negare
419 2982 507 3023 justa
533 2983 650 3027 omnia,
677 2990 831 3025 quatenus
855 2984 942 3027 justa
968 2989 1052 3022 sunt,
1078 2995 1145 3017 esse
1171 2982 1324 3026 pulchra?
1349 2986 1381 3014 et
1398 2980 1481 3021 vide,
1509 2984 1544 3011 ut
1570 2978 1759 3021 respondes»
