1846 3268
266 248 318 291 96
687 244 954 286 PLATONIS
988 245 1329 287 CHARMIDES.
1635 250 1738 302 [176.

266 352 320 385 me
335 357 438 395 putes.
483 347 564 383 Ciu.
586 349 636 382 En
647 349 844 387 Charmides,
858 349 884 382 sl
899 349 945 382 sic
960 349 1072 392 egeris,
1086 354 1270 392 argumento
1282 348 1366 381 istud
1380 349 1459 382 mibi
1474 350 1544 392 erit,
1558 351 1646 394 quod
1660 357 1740 384 tern-

269 412 396 451 peratus
419 406 473 443 sis,
495 405 570 447 quia
590 404 859 436 incantationibus
880 404 1017 436 Socratis
1039 410 1070 435 te
1086 404 1248 446 subjiciam,
1272 415 1331 436 nec
1347 404 1387 436 ab
1402 404 1472 446 ejus
1487 405 1582 437 latere
1597 416 1737 448 unquam

267 463 424 494 discedas.
471 460 537 494 Cn.
559 460 735 491 Patitur-um
760 469 822 500 me,
847 463 881 490 et
903 459 1019 500 passim
1047 464 1235 490 sectaturum
1260 458 1447 490 existimato.
1469 469 1583 500 nempe
1605 459 1739 501 graviter

269 527 445 559 peccarem,
471 514 530 546 nisi
554 514 612 545 tibi
635 514 731 545 tutori
754 524 825 545 meo
847 523 999 555 parerem,
1025 517 1058 545 et
1077 514 1163 554 quod
1180 512 1275 554 jubes
1289 523 1481 555 exsequerer.
1527 514 1609 546 Cm.
1631 514 1738 547 Jubeo

268 570 427 612 equidem.
472 569 538 601 Cn.
560 567 700 599 Efficiam
726 567 759 598 id
779 567 902 603 sedulo,
926 567 1084 608 hodieque
1107 566 1270 608 incipiam.
1314 567 1368 598 So.
1392 567 1554 604 Quidnam
1569 568 1602 599 hi
1617 566 1739 600 delibe-

268 625 362 657 rant?
407 623 472 655 Crr.
496 622 585 654 Nihil
601 622 746 663 amplius.
768 631 884 663 nempe
895 621 1057 652 decretum
1073 625 1131 653 est.
1178 620 1234 653 So.
1258 620 1376 652 Vimne
1391 621 1517 658 inferes,
1543 632 1646 664 neque
1661 622 1740 655 mihi

269 679 368 711 ullum
383 676 518 709 vicissim
534 676 733 708 consultandi
753 675 912 718 relinques
933 674 1116 706 arbitrium?
1162 674 1228 707 Cn.
1251 674 1326 706 Vim
1349 685 1477 717 prorsus
1498 675 1654 707 illaturum
1677 687 1737 718 pu-

268 738 347 771 tato,
363 730 619 773 quandoquidem
636 730 687 761 hic
702 730 859 772 praecipit.
881 730 922 760 ad
943 730 1011 760 haec
1035 734 1069 760 tu
1090 739 1229 771 quoque,
1255 729 1331 771 quid
1355 733 1480 760 acturus
1503 729 1558 766 sis,
1581 729 1738 763 consulta.

269 789 324 820 So.
348 785 463 818 Nullus
477 789 572 816 restat
586 784 785 818 consultandi
801 784 900 815 locus.
922 794 996 815 nam
1020 783 1078 814 tibi
1106 794 1197 826 agere
1212 783 1333 826 aliquid
1349 783 1521 821 affectanti,
1535 783 1738 825 cogenfique,

268 852 361 873 nemo
377 840 516 872 resistere
541 839 669 882 poterit.
716 838 782 872 Cn.
806 837 922 881 Neque
948 842 984 869 tu
1003 848 1078 880 ergo
1101 847 1268 880 repugnas.
1312 837 1370 870 So.
1393 836 1489 869 Haud
1511 836 1659 880 equidem
1682 837 1739 868 ad-

269 896 423 928 versabor.
