1846 3268
203 265 285 302 410
806 259 1072 299 PLAToms
1580 262 1680 315 [195

209 365 334 404 dixerit,
351 365 482 409 perinde
508 370 542 396 ut
557 374 616 406 ego
643 373 728 396 nune
753 364 886 396 maxime
900 364 1081 396 formidares
1103 368 1136 395 et
1150 362 1302 406 angustiis
1326 363 1466 408 undique
1487 368 1677 408 premereris.

210 420 304 453 Aoi.
326 420 600 452 incantationibus
613 418 836 456 circumvenire
851 429 901 451 me
916 418 974 456 vis,
986 428 1006 449 o
1015 417 1170 457 Socrates,
1182 423 1218 449 ut
1228 418 1262 450 in
1272 424 1445 461 conspectu
1456 424 1556 452 vestro
1569 431 1679 464 paves-

212 485 295 513 cam,
309 475 396 518 quod
413 484 525 516 magna
541 473 626 515 apud
642 482 697 504 vos
712 478 860 515 tanquam
875 472 908 503 in
923 472 1044 504 theatro
1058 472 1099 503 de
1115 482 1163 504 me
1177 473 1370 515 exspectatio
1384 473 1437 511 sit,
1447 473 1536 517 quusi
1546 475 1682 518 elegun-

208 530 326 562 tissime
351 529 408 560 sim
433 529 585 560 dicturum
630 527 688 559 So.
711 527 829 565 Nimis,
845 537 864 558 o
879 526 1044 569 Agathou,
1066 526 1236 558 obliviosus
1250 537 1361 565 essem,
1377 528 1404 559 si
1427 532 1458 560 te
1473 539 1559 561 nuuc
1576 539 1681 562 coram

209 585 319 626 paucis
333 583 558 625 trepidaturum
576 586 730 624 putarem,
746 591 839 623 quem
862 580 929 612 heri
950 585 1015 612 tam
1037 579 1157 617 sortiter
1179 584 1305 624 tamque
1329 592 1479 622 generose
1501 584 1683 617 ascendisse

209 638 367 681 pulpitum
384 636 535 679 tragicum
559 645 622 667 una
637 646 709 668 cum
725 634 926 672 histrionibus
942 635 1082 672 viderim,
1106 639 1140 666 et
1153 634 1221 666 sine
1243 634 1308 666 ullo
1330 636 1452 668 terroris
1473 642 1561 670 motu
1575 648 1680 670 coram

209 696 299 723 tanta
321 691 530 734 spectantium
547 689 750 721 multitudiue
774 689 944 727 carminum
961 687 1133 731 periculum
1156 688 1308 721 effecisse.
1353 688 1446 723 Aes.
1469 690 1522 723 Ne
1535 693 1682 725 mesdeo

209 745 322 777 theatri
335 745 510 782 studiosum
525 744 655 786 ejusque
671 744 770 775 favori
784 744 927 776 deditum
943 750 1046 785 putes,
1062 748 1098 774 ut
1112 743 1251 784 ignorem
1267 743 1413 784 prudenti
1428 744 1493 776 viro
1508 755 1678 787 paucorum

209 800 388 841 sapientum
405 799 502 841 magis
516 808 608 841 quam
626 798 792 830 multorum
807 797 1022 840 insipientium
1034 796 1192 839 judicium
1203 807 1270 829 esse
1280 798 1461 832 verendum.
1494 799 1550 832 So.
1566 799 1681 843 Inique

205 853 396 897 judicarem,
413 852 574 895 Agathou,
588 854 614 885 si
630 853 706 895 quid
723 853 756 884 in
779 858 810 885 te
824 852 975 885 rusticum
990 852 1208 884 existimarem.
1232 851 1307 883 novi
1331 852 1491 894 equidem,
1505 855 1591 897 quod
1605 856 1631 887 si
1647 855 1680 890 in

212 918 292 951 quos
307 907 483 939 offenderes
499 912 553 938 tuo
565 906 688 949 judicio
705 906 876 949 sapientes,
900 906 997 948 magis
1019 916 1073 938 eos
1088 916 1183 948 quam
1204 905 1317 948 vulgus
1342 916 1475 940 curares.
1518 907 1580 940 Sed
1597 909 1681 947 vide,

210 973 251 994 ne
276 962 338 1004 ipsi
354 961 432 992 tales
448 961 574 992 minime
589 961 699 992 simus.
721 960 916 992 interfuimus
937 960 981 992 ibi
1004 965 1038 992 et
1052 960 1124 1002 ipsi,
1149 959 1321 1001 vulgarium
1343 970 1472 992 numero
1495 962 1684 1004 computati.

210 1015 266 1047 Sin
282 1020 386 1047 autem
401 1015 470 1047 aliis
485 1025 660 1047 occurreres
674 1014 883 1056 sapientibus,
898 1024 939 1045 ne
954 1014 1031 1056 quid
1055 1013 1086 1045 in
1111 1023 1216 1045 eorum
1233 1019 1408 1056 conspectu
1431 1014 1537 1057 inepte
1551 1015 1685 1054 faceres,

211 1070 403 1101 formidares.
420 1070 564 1109 nunquid
581 1069 671 1101 aliter
685 1069 764 1101 dicis
778 1069 788 1100 ?
811 1068 903 1100 Aes.
925 1067 1023 1100 Non:
1049 1077 1120 1100 vera
1134 1067 1218 1099 enim
1233 1067 1336 1099 refers.
1356 1068 1414 1100 So.
1438 1068 1563 1111 Vulgus
1575 1075 1681 1103 autem

211 1134 275 1155 non
303 1127 468 1161 metueres,
484 1123 510 1154 si
527 1123 602 1165 quid
619 1123 761 1164 ineptum
778 1123 972 1155 committere
999 1127 1031 1154 te
1048 1127 1171 1164 putares
1185 1122 1196 1153 ?
1241 1121 1336 1154 Prin.
1358 1121 1389 1154 Ο
1404 1123 1505 1156 amice
1518 1122 1684 1166 Agathou,

211 1178 235 1209 si
251 1178 372 1210 Socrati
387 1178 576 1219 respondere
592 1177 708 1220 pergis,
723 1177 802 1209 nihil
814 1177 946 1219 curabit,
957 1176 1242 1219 quomodocunque
1255 1181 1360 1208 cetera
1368 1176 1419 1209 hic
1428 1182 1572 1220 agantur,
1584 1179 1682 1210 modo

210 1232 338 1270 habeat,
352 1231 478 1273 quicum
504 1231 656 1273 disputet,
672 1231 802 1273 pulchro
818 1231 998 1273 praesertim.
1020 1230 1168 1273 equidem
1181 1230 1315 1261 libenter
1335 1230 1493 1262 Socratem
1507 1231 1603 1264 audio
1617 1232 1682 1264 di:-

211 1290 375 1327 putantem
391 1297 399 1317 z
416 1290 618 1317 veruntamen
631 1286 802 1316 curandum
819 1284 895 1322 mihi
910 1289 969 1322 est,
985 1289 1021 1315 ut
1032 1283 1130 1317 Amor
1141 1293 1160 1314 a
1170 1282 1302 1324 singulis
1311 1283 1421 1317 ordine
1428 1289 1515 1317 oertao
1524 1285 1683 1318 laudetur.

213 1339 356 1375 Laudate
371 1340 466 1382 igitur
480 1345 513 1371 et
527 1349 582 1371 vos
597 1339 702 1371 Deum
727 1339 850 1382 primo:
874 1344 985 1381 postea
1007 1338 1158 1370 arbitratu
1184 1343 1286 1369 vestro
1309 1337 1442 1370 invicem
1466 1338 1684 1381 disputamus.

213 1393 308 1427 Aoi.
334 1393 486 1427 Praeclare
502 1394 651 1437 loqueris,
665 1394 809 1431 Pliaedre,
824 1403 928 1435 neque
945 1404 993 1425 me
1008 1394 1175 1435 quicquam
1189 1392 1292 1424 dicere
1305 1392 1461 1434 prohibet,
1472 1402 1543 1425 cum
1552 1393 1684 1426 Socrate

214 1447 343 1490 quidem
359 1458 444 1490 saepe
460 1448 537 1479 ulia-0v
552 1448 711 1490 disputare
737 1447 856 1480 licebit.
902 1445 971 1488 Ego
986 1456 1059 1478 vero
1078 1455 1162 1477 nunc
1178 1445 1312 1488 primum
1327 1455 1347 1476 a
1369 1456 1418 1477 me
1432 1446 1602 1479 &endum
1612 1457 1685 1480 esse

212 1502 413 1534 monstrabo:
436 1507 545 1544 postea
560 1501 675 1534 dicam.
720 1502 877 1533 Videntur
902 1501 989 1538 mihi,
1016 1500 1070 1543 qui
1094 1500 1246 1532 hactenus
1267 1499 1366 1531 locuti
1390 1505 1476 1541 sunt,
1497 1499 1682 1543 uonipmm

213 1554 320 1586 Deum
346 1554 503 1592 laudasse,
519 1556 574 1587 sed
590 1555 754 1592 beneficia,
769 1565 841 1597 quae
856 1555 989 1586 feliciter
1010 1555 1050 1585 ab
1075 1553 1131 1584 illo
1143 1553 1347 1585 conferuntur
1363 1553 1554 1592 homiuibus,
1576 1564 1683 1587 narra-

215 1608 307 1641 visse.
330 1609 432 1651 qualis
444 1619 516 1640 vero
527 1609 594 1652 ipse
605 1609 656 1647 sit,
670 1609 843 1652 quishorum
852 1609 1003 1640 bonorum
1016 1617 1109 1639 causa
1118 1611 1176 1644 est,
1199 1606 1297 1648 [195]
1322 1606 1427 1639 nullus
1439 1608 1543 1640 adhue
1557 1618 1684 1651 expm·

216 1662 267 1695 sit.
300 1661 405 1694 Recta
425 1669 529 1695 sutem
545 1663 698 1695 laudandi
713 1663 791 1695 ratio
807 1663 873 1695 sola
889 1663 921 1693 in
938 1661 1084 1693 omnibus
1098 1660 1153 1692 illa
1167 1665 1226 1698 est,
1240 1671 1302 1703 qua
1318 1660 1413 1699 illius,
1435 1661 1479 1693 de
1490 1672 1556 1705 quo
1570 1662 1686 1705 agitur,

215 1720 326 1748 natura
341 1716 426 1758 prius
441 1718 617 1750 ostenditur
630 1730 638 1758 3
661 1723 783 1761 postea,
797 1728 928 1761 quorum
944 1726 1039 1748 causa
1052 1721 1111 1754 est,
1127 1715 1312 1747 declaratur.
1346 1715 1397 1748 Sic
1412 1721 1446 1748 et
1459 1716 1492 1747 in
1508 1717 1686 1760 prasentia,

215 1770 317 1812 qualis
341 1770 410 1812 ipse
434 1772 476 1803 sit
498 1771 606 1809 Amor,
636 1773 767 1814 primurn
796 1773 961 1804 ostendere
990 1772 1095 1808 decet,
1119 1771 1237 1802 deinde
1264 1780 1392 1802 munera
1416 1770 1498 1802 illius
1517 1780 1685 1814 exponere·

215 1824 331 1856 Assero
346 1826 505 1868 equidem,
521 1837 592 1858 cum
610 1827 665 1859 Dii
681 1837 789 1859 omnes
806 1827 890 1859 beati
914 1827 987 1864 sint,
1004 1826 1163 1864 Amorem,
1178 1824 1204 1857 si
1220 1825 1314 1856 modo
1336 1824 1383 1856 fas
1397 1829 1446 1857 est
1467 1831 1501 1858 et
1520 1825 1684 1859 tolerabile

214 1879 315 1920 dictu,
330 1890 401 1912 esse
415 1881 554 1915 omnium
572 1882 796 1919 beatissimum,
822 1881 943 1923 quippe
967 1891 1040 1912 cum
1067 1879 1291 1923 pulcherrimus
1316 1878 1454 1910 omnium
1480 1879 1682 1923 optiinmqm

217 1933 356 1965 exsistat.
402 1935 497 1976 Quod
515 1946 586 1967 vero
601 1936 827 1978 pulcherrimus
842 1935 893 1972 sit,
908 1946 946 1967 ex
961 1946 1000 1967 eo
1015 1934 1149 1978 primum
1167 1938 1265 1976 patet,
1281 1934 1367 1976 quod
1381 1932 1522 1965 Deorum
1541 1934 1683 1966 omnium

217 1987 353 2020 maxime
364 1987 491 2030 juvenis
506 1995 563 2022 est.
585 1989 676 2032 cujus
691 1990 760 2032 ipse
772 1990 902 2022 evidens
917 1995 1133 2031 argumentum
1146 1989 1274 2030 praebet,
1285 1999 1356 2020 cum
1367 1993 1561 2020 senectutem
1571 1987 1686 2030 fugiat,

218 2041 359 2074 velocem
377 2042 535 2082 videlicet,
551 2054 622 2086 quae
647 2044 740 2076 citius
755 2055 850 2086 quarn
873 2048 1000 2086 oportet
1020 2044 1190 2075 adventat:
1214 2052 1346 2084 eamque
1367 2041 1467 2074 Amor
1484 2046 1595 2074 natura
1615 2041 1687 2074 odit

214 2095 372 2138 fugitque,
393 2096 565 2139 juvenibus
590 2109 662 2130 vero
687 2110 720 2130 se
744 2099 866 2130 miscet.
909 2097 995 2129 Scite
1021 2097 1149 2139 quidem
1173 2096 1268 2128 veteri
1283 2095 1446 2138 proverbio
1461 2095 1567 2133 fertur,
1584 2095 1684 2131 simile

215 2150 310 2182 simili
325 2161 446 2193 semper
460 2153 586 2185 haerere.
609 2157 643 2184 et
657 2163 727 2184 cum
745 2153 843 2184 multa
856 2153 991 2184 Phaedro
1007 2152 1160 2189 concedo,
1176 2151 1209 2182 in
1225 2150 1285 2183 boc
1301 2161 1364 2182 uno
1380 2150 1508 2182 minime
1521 2149 1684 2188 assentior,

216 2205 302 2247 quod
319 2204 418 2237 Amor
444 2206 577 2238 Saturno
593 2213 625 2239 et
641 2207 752 2250 Iapeto
776 2207 816 2238 sit
837 2206 1012 2250 antiquior:
1038 2207 1132 2238 immo
1155 2216 1218 2248 prae
1233 2205 1346 2237 ceteris
1368 2204 1439 2236 Diis
1449 2204 1601 2246 juvenem
1614 2214 1684 2241 esse

215 2260 265 2290 aio
281 2269 466 2302 semperque
477 2260 641 2303 juvenem.
665 2263 766 2304 prisca
781 2272 855 2293 vero
871 2261 1010 2293 Deorum
1026 2267 1124 2303 gesta,
1151 2270 1222 2302 quae
1238 2259 1396 2291 Hesiodus
1419 2258 1685 2302 Parmidesqne

214 2314 407 2351 describunt,
423 2315 611 2348 Necessitati
629 2317 731 2358 potius
746 2327 840 2359 quam
857 2315 963 2347 Amori
980 2315 1192 2356 attribuenda,
1208 2314 1234 2346 si
1250 2315 1344 2346 modo
1358 2313 1406 2345 illi
1423 2322 1494 2345 vera
1506 2318 1682 2347 narrarunt·

214 2376 320 2408 neque
334 2368 418 2399 enirn
433 2362 556 2401 castrari
573 2370 707 2402 invicem
723 2376 755 2402 et
771 2371 892 2413 vinciri,
915 2370 1040 2412 aliaque
1062 2369 1203 2404 violenta
1224 2368 1378 2411 permulta
1400 2367 1474 2402 Diis
1487 2367 1563 2399 olim
1576 2367 1682 2403 conti·

213 2420 343 2463 gissent,
366 2422 389 2452 si
412 2421 511 2454 Amor
525 2424 583 2456 illis
600 2430 674 2457 tunc
695 2425 877 2457 affuissent:
906 2425 959 2457 scd
983 2423 1203 2456 benevolentia
1228 2428 1262 2455 et
1285 2433 1346 2465 pax
1372 2432 1492 2453 summa
1513 2426 1685 2464 regnasset,

215 2475 481 2516 quemadmodum
497 2488 592 2516 nunc,
608 2490 645 2511 ex
665 2490 728 2523 quo
754 2481 906 2522 imperare
929 2479 1000 2510 Diis
1024 2478 1125 2510 Amor
1148 2478 1280 2518 incepit.
1324 2476 1407 2519 Ergo
1418 2475 1546 2518 juvenis
1571 2481 1631 2518 est,
1649 2480 1685 2508 et

214 2533 303 2559 tener
327 2535 477 2571 praeterea
492 2533 668 2575 mollisque.
716 2534 806 2576 Opus
831 2538 934 2568 autem
959 2538 1006 2565 est
1032 2532 1087 2564 tali
1113 2533 1249 2574 quodam
1271 2530 1379 2573 poeta,
1403 2530 1504 2572 qualis
1528 2529 1684 2562 Homerus

215 2582 346 2621 exstitit,
362 2585 402 2615 ad
421 2590 557 2617 teneram
573 2587 698 2619 Amoris
713 2588 876 2620 mollitiem
891 2588 1176 2620 demonstrandam.
1221 2586 1377 2617 Homerus
1392 2585 1519 2627 quidem
1535 2583 1636 2622 Aten,
1648 2582 1684 2615 id

215 2643 264 2669 est
275 2637 506 2677 Calamitatem,
522 2640 625 2673 Deam
641 2641 744 2684 inquit
758 2653 826 2674 esse
841 2647 874 2674 et
889 2642 1024 2675 mollem.
1048 2646 1146 2684 utque
1161 2640 1245 2672 illius
1258 2641 1355 2683 pedes
1366 2645 1489 2671 teneros
1499 2649 1567 2671 esse
1577 2643 1685 2671 osten-

214 2690 316 2733 deret,
331 2691 376 2723 ait
389 2703 549 2735 nunquam
566 2697 744 2737 pavimenta
758 2697 891 2735 calcare,
907 2697 962 2728 sed
976 2706 1031 2738 per
1042 2696 1150 2738 capita
1164 2695 1325 2727 hominum
1334 2694 1492 2727 incedere.
1515 2693 1684 2737 perspicue

216 2755 292 2777 sane
306 2746 500 2788 conjectura,
517 2750 603 2791 qnod
634 2756 738 2783 tenera
753 2752 805 2788 sit,
823 2762 898 2784 usus
922 2751 1017 2783 fuisse
1043 2751 1178 2793 videtur,
1193 2750 1268 2793 quia
1282 2759 1338 2792 per
1351 2749 1430 2780 dura
1453 2758 1517 2779 non
1532 2747 1684 2790 graditur,

215 2800 271 2830 sed
299 2801 405 2832 mollia
433 2803 542 2844 tangit.
587 2804 707 2837 Eodem
733 2806 823 2838 nobis
850 2806 999 2838 utendum
1023 2810 1071 2837 est
1093 2809 1288 2847 argumento,
1311 2804 1398 2846 quod
1419 2807 1507 2835 tener
1527 2801 1568 2833 sit
1582 2800 1679 2833 Amor

215 2855 381 2887 ostendere
395 2857 608 2899 cupientibus.
633 2869 735 2901 neque
751 2861 834 2892 enim
862 2871 917 2902 per
932 2865 1042 2892 terram
1058 2865 1090 2891 et
1106 2868 1179 2892 saxa
1194 2859 1291 2897 vadit,
1313 2867 1384 2901 quae
1399 2866 1506 2899 aspera
1521 2859 1608 2896 suut,
1621 2855 1678 2887 sed

215 2908 403 2941 mollissimis
418 2910 555 2942 omnium
571 2912 661 2944 rebus
676 2923 708 2944 so
729 2913 832 2955 infigit
853 2919 947 2956 atquc
970 2918 1142 2957 permanet.
1167 2913 1198 2944 in
1223 2912 1334 2944 animis
1347 2911 1467 2954 quippe
1482 2909 1623 2941 Deorum
1646 2913 1679 2941 ct

212 2961 373 2995 hominum
389 2965 494 2997 sedem
510 2976 598 2998 suam
625 2967 718 3001 locat.
743 2979 845 3012 neque
871 2973 976 3002 tamen
1002 2970 1035 3001 in
1056 2968 1248 3013 quibuslibet
1272 2965 1382 3001 animis
1396 2977 1403 2998 :
1428 2975 1500 2998 nam
1514 2964 1541 2998 si
1561 2963 1674 2996 durum
