1846 3268
240 259 317 297 134
830 256 1098 297 PLATONIS
1215 260 1218 263 “
1626 261 1697 312 [22

234 361 303 403 ipse
317 361 477 404 reputavi:
502 360 571 402 Ego
587 359 728 403 profecto
743 369 810 391 sum
824 360 885 392 hoc
899 361 1027 391 homine
1047 359 1227 402 sapientior.
1250 365 1380 402 apparet
1405 361 1488 392 enim
1503 366 1615 394 neuter
1628 372 1701 394 nos-

235 421 315 447 trum
330 417 494 459 pulchrum
509 417 689 457 bonumque
704 414 823 456 aliquid
849 424 966 446 nosse:
990 415 1046 446 sed
1067 415 1127 446 hoc
1149 415 1289 455 interest,
1312 415 1398 456 quod
1412 415 1464 446 hic
1479 415 1606 457 quidem
1627 426 1699 448 cum

236 470 315 502 sciat
329 470 419 508 nihil,
432 470 509 502 scire
524 480 558 500 se
573 469 692 511 aliquid
715 468 886 510 opinatur3
909 478 968 510 ego
982 479 1068 506 vero,
1091 468 1353 510 quemadmodum
1373 468 1495 506 nescio,
1514 469 1558 501 ita
1580 469 1701 502 nescire

235 534 285 555 me
299 529 391 566 puto.
436 523 556 555 Videor
570 533 643 564 ergo
659 523 691 553 in
714 524 774 554 hac
792 522 915 553 tantula
929 533 961 553 re
987 523 1046 554 hoc
1071 522 1198 553 homine
1219 523 1391 564 sapientior
1411 533 1491 560 esse,
1509 524 1607 565 quod,
1628 534 1700 566 quae

230 578 353 619 ignoro,
368 587 472 619 neque
487 577 564 608 scire
575 587 625 608 me
640 577 781 608 arbitror.
824 576 903 607 Post
917 577 984 607 haec
1001 576 1096 607 alium
1108 576 1171 607 adii
1185 587 1224 608 ex
1239 576 1298 614 his,
1321 577 1374 618 qui
1398 577 1452 608 illo
1474 577 1602 619 iusuper
1616 577 1702 620 sapi.-

233 632 368 663 entiores
391 632 565 671 habentur;
587 631 620 661 in
640 640 742 671 eoque
765 627 994 662 cci‘rsiderando
1019 630 1147 661 omnino
1163 630 1302 661 similiter
1319 630 1474 673 judicavi,
1496 636 1591 673 atque
1610 631 1699 663 illurn

234 685 374 726 aliosque
398 685 512 715 multos
534 684 610 715 mihi
635 683 760 715 reddidi
791 683 949 716 inimicos.
994 684 1133 715 Proinde
1160 684 1302 715 similiter
1325 684 1476 726 deInceps
1499 685 1636 726 processi
1658 686 1699 717 ad

173 760 185 762 ν
233 738 322 776 alios,
337 748 402 769 non
417 737 575 779 ignorans,
590 742 742 779 quantum
758 738 906 769 adversus
922 748 972 769 me
989 737 1095 768 odium
1121 737 1308 769 concitarem
1321 748 1331 777 3
1354 738 1489 780 ideoque
1503 749 1567 770 non
1582 739 1700 781 absque

233 792 341 823 dolore
357 792 493 834 quodam
508 791 682 832 timoreque
699 791 918 832 procedebam.
962 791 1177 822 Veruntamen
1202 790 1408 822 necessarium
1432 791 1507 822 mihi
1521 792 1621 823 visum
1639 799 1701 830 est,

231 846 392 878 oraculum
417 845 557 877 divinum
580 845 724 876 omnibus
750 845 915 881 anteferre.
943 845 1123 886 passimque
1152 844 1297 886 progredi
1327 850 1599 886 perscrutaturum,
1621 847 1700 888 quid

234 900 294 933 sibi
317 901 393 932 velit
407 896 596 938 'oraculum3
629 898 787 941 hujusque
810 899 910 940 gratia
932 909 1051 936 omnes,
1074 903 1278 940 quotcunque
1300 898 1420 940 aliquid
1442 899 1521 931 scire
1542 900 1701 938 videntur,

234 956 331 988 adire.
374 954 417 986 Et
432 964 487 996 per
509 964 634 994 canem,
661 964 680 984 o
696 953 751 983 viri
776 953 853 995 [22]
877 953 1100 990 Athenienses,
1124 952 1266 996 (oportet
1285 952 1368 984 enim
1384 952 1472 984 vobis
1487 963 1558 985 vera
1583 953 1701 995 fateri)

232 1010 295 1041 tale
311 1009 431 1051 aliquid
447 1007 522 1039 mihi
537 1007 669 1048 contigit
684 1007 751 1038 haec
767 1017 804 1038 ex
820 1007 930 1038 divino
951 1007 1079 1038 oraculo
1101 1007 1311 1048 perquirenti,
1334 1012 1381 1043 ut,
1399 1007 1455 1047 qui
1478 1006 1627 1048 opinione
1641 1008 1700 1039 ho-

231 1064 349 1094 minum
366 1063 497 1094 maxime
512 1062 737 1103 probabantur,
760 1071 815 1092 eos
840 1061 931 1103 quasi
947 1061 1085 1092 omniurn
1107 1060 1406 1102 imprudentissimos
1430 1061 1622 1102 invenirem3
1643 1062 1700 1104 qui

231 1127 306 1149 vero
330 1116 489 1148 inferiores
515 1116 721 1157 habebantur,
744 1126 810 1152 eos,
838 1120 990 1157 quantum
1012 1115 1051 1146 ad
1081 1114 1278 1156 prudentiam
1303 1119 1437 1156 spectat,
1460 1115 1651 1156 probabilius
1666 1126 1700 1148 se

231 1172 355 1204 habere.
400 1171 514 1212 Operae
529 1170 662 1212 pretium
679 1174 738 1206 est,
755 1170 866 1201 referre
882 1169 971 1200 vobis
995 1179 1111 1201 errores
1134 1169 1317 1210 laboresque
1333 1179 1431 1206 meos,
1457 1179 1537 1210 quos
1551 1170 1699 1211 equidem

233 1230 398 1268 propterea
409 1224 553 1266 sustinui,
564 1234 626 1265 quo
643 1234 661 1254 a
677 1234 726 1255 me
741 1224 900 1255 oraculum
917 1224 997 1256 adeo
1014 1224 1208 1265 probaretur,
1233 1228 1267 1254 ut
1289 1223 1430 1264 redargui
1446 1223 1526 1254 ultra
1540 1234 1603 1255 non
1625 1235 1700 1266 pos-

232 1284 290 1312 set.
336 1279 414 1310 Post
426 1278 535 1310 civiles
548 1278 692 1309 homines
714 1278 754 1309 ad
778 1283 890 1320 poetas
910 1288 960 1308 me
982 1277 1116 1317 contuli,
1141 1277 1358 1318 tragoediarum
1378 1282 1410 1308 et
1431 1277 1699 1319 dithyramborum

229 1334 422 1375 aliorumque
438 1333 608 1364 carminum
623 1338 777 1373 auctores,
802 1332 890 1373 quasi
916 1332 967 1363 hic
982 1331 1148 1373 perspicue
1165 1332 1334 1362 admodum
1349 1331 1611 1373 deprehensurus,
1630 1343 1698 1365 esse

229 1398 279 1419 me
304 1387 354 1418 his
373 1386 542 1418 rudiorerr'i.
588 1385 740 1427 Acceptis
767 1386 874 1428 itaque
890 1397 998 1417 eorum
1014 1385 1112 1422 libris,
1141 1385 1174 1416 in
1200 1386 1314 1427 quibus
1336 1385 1543 1417 elaboravisse
1566 1386 1699 1418 maxime

228 1441 426 1478 videbantur,
442 1440 616 1472 sciscitatus
632 1450 698 1471 sum
714 1451 820 1471 eorum
836 1451 938 1483 sensa,
964 1445 1000 1471 ut
1025 1439 1169 1470 nonnihil
1195 1440 1235 1470 ab
1257 1439 1333 1480 ipsis
1355 1439 1572 1481 perdiscerem.
1618 1439 1698 1472 Eru-

230 1496 337 1532 besee,
362 1506 381 1526 ο
397 1495 467 1535 viri,
483 1505 590 1526 verum
617 1494 668 1526 hic
684 1495 774 1526 vobis
799 1494 938 1536 aperire:
965 1494 1135 1525 dicendum
1159 1498 1208 1524 est
1231 1498 1349 1524 tamen.
1391 1492 1459 1524 Alii
1481 1504 1572 1535 paene
1590 1504 1699 1526 omnes

230 1554 412 1591 praesentes,
428 1553 464 1579 ut
477 1549 523 1580 ita
537 1548 680 1594 dixerim,
703 1548 816 1579 melius
837 1548 878 1579 de
889 1549 980 1579 rebus
994 1548 1042 1578 his
1058 1548 1272 1589 loquerentur,
1294 1547 1334 1578 de
1349 1547 1463 1589 quibus
1478 1547 1538 1589 ipsi
1547 1553 1699 1589 poemata

230 1604 492 1645 conscripserunt.
535 1602 745 1644 Deprehendi
767 1602 864 1644 igitur
882 1602 970 1635 brevi
990 1602 1024 1633 id
1040 1602 1072 1633 in
1089 1601 1204 1643 poetis,
1228 1612 1282 1632 eos
1299 1601 1446 1633 videlicet
1458 1612 1523 1632 non
1543 1602 1699 1644 sapientia

229 1658 344 1695 facere,
359 1667 429 1699 quae
444 1657 577 1694 faciunt,
600 1657 654 1688 sed
673 1661 782 1688 natura
799 1657 945 1698 quadam,
962 1668 999 1688 ex
1015 1655 1123 1687 divina
1137 1655 1233 1687 animi
1255 1655 1478 1692 concitatione,
1493 1656 1698 1697 quemadmo-

229 1713 305 1743 dum
321 1716 354 1742 et
368 1711 412 1749 hi,
427 1711 482 1754 qui
497 1711 606 1742 divino
621 1712 724 1743 furore
747 1712 843 1743 afflati
867 1710 1086 1742 vaticinantur.
1109 1721 1182 1742 nam
1203 1715 1236 1741 et
1256 1709 1288 1741 hi
1311 1709 1410 1741 multa
1431 1709 1557 1751 quidem
1573 1710 1698 1748 dicunt,

229 1771 324 1808 atque
349 1765 518 1807 praeclara3
542 1766 596 1797 sed
623 1776 729 1797 eorum
756 1777 827 1808 quae
852 1766 975 1803 dicunt,
1001 1764 1080 1796 nihil
1104 1764 1298 1806 intelligunt.
1344 1763 1415 1795 Tali
1438 1764 1576 1805 quodam
1602 1769 1696 1806 pacto

228 1825 333 1862 poetae
348 1819 454 1851 affecti
469 1820 566 1851 fuisse
579 1819 656 1851 mihi
673 1820 818 1851 videntur
831 1832 838 1851 :
863 1825 896 1852 et
910 1820 1002 1851 simul
1019 1819 1235 1856 animadverti,
1257 1829 1311 1850 eos
1325 1817 1358 1849 in
1375 1817 1445 1850 aliis
1460 1828 1586 1860 quoque
1600 1829 1698 1861 prop-

228 1878 277 1904 ter
291 1874 401 1915 poesin
416 1874 554 1904 omnium
571 1884 604 1905 se
620 1873 868 1916 sapientissimos
879 1873 1036 1916 judicare,
1058 1874 1090 1905 in
1107 1873 1222 1915 quibus
1238 1883 1302 1904 non
1318 1877 1391 1903 sunt
1405 1872 1575 1913 sapientes.
1619 1872 1697 1904 Abii

229 1938 304 1970 ergo
319 1933 352 1958 et
365 1927 439 1960 hinc
455 1928 565 1959 eadem
582 1927 710 1959 omnino
734 1929 903 1969 sententia,
925 1938 987 1970 qua
1013 1933 1047 1959 et
1066 1938 1085 1958 a
1100 1926 1245 1959 civilibus
1269 1926 1340 1957 viris
1362 1925 1510 1959 abieram.
1555 1926 1697 1958 Tandem

229 1992 302 2013 vero
318 1991 368 2012 me
383 1982 424 2012 ad
440 1981 573 2012 artifices
587 1981 707 2013 contuli
722 1993 731 2022 5
754 1982 832 2013 mihi
846 1982 907 2024 ipsi
923 1981 1080 2019 conscius,
1096 1992 1158 2016 me.
1172 1986 1209 2012 ut
1223 1981 1267 2011 ita
1283 1980 1406 2022 loquar,
1421 1981 1452 2011 in
1464 1979 1603 2012 artificiis
1617 1981 1696 2013 nihil

229 2036 308 2067 scire
319 2046 330 2076 3
351 2035 412 2067 hoc
427 2041 530 2066 autem
546 2046 691 2066 noveram
709 2035 807 2067 multa
821 2040 853 2067 et
869 2036 999 2077 pulchra
1015 2036 1092 2067 scire
1107 2047 1117 2067 ι
1139 2045 1241 2077 neque
1259 2035 1292 2065 in
1306 2035 1367 2066 hoc
1382 2035 1527 2076 equidem
1543 2035 1697 2077 deceptus

229 2100 308 2121 sum.
331 2089 472 2120 sciebant
486 2089 582 2131 enim,
609 2100 680 2131 quae
702 2089 770 2131 ipse
794 2089 986 2131 nesciebam,
1010 2094 1043 2121 et
1064 2089 1123 2120 bac
1145 2088 1177 2119 in
1202 2093 1290 2130 parte
1315 2098 1364 2119 me
1377 2086 1582 2130 sapientiores
1597 2093 1697 2121 erant.

229 2143 305 2180 Sed,
318 2153 337 2174 ο
352 2142 411 2174 viri
428 2142 649 2180 Athenienses,
663 2143 695 2174 in
710 2143 823 2174 eodem
838 2153 948 2180 errore,
965 2153 1029 2185 quo
1040 2147 1073 2174 et
1084 2147 1207 2185 poetas,
1223 2142 1338 2184 peritos
1345 2142 1479 2174 artifices
1490 2142 1696 2184 deprehendi.

227 2207 300 2228 narn
327 2197 368 2227 ob
392 2197 452 2228 hoc
481 2197 598 2238 ipsum,
624 2198 709 2239 quod
726 2207 781 2229 sua
803 2196 862 2229 ritc
883 2197 1104 2239 perficiebant,
1127 2196 1344 2238 unusquisque
1359 2207 1466 2228 eorum
1481 2207 1515 2228 se
1536 2196 1570 2227 in
1585 2197 1696 2229 ceteris

226 2261 355 2293 quoque
372 2250 419 2282 vel
436 2251 576 2282 maximis
592 2251 859 2292 sapientissimum
876 2262 944 2283 esse
959 2252 1104 2293 putabat.
1149 2250 1252 2292 Atqui
1275 2250 1326 2282 hic
1348 2261 1430 2282 error
1448 2250 1532 2283 illam
1555 2261 1695 2294 quoque,

226 2315 299 2346 quae
314 2305 390 2346 ipsis
406 2305 517 2343 inerat,
533 2305 718 2347 sapientiam
734 2305 920 2337 offuscabat.
967 2305 1179 2343 Quamobrem
1185 2327 1194 2342 ‚
1209 2304 1233 2335 si
1250 2304 1401 2346 meipsum
1425 2304 1542 2336 oraculi
1557 2305 1628 2336 loeo
1643 2303 1696 2336 in-

226 2362 422 2398 terrogarem,
447 2364 548 2390 utrum
573 2359 698 2402 eligam,
719 2359 804 2391 itane
831 2371 879 2392 me
902 2360 1028 2398 habere,
1054 2365 1091 2390 ut
1113 2359 1226 2396 habeo,
1243 2358 1392 2390 videlicet
1414 2369 1518 2400 neque
1541 2359 1693 2391 scientem

227 2421 299 2453 quae
315 2411 362 2441 illi
377 2411 491 2450 sciunt,
503 2423 607 2454 neque
622 2423 722 2444 meam
739 2413 894 2445 inscitiam
910 2414 1128 2455 ignorantem3
1151 2424 1192 2444 an
1215 2418 1344 2454 utraque
1360 2413 1538 2453 habentem,
1560 2423 1632 2455 quae
1647 2412 1695 2444 illi

232 2465 350 2496 habent
369 2477 376 2495 :
401 2467 619 2507 responderem
635 2468 731 2509 plane
745 2467 896 2510 mihiipsi
913 2467 1004 2499 simul
1021 2473 1115 2509 atque
1131 2467 1268 2503 oraculo,
1294 2471 1452 2508 praestare,
1471 2466 1516 2497 ita
1537 2472 1573 2497 ut
1594 2466 1697 2498 habeo

226 2529 278 2550 me
301 2519 426 2550 habere.
473 2519 524 2549 Ob
540 2519 621 2551 hanc
646 2522 755 2562 utique
770 2521 1004 2563 inquisitionem
1033 2531 1146 2557 meam,
1168 2531 1186 2551 o
1204 2519 1258 2550 viri
1281 2519 1503 2560 Athenienses,
1521 2519 1692 2552 inimicitiae

226 2572 333 2604 multae
359 2573 548 2604 difficillimae
572 2573 647 2616 [23]
673 2579 767 2616 atque
792 2575 978 2616 gravissimae
1005 2575 1152 2606 adversus
1179 2585 1228 2605 me
1253 2579 1369 2605 coortae
1396 2578 1491 2613 sunt3
1513 2584 1552 2605 ex
1578 2572 1694 2616 quibus

225 2627 331 2658 multae
346 2631 420 2657 sunt
433 2626 598 2657 calumniae
623 2633 814 2661 consecutae.
857 2628 985 2659 Nomen
1001 2638 1072 2659 vero
1096 2627 1248 2669 sapientis
1275 2627 1351 2658 mihi
1374 2633 1540 2669 propterea
1552 2633 1692 2661 exortum

224 2686 286 2724 est,
301 2680 388 2722 quod
405 2685 574 2721 praesentes
590 2680 755 2722 plurimum
770 2682 827 2713 illa
842 2693 890 2714 me
904 2687 1018 2724 putant
1027 2683 1117 2719 scire,
1129 2682 1162 2713 in
1175 2682 1288 2724 quibus
1301 2681 1380 2713 alios
1390 2681 1509 2714 refello.
1554 2679 1692 2713 Videtur

224 2739 342 2771 autem,
358 2744 377 2765 ο
392 2733 449 2765 viri
463 2733 685 2772 Athenienses,
701 2746 805 2767 revera
827 2736 910 2768 solus
925 2737 1002 2768 deus
1020 2736 1146 2777 sapiens
1161 2747 1227 2768 esse
1241 2746 1251 2775 ;
1274 2742 1368 2777 atque
1392 2735 1427 2766 in
1441 2736 1502 2769 hoc
1516 2734 1642 2767 oraculo
1657 2735 1690 2766 id

225 2789 285 2820 sibi
299 2788 393 2829 velle,
406 2788 572 2819 humanam
588 2788 736 2820 videlicet
752 2790 938 2831 sapientiam
955 2790 1053 2831 parvi,
1074 2791 1170 2821 immo
1186 2790 1274 2821 nihili
1291 2789 1492 2832 pendendam
1507 2798 1587 2821 esse.
1602 2789 1690 2830 quod

225 2853 298 2874 vero
313 2843 471 2874 Socratem
487 2842 629 2873 nominat
645 2843 833 2884 sapientem,
855 2845 896 2875 ob
910 2844 942 2875 id
957 2844 1072 2881 facere,
1096 2855 1160 2886 quo
1176 2844 1302 2875 nomine
1318 2854 1400 2884 meo,
1422 2848 1570 2884 tanquam
1586 2853 1691 2874 exem·

225 2897 280 2938 plo
296 2896 431 2938 quodam
447 2901 549 2934 utens,
565 2896 653 2938 quasi
669 2897 713 2928 sic
729 2898 834 2929 dicat:
859 2897 905 2939 Is,
921 2909 939 2930 o
955 2899 1024 2937 viri,
1051 2898 1300 2941 sapientissimus
1315 2902 1374 2933 est,
1395 2896 1463 2938 qui,
1487 2896 1690 2938 quemadmo—

225 2951 300 2982 dum
317 2950 471 2990 Socrates,
495 2951 584 2983 novit
598 2961 702 2983 revera
722 2951 908 2993 sapientiam
929 2963 1015 2985 suam
1041 2962 1108 2985 esse
1136 2952 1227 2984 nihili
1250 2950 1459 2993 pendendam.
1503 2949 1583 2983 Haec
1597 2950 1693 2991 igitur
