1846 3268
760 787 1043 843 ΜΕΝΟ.

513 1066 658 1107 MENO,
681 1065 919 1105 SOCRATES,
944 1066 1082 1110 PUER,
1109 1066 1301 1100 ANYTUS.

176 1267 252 1309 [⁷0]
276 1266 438 1298 Pousmz
461 1265 535 1297 mihi
561 1263 736 1300 ostendere,
752 1263 908 1300 Socrates,
937 1267 1039 1294 utrum
1063 1262 1160 1293 virtus
1185 1263 1329 1295 doctrina
1355 1275 1396 1297 an
1421 1265 1644 1299 exercitatione

183 1321 287 1362 potius
302 1320 498 1361 acquiratur?
521 1328 561 1350 an
576 1317 704 1349 forsitan
718 1327 778 1349 nec
804 1317 948 1348 doctrina
969 1327 1029 1348 nec
1044 1327 1100 1347 usu
1118 1317 1157 1348 ab
1174 1317 1351 1350 hominibus
1367 1325 1575 1362 comparetur,
1589 1331 1643 1352 ve-

178 1384 244 1404 rum
260 1373 328 1415 ipsa
341 1377 451 1403 natura
465 1371 513 1402 vei
526 1370 588 1402 alio
604 1380 762 1412 quoquam
774 1370 869 1400 modo
884 1370 1062 1401 hominibus
1074 1369 1174 1400 insit?
1197 1371 1254 1402 So.
1278 1371 1454 1410 Hactenus,
1467 1384 1486 1405 o
1502 1374 1640 1412 Menon,

179 1425 350 1458 Thessalici
366 1426 506 1457 homines
531 1425 613 1456 inter
627 1423 756 1455 Graecos
771 1422 904 1454 illustres
920 1427 986 1455 turn
1010 1423 1148 1465 equestri
1169 1424 1319 1457 facultate
1335 1431 1400 1458 tum
1414 1427 1510 1459 etiam
1526 1428 1646 1459 divitiis

179 1480 277 1511 habiti
292 1484 385 1511 sunt:
409 1490 494 1511 nunc
506 1484 623 1518 autem,
633 1483 670 1509 ut
691 1477 768 1509 mibi
783 1477 917 1516 videtur,
929 1478 1091 1519 sapientiae
1104 1488 1231 1520 quoque
1247 1479 1376 1521 gloriam
1393 1487 1646 1524 consequentur:

178 1534 350 1576 praesertim
373 1533 466 1565 amici
490 1533 537 1564 tui
559 1532 718 1574 Aristippi
745 1530 888 1563 Larissaei
911 1531 1071 1563 concives.
1117 1531 1226 1574 Atque
1252 1533 1345 1575 hujus
1372 1534 1416 1565 rei
1441 1545 1536 1566 causa
1559 1536 1647 1567 vobis

179 1587 313 1630 Gorgias
327 1587 447 1619 exstitit
460 1598 468 1618 ε
491 1587 546 1629 qui
560 1586 592 1617 in
608 1587 715 1617 urbem
731 1591 866 1617 vestram
882 1585 1040 1627 profectus
1056 1585 1173 1617 amicos
1187 1586 1245 1617 sibi
1260 1588 1302 1618 ob
1320 1588 1505 1629 sapientiam
1521 1598 1649 1631 compa·

178 1642 259 1674 ravit
272 1652 344 1673 cum
369 1642 505 1683 reliquos
528 1639 740 1677 Thessalicos,
763 1644 828 1670 tum
845 1640 978 1671 maxime
993 1639 1204 1671 Alevadarum
1219 1640 1381 1678 familiam,
1397 1652 1433 1672 ex
1451 1651 1515 1683 qua
1530 1642 1650 1674 amicus

181 1701 254 1727 tuns
275 1695 458 1737 Aristippus
481 1693 631 1736 originem
648 1694 748 1726 ducit.
793 1694 1003 1731 Quamobrem
1025 1694 1070 1725 sic
1087 1704 1141 1724 vos
1157 1693 1292 1735 Gorgias
1307 1695 1486 1732 assuefecit,
1503 1700 1540 1726 ut
1554 1695 1650 1727 intre-

182 1750 256 1791 pide
271 1754 304 1780 et
329 1749 394 1781 alto
421 1749 526 1780 animo
552 1748 815 1790 interrogantibus
839 1748 1069 1790 respondeatis,
1092 1749 1356 1790 quemadmodum
1381 1749 1515 1781 scientes
1531 1750 1649 1782 decet:

181 1802 301 1845 quippe
324 1807 357 1834 et
382 1803 450 1845 ipse
473 1802 670 1833 concedebat
685 1801 866 1833 Graecorum
894 1802 1020 1844 cuique,
1037 1812 1144 1843 rogare
1165 1802 1318 1844 quicquid
1335 1803 1441 1841 vellet,
1457 1813 1493 1835 ac
1520 1803 1650 1845 singuiis

181 1857 401 1898 respondebat.
448 1855 565 1893 Nobis,
595 1866 614 1887 o
640 1856 739 1887 amice
765 1855 900 1892 Menon,
924 1855 1111 1887 contrarium
1139 1856 1271 1897 contigit
1286 1867 1293 1888 :
1318 1857 1472 1898 siquidem
1497 1858 1652 1899 sapientia

182 1915 286 1942 nostra
303 1911 534 1952 quodammodo
544 1909 611 1952 jam
627 1910 758 1946 exaruit,
773 1915 868 1952 atque
892 1909 966 1951 [71]
990 1920 1028 1940 ex
1043 1909 1091 1940 his
1117 1910 1194 1941 locis
1215 1911 1254 1941 ad
1271 1921 1325 1941 vos
1340 1911 1501 1942 divertisse
1517 1911 1650 1944 videtur.

182 1964 294 2006 Itaque
310 1964 336 1996 si
351 1975 444 2006 quem
467 1969 640 1995 nostrorum
668 1963 828 1995 hominum
854 1964 914 1995 hoc
930 1968 1024 2005 pacto
1041 1964 1216 2006 percontari
1233 1965 1414 2005 tentaveris,
1431 1975 1524 1996 nemo
1539 1965 1650 2007 utique

181 2018 239 2049 erit
261 2019 336 2060 quin
357 2018 414 2049 tibi
441 2018 632 2049 subridendo
656 2018 869 2059 respondeat:
891 2017 922 2048 O
939 2018 1065 2059 hospes,
1081 2018 1161 2049 forte
1178 2018 1235 2049 tibi
1260 2019 1369 2049 beatus
1386 2019 1514 2060 quidam
1531 2019 1651 2058 videor,

183 2072 268 2114 quod
284 2065 334 2104 rue
355 2083 447 2104 nosse
463 2072 632 2109 existimas,
649 2077 751 2103 utrum
767 2072 912 2104 doctrina
927 2082 966 2102 an
990 2072 1052 2103 alia
1075 2072 1210 2113 quadarn
1226 2073 1347 2103 ratione
1363 2073 1458 2104 virtus
1473 2073 1650 2104 hominibus

182 2126 275 2158 adsit.
299 2136 358 2168 ego
374 2136 446 2157 vero
462 2136 561 2167 usque
577 2126 657 2157 adeo
674 2126 713 2156 ab
730 2126 788 2157 hac
802 2126 983 2167 cognitione
999 2126 1119 2162 absum,
1133 2130 1168 2156 ut
1187 2136 1245 2157 nec
1257 2125 1333 2167 quid
1351 2126 1418 2166 ipsa
1434 2127 1475 2157 sit
1489 2127 1585 2158 virtus
1599 2127 1648 2158 in-

181 2179 332 2221 telligam.
376 2179 476 2222 Atqui
490 2180 558 2222 ipse
573 2190 711 2222 quoque,
728 2191 747 2211 o
763 2180 900 2220 Menon,
916 2179 960 2211 sic
987 2179 1120 2211 affectus
1147 2190 1234 2210 sum:
1259 2180 1291 2210 in
1307 2180 1416 2211 eadem
1432 2181 1553 2222 quippe
1569 2192 1648 2223 pau—

182 2238 302 2274 pertate
318 2233 424 2269 animi,
441 2244 503 2275 qua
518 2239 551 2265 et
565 2234 712 2265 concives
734 2234 807 2270 mei,
828 2245 896 2264 sum
920 2233 1120 2270 constitutus,
1137 2244 1173 2265 ac
1197 2244 1246 2264 me
1266 2233 1368 2274 ipsum
1395 2244 1520 2270 accuso,
1538 2239 1649 2276 utpote

182 2288 259 2330 quid
273 2287 313 2319 sit
326 2288 422 2318 virtus
437 2288 563 2329 penitus
578 2288 737 2328 ignorans.
782 2288 863 2320 Cum
876 2298 947 2319 vero
963 2288 1040 2329 quid
1064 2287 1104 2318 sit
1119 2287 1271 2328 nesciam,
1287 2298 1423 2328 quonam
1447 2293 1540 2329 pacto
1555 2289 1648 2330 quale

182 2341 223 2372 sit
238 2351 358 2372 nossem
376 2342 387 2372 ?
431 2341 519 2372 Num
534 2340 590 2372 tibi
605 2342 671 2373 fier-i
687 2352 779 2383 posse
793 2341 928 2378 videtur,
944 2347 980 2372 ut
995 2341 1052 2383 qui
1067 2341 1155 2371 nullo
1172 2341 1265 2372 modo
1292 2341 1362 2382 quis
1386 2341 1508 2372 Menon
1523 2342 1574 2380 sit,
1589 2353 1647 2373 no-

182 2395 233 2431 rit,
250 2400 352 2426 utrum
369 2399 473 2426 tamen
488 2395 589 2426 bonus
605 2402 660 2426 aut
674 2396 761 2427 dives
774 2401 829 2427 aut
840 2406 1020 2438 generosus,
1031 2405 1069 2426 an
1083 2401 1191 2426 contra
1205 2395 1255 2431 sit,
1267 2395 1398 2426 noscat?
1445 2395 1542 2427 ΜΕΝ.
1564 2395 1650 2427 Mihi

181 2448 308 2489 quidem
335 2458 544 2490 nequaquam.
590 2449 638 2480 At
659 2461 731 2481 vero
750 2450 819 2491 ipse
843 2461 875 2482 re
891 2460 974 2485 vera,
998 2460 1017 2480 o
1043 2449 1201 2489 Socrates,
1216 2449 1294 2489 quid
1320 2448 1361 2479 sit
1376 2449 1473 2480 virtus
1496 2449 1646 2491 ignoras?

180 2501 248 2532 Ista
261 2502 302 2532 de
318 2506 350 2533 te
363 2502 396 2533 in
413 2502 514 2543 patria
533 2502 802 2534 renuntiabimus?
847 2504 901 2535 So.
925 2503 1002 2534 Non
1028 2502 1059 2534 id
1087 2513 1196 2544 quasso
1213 2502 1326 2540 solum,
1339 2503 1451 2540 amice,
1468 2503 1553 2534 domi
1570 2514 1647 2545 prae-

185 2556 273 2587 dices
287 2567 294 2586 ε
319 2565 423 2586 verum
435 2556 542 2592 etiam,
558 2558 643 2597 quod
659 2557 780 2588 nullum
795 2567 944 2599 unquam,
957 2563 992 2588 ut
1003 2557 1079 2587 mihi
1096 2557 1228 2593 videtur,
1239 2556 1273 2587 id
1287 2556 1436 2588 scientem
1452 2562 1562 2588 nactus
1580 2557 1650 2588 sim.

186 2611 283 2642 Men.
307 2608 388 2651 Ergo
409 2620 450 2641 ne
475 2609 626 2651 Gorgiam
651 2610 791 2652 quidem,
816 2622 887 2642 cum
913 2611 965 2642 hic
991 2615 1243 2650 commoraretur,
1260 2610 1430 2652 aliquando
1453 2610 1650 2642 convenisti?

185 2664 243 2695 So.
265 2663 432 2704 Equidem.
476 2663 574 2695 Men.
597 2664 649 2694 An
664 2665 732 2696 haec
748 2665 889 2706 ignorare
905 2665 960 2696 tibi
977 2665 1059 2696 visus
1074 2664 1146 2696 est?
1193 2664 1249 2696 So.
1271 2663 1368 2696 Haud
1379 2664 1464 2703 satis,
1480 2676 1499 2696 o
1512 2663 1649 2702 Menon,

183 2717 310 2749 memini
325 2729 332 2748 ε
360 2717 506 2759 ideoque,
525 2717 601 2759 quid
618 2723 683 2748 tum
700 2718 775 2749 mihi
791 2718 892 2750 visum
916 2718 1020 2755 fuerit,
1037 2718 1069 2749 in
1097 2718 1264 2760 praesentia
1280 2717 1390 2750 referre
1406 2729 1541 2760 nequem
1586 2718 1650 2750 Sed

185 2770 263 2802 forte
282 2776 314 2802 et
329 2770 381 2802 iile
396 2771 496 2808 novit,
511 2777 544 2802 et
558 2777 592 2802 tu
614 2772 690 2813 quid
707 2771 760 2803 ille
773 2772 926 2808 docuerit,
943 2777 1042 2804 tenes.
1066 2782 1172 2813 quare,
1189 2772 1212 2803 si
1231 2772 1346 2813 placet,
1362 2772 1430 2813 ipse
1445 2772 1552 2803 dicas:
1575 2782 1648 2803 nam

187 2830 222 2856 tu
239 2825 368 2856 forsitan
387 2836 458 2857 cum
484 2824 540 2856 isso
566 2825 726 2856 convenis.
770 2826 869 2857 Men.
893 2826 1058 2858 Convenio
1082 2826 1238 2868 equidem.
1282 2826 1337 2857 So.
1360 2825 1441 2856 Eum
1456 2825 1560 2867 igitur,
1577 2835 1648 2857 curn

187 2878 280 2920 absit,
293 2879 483 2910 omittamus.
506 2879 574 2920 ipse
589 2889 674 2920 vero,
688 2890 708 2910 o
731 2879 868 2916 Menon,
885 2879 948 2917 dic,
965 2889 1020 2920 per
1045 2879 1122 2910 deos
1143 2880 1295 2916 obsecro,
1308 2879 1385 2921 quid
1412 2890 1479 2910 esse
1501 2879 1649 2909 virtutem

186 2931 364 2964 existimes:
389 2933 454 2970 die,
467 2933 609 2975 inquam,
625 2943 684 2964 nec
700 2932 861 2964 invideas:
887 2937 921 2964 ut
936 2933 1088 2964 fortunati
1109 2932 1274 2974 cujusdam
1297 2931 1451 2964 mendacii
1473 2931 1649 2971 redarguar,

182 2985 208 3016 si
223 2985 350 3027 quidem
366 2991 399 3018 tu
415 2991 447 3019 et
461 2986 594 3030 Gorgias
611 2987 642 3019 id
658 2997 848 3030 cognoscere
866 2986 1047 3025 videamini,
1066 2998 1138 3019 cum
1165 2993 1269 3019 tamen
1293 2997 1352 3028 ego
1375 2985 1492 3018 nemini
1508 2994 1646 3026 unquam
