1846 3268
220 277 300 316 436
630 313 633 315 ,
818 275 1081 317 PLATONIS
1613 281 1684 334 [⁷3

220 391 279 413 nos
293 381 372 418 haec,
388 385 424 414 ut
437 381 576 419 arbitror,
586 374 804 412 concessisse?
811 379 883 412 Nisi
892 381 975 413 enim
989 381 1140 414 continue
1150 381 1246 414 altera
1256 381 1390 415 vicissim
1403 381 1508 415 alteris
1521 383 1688 416 redderen-

219 438 282 472 tur,
297 435 385 477 quasi
399 436 537 478 quodam
552 435 670 467 circulo
685 434 868 476 remeantia,
883 436 938 467 sed
955 435 1074 468 directa
1087 436 1230 479 quasdam
1243 437 1416 479 progressio
1433 437 1524 475 foret,
1535 437 1689 469 duntaxat

219 498 259 518 ex
273 487 371 520 altero
396 489 429 520 in
453 487 522 530 ejus
550 488 743 530 oppositum,
769 498 873 530 neque
895 498 997 520 rursus
1019 489 1251 521 reflecterentur
1273 490 1306 522 in
1331 491 1461 523 alterum
1484 491 1686 533 facerentque

221 551 398 583 regressum
415 553 425 582 3
442 542 548 573 omnia
565 542 704 578 tandem,
718 541 794 572 mihi
809 542 914 578 crede,
928 543 1060 574 eandem
1073 542 1212 574 subirent
1225 544 1353 585 figuram
1366 550 1461 587 atque
1476 545 1687 582 affectionem,

220 594 351 638 fierique
362 601 530 629 cessarent.
555 594 617 629 Cu.
633 595 779 632 Quonam
787 595 818 626 id
826 601 920 637 pacto
929 595 1028 628 dicis?
1050 596 1106 629 So.
1124 596 1375 640 Haudquaquam
1387 598 1550 631 intellectu
1558 598 1687 632 difficile

224 654 285 690 est,
299 650 384 691 quod
403 649 524 691 loquor.
568 646 705 681 Perinde
721 648 805 680 enim
820 649 898 681 ac'si
914 649 946 680 in
962 659 1104 682 somnum
1119 651 1282 682 caderetur
1297 652 1436 694 quidem,
1450 652 1490 684 ab
1504 663 1543 684 eo
1559 662 1631 685 vero
1652 652 1687 685 in

221 701 364 744 vigiliam
389 713 550 746 nunqnam
578 708 797 745 resurgeretur.
820 703 947 735 minime
971 709 1003 735 te
1026 704 1114 742 latet,
1129 704 1234 736 omnia
1249 705 1375 737 tandem
1391 716 1430 737 eo
1445 706 1628 743 deventura,
1651 712 1688 738 ut

221 754 407 799 Endymion
420 756 552 788 ridicula
577 757 722 799 quaedam
737 756 844 788 sabula
859 756 1012 795 videatur,
1035 767 1139 799 neque
1163 763 1313 800 appareat
1329 769 1479 802 usquam3
1500 771 1571 792 cum
1583 766 1688 793 cetera

221 819 349 852 quoque
364 811 508 842 universa
523 821 632 842 somno
648 810 789 842 similiter
811 811 1038 852 opprimantur.
1083 812 1221 844 Proinde
1241 812 1266 843 si
1281 813 1545 845 confunderentur
1557 814 1686 856 quidem

221 863 339 900 omnia,
354 874 513 906 nunquam
525 875 597 896 vero
611 864 870 906 discernerentur,
880 865 1075 908 Anaxagoras
1087 866 1164 897 iilud
1178 872 1306 908 repente
1317 867 1524 909 contingeret.
1535 867 1687 900 Universa

221 916 371 949 videlicet
385 922 453 950 esse
469 918 570 949 simul.
616 918 735 949 Eadem
752 919 882 956 ratione,
899 930 917 949 o
934 919 1032 951 amice
1049 919 1163 956 Cebes.
1182 920 1222 960 si,
1237 931 1432 963 quascunque
1447 921 1541 952 vitam
1555 926 1687 964 accepe-

219 970 294 1009 rint,
310 971 490 1014 moriantur‚
505 976 626 1003 mortua
642 983 714 1003 vero
727 983 798 1004 cum
813 972 941 1010 fuerint,
958 978 1078 1004 mortua
1092 974 1306 1016 relinquantur
1322 984 1424 1016 neque
1439 975 1550 1006 iterum
1562 975 1689 1007 revivis-

219 1030 294 1056 cant
306 1037 315 1065 ;
338 1036 379 1056 an
395 1036 458 1056 non
479 1025 686 1057 necessarium
702 1031 750 1057 est
772 1026 916 1064 omnino,
938 1032 1054 1059 cuncta
1076 1028 1202 1058 demum
1226 1027 1378 1059 interiisse
1401 1027 1543 1070 nihilque
1559 1027 1688 1060 vivere?

219 1078 305 1111 Nam
330 1080 355 1111 si
370 1091 406 1112 ex
424 1081 492 1113 aliis
507 1081 635 1124 quidem
660 1081 796 1112 viventia
823 1081 944 1120 fierent,
962 1087 1071 1123 postea
1096 1092 1168 1113 vero
1191 1083 1340 1124 perirent,
1363 1082 1439 1125 quid
1460 1083 1608 1126 obstaret,
1623 1093 1688 1125 quo

221 1133 324 1165 minus
340 1133 374 1165 in
398 1134 556 1167 interitum
579 1139 694 1167 cuncta
719 1136 1000 1167 consumerentur?
1048 1136 1110 1168 Ca.
1133 1135 1222 1167 Nihil
1246 1146 1383 1178 prorsus,
1405 1147 1425 1167 ο
1441 1136 1608 1176 Socrates3
1630 1137 1686 1168 sed

221 1187 300 1219 mihi
315 1189 443 1221 omnino
459 1200 529 1221 vera
553 1189 640 1232 loqui
655 1189 780 1222 videris.
824 1190 882 1222 So.
907 1190 965 1221 Est
989 1195 1084 1227 certe,
1101 1201 1120 1221 0
1137 1190 1251 1227 Cebes,
1266 1190 1397 1221 maxime
1418 1190 1557 1222 omnium
1573 1189 1630 1228 ita,
1652 1195 1691 1222 ut

220 1242 299 1274 mihi
313 1243 459 1283 videtur;
483 1254 587 1286 neque
610 1254 666 1275 nos
682 1245 748 1275 haec
763 1243 832 1286 ipsa
854 1244 942 1286 quasi
966 1244 1094 1286 decepti
1116 1243 1251 1275 confessi
1266 1254 1393 1276 sumus:
1418 1245 1473 1276 sed
1488 1255 1591 1276 revera
1606 1245 1691 1277 revi-

220 1296 372 1328 vincentia
397 1302 456 1335 est,
480 1304 574 1340 atque
601 1309 639 1329 ex
666 1298 793 1329 mortuis
819 1298 959 1329 viventes
986 1297 1076 1335 fiunt,
1103 1302 1356 1340 mortuorumque
1380 1303 1548 1340 supersunt
1562 1299 1692 1333 animae.

221 1354 316 1392 atque
332 1351 421 1383 bonis
437 1352 564 1394 quidem
580 1352 691 1383 melius
705 1358 775 1390 cst;
799 1351 887 1383 malis
911 1362 983 1382 vero
1000 1351 1104 1394 pejus,
1147 1351 1211 1386 Cu.
1235 1352 1337 1394 Atqui
1353 1357 1384 1383 et
1399 1352 1572 1384 secundum
1595 1352 1690 1391 illud,

220 1415 240 1436 o
256 1405 411 1442 Socrates,
427 1407 513 1447 quod
527 1406 705 1448 frequenter
717 1415 866 1447 usurpare
879 1405 972 1441 soles,
982 1405 1006 1436 si
1020 1405 1114 1437 modo
1127 1416 1232 1437 verum
1246 1411 1306 1443 est,
1319 1405 1529 1448 Disciplinam
1542 1406 1693 1439 videlicet

221 1464 357 1489 nostram
374 1459 453 1491 nihil
469 1470 536 1491 esse
551 1459 637 1491 aliud
654 1470 748 1502 quam
763 1459 1026 1491 reminiscentiam
1042 1471 1050 1490 ε
1075 1464 1108 1491 et
1122 1459 1295 1491 secundum
1319 1455 1391 1497 hoc,
1407 1459 1546 1501 inquam,
1561 1470 1689 1493 necesse

222 1517 282 1550 est,
295 1523 353 1544 nos
367 1513 399 1544 in
416 1514 566 1556 superiori
581 1515 717 1556 quodam
734 1520 874 1556 tempore
890 1524 940 1551 ea,
955 1523 1086 1556 quorum
1103 1524 1187 1544 nunc
1203 1513 1441 1550 reminiscimur,
1454 1512 1614 1547 didicisse.
1649 1513 1691 1546 Id

223 1577 296 1597 vero
312 1563 377 1598 fieri
393 1578 458 1598 non
474 1573 592 1609 posset,
609 1567 667 1598 nisi
692 1567 778 1610 prius
802 1567 907 1598 anima
929 1572 1034 1598 nostra
1058 1566 1134 1609 [73]
1157 1566 1267 1598 fuisset
1289 1566 1416 1604 alicubi,
1432 1577 1527 1609 quam
1552 1567 1691 1600 inhanc

221 1620 389 1652 humanam
405 1621 543 1663 speciem
561 1622 733 1653 devcniret⁴
756 1622 955 1664 quamohrem
971 1625 1003 1652 et
1018 1621 1078 1652 hac
1093 1621 1213 1652 ratione
1234 1619 1408 1652 immortale
1423 1620 1574 1662 quiddam
1588 1621 1693 1653 anima

224 1674 346 1706 videtur
360 1686 438 1708 esse.
485 1675 566 1708 Suu.
590 1676 709 1713 Quales
724 1675 818 1718 hujus
837 1675 882 1708 rei
897 1674 1176 1707 demonstrationes
1200 1675 1309 1711 habeS,
1326 1685 1344 1705 o
1369 1674 1497 1706 Cebes?
1541 1674 1692 1708 Comme-

222 1738 308 1760 mora
323 1739 376 1760 eas
391 1729 492 1762 nobis.
536 1730 611 1762 Non
627 1730 710 1762 enim
727 1731 800 1762 satis
815 1730 850 1761 in
865 1729 1031 1771 praesentia
1048 1729 1186 1761 memini.
1231 1728 1292 1761 Cu.
1315 1728 1389 1760 Una
1410 1728 1537 1771 quidem
1550 1729 1629 1761 ratio
1641 1734 1691 1761 est

221 1782 442 1825 pulcherrima,
458 1784 543 1826 quod
559 1784 737 1825 interrogati
753 1783 906 1821 homines,
920 1784 943 1814 si
961 1784 1031 1826 quis
1043 1794 1097 1814 eos
1109 1788 1191 1815 recte
1203 1782 1382 1825 interroget,
1393 1782 1454 1825 ipsi
1465 1782 1569 1814 omnia
1581 1793 1692 1825 quem-

222 1837 392 1869 admodum
408 1843 492 1876 sunt,
515 1838 720 1880 respondent.
765 1837 866 1880 Atqui
881 1848 1043 1880 nunquam
1067 1837 1100 1869 id
1115 1837 1217 1870 facere
1245 1841 1385 1879 possent,
1405 1836 1463 1867 nisi
1479 1836 1596 1868 inesset
1615 1835 1695 1879 ipsis

222 1891 356 1923 scientia
369 1897 516 1934 rectaque
531 1893 620 1925 ratio.
646 1891 784 1928 Deinde,
801 1892 827 1923 si
843 1892 914 1933 quis
929 1902 983 1923 eos
999 1892 1038 1923 ad
1055 1891 1259 1933 geometricas
1272 1891 1383 1932 figuras
1398 1890 1692 1932 descriptionesque

222 1945 272 1976 vel
287 1945 388 1977 simile
400 1945 518 1988 aliquid
534 1946 736 1983 converterit,
753 1945 797 1976 ibi
813 1945 976 1976 manifeste
992 1945 1175 1986 comperiet,
1186 1945 1230 1976 ita
1243 1944 1276 1976 id
1293 1955 1326 1975 se
1342 1944 1467 1976 habere.
1490 1943 1546 1975 So.
1569 1943 1602 1976 Si
1612 1944 1695 1987 haec,

222 2008 242 2029 ο
261 1998 402 2036 Simmia,
418 2000 496 2031 ratio
514 2000 568 2031 tibi
584 2010 648 2030 non
665 1999 827 2041 satisfacit,
843 2000 984 2035 attende,
1001 2009 1040 2029 an
1056 1998 1100 2030 sic
1117 1998 1174 2030 tibi
1188 1997 1397 2030 consideranti
1409 1997 1493 2029 idem
1506 1997 1591 2041 quod
1602 1998 1693 2030 nobis

222 2051 378 2084 videatur.
424 2053 550 2085 Diffidis
565 2053 662 2090 enim,
678 2064 762 2094 eam,
777 2064 870 2094 quam
886 2053 1086 2094 disciplinam
1103 2057 1231 2089 vocant,
1242 2051 1501 2083 reminiscentiam
1510 2062 1578 2084 esse
1588 2062 1693 2094 posse·

222 2106 301 2139 Sim.
324 2106 419 2138 Haud
437 2107 581 2150 equidem
600 2107 720 2138 diffido.
767 2107 983 2139 Veruntamen
1000 2107 1032 2137 id
1059 2106 1188 2147 expedit
1204 2105 1280 2136 mihi
1303 2105 1436 2145 discere,
1456 2106 1497 2136 de
1511 2115 1574 2148 quo
1589 2115 1693 2137 sermo

223 2166 282 2198 est,
299 2161 421 2194 scilicet
436 2161 603 2195 reminisci.
649 2161 699 2192 Ac
716 2161 812 2193 fenne
827 2172 865 2193 ex
880 2161 940 2197 his,
956 2171 1026 2204 quae
1042 2161 1144 2193 Cebes
1164 2160 1261 2202 coepit
1275 2159 1392 2197 dicere,
1405 2159 1472 2201 jam
1487 2159 1645 2197 recordor.
1658 2165 1693 2191 et

222 2215 328 2246 credo.
374 2215 485 2247 Nihilo
503 2216 605 2247 minus
621 2221 724 2247 tamen
741 2221 773 2247 et
789 2226 807 2247 a.
822 2220 868 2257 te,
894 2226 912 2246 o
928 2216 1085 2252 Socrates,
1100 2225 1164 2256 qua
1178 2214 1297 2246 ratione
1311 2213 1345 2245 id
1371 2213 1466 2245 modo
1479 2213 1610 2256 probare
1623 2213 1694 2255 ipse

223 2268 467 2310 aggrediebaris,
496 2269 684 2311 perlibenter
711 2269 862 2302 audirem.
906 2270 962 2301 So.
985 2269 1055 2300 Hac
1083 2268 1228 2311 equidem
1259 2268 1392 2299 ratione.
1413 2267 1598 2298 confitemur
1618 2277 1695 2299 sane

222 2323 468 2364 quodammodo.
491 2323 517 2354 si
541 2323 611 2366 quis
635 2323 770 2365 alicujus
796 2323 1023 2361 reminiscatur,
1049 2328 1192 2366 oportere
1220 2322 1324 2364 ipsum
1351 2320 1438 2363 prius
1467 2320 1637 2362 aliquando
1659 2320 1694 2352 id

223 2375 363 2409 scivisse.
407 2377 486 2409 Sim.
511 2377 653 2408 Prorsus.
697 2378 755 2411 So.
779 2378 933 2420 Nunquid
957 2388 1031 2419 ergo
1054 2382 1087 2409 et
1101 2377 1161 2408 hoc
1184 2376 1379 2411 confitemur.
1394 2374 1540 2417 quotiens
1562 2373 1694 2406 scientia

224 2429 285 2461 hoc
302 2430 396 2461 modo
413 2431 570 2471 provenit,
587 2430 849 2462 reminiscentiam
866 2441 935 2462 eam
950 2441 1017 2462 esse
1031 2431 1042 2461 ἓ
1066 2431 1140 2462 dico
1155 2434 1258 2461 autem
1276 2429 1336 2460 hoc
1352 2434 1458 2470 pacto.
1481 2428 1506 2459 si
1520 2427 1591 2470 quis
1605 2426 1693 2459 aliud

223 2484 375 2526 quiddam
391 2483 506 2515 viderit
522 2484 570 2515 vel
587 2484 743 2516 audiverit
758 2484 805 2516 vel
820 2485 882 2516 alio
899 2484 1074 2526 perceperit
1088 2494 1192 2519 sensu.
1205 2493 1306 2525 neque
1317 2481 1416 2513 solum
1428 2481 1565 2524 idipsum
1576 2492 1694 2524 cogno·

224 2543 304 2575 scat,
330 2548 437 2569 verum
460 2538 553 2570 etiam
579 2544 730 2580 agnoscat
754 2538 839 2570 aliud
867 2538 1032 2581 quiddam,
1055 2538 1146 2580 cujus
1171 2548 1235 2569 non
1262 2547 1324 2568 una
1340 2536 1525 2578 eademque,
1550 2536 1605 2567 sed
1632 2536 1695 2568 alia

223 2592 355 2624 scicntia
378 2591 439 2632 sit;
462 2603 567 2624 nonne
594 2593 702 2625 merito
730 2594 883 2631 dicemus,
906 2594 990 2625 hunc
1015 2593 1083 2635 ejus
1107 2592 1152 2624 rei
1179 2591 1346 2627 reminisci,
1361 2591 1395 2622 in
1415 2589 1506 2632 cujus
1519 2589 1696 2632 pervenerit

224 2645 414 2678 notionem?
459 2646 537 2678 Sua.
563 2647 710 2684 Quonam
727 2653 819 2689 pacto
835 2648 866 2678 id
893 2647 997 2679 dicis?
1042 2647 1100 2678 So.
1122 2647 1205 2678 Hoc.
1229 2645 1290 2676 alia
1311 2644 1544 2687 quodammodo
1558 2643 1696 2676 hominis

228 2700 360 2732 scientia
374 2705 433 2738 cst,
460 2700 521 2732 alia
536 2700 624 2742 lyrae.
669 2701 749 2734 Sim.
773 2701 918 2739 Quidni?
963 2702 1020 2733 So.
1043 2701 1098 2733 An
1124 2701 1247 2743 ignoras
1272 2700 1332 2732 hoc
1358 2698 1534 2730 amantibus
1555 2698 1693 2734 evenire.

228 2764 301 2786 cuin
319 2753 416 2796 lyram
433 2759 488 2784 aut
502 2759 618 2785 vestem
644 2760 698 2786 aut
713 2755 789 2797 quid
805 2755 889 2787 aliud
917 2767 954 2787 ex
976 2756 1025 2787 his
1051 2755 1216 2797 aspiciant,
1239 2754 1352 2796 quibus
1376 2752 1424 2784 uti
1447 2763 1554 2785 eorum
1579 2751 1693 2794 puelle

228 2813 341 2839 amatas
367 2816 606 2840 consueverunt.
631 2819 702 2839 nain
725 2814 757 2840 et
780 2815 955 2851 agnoscunt
979 2809 1089 2851 lyram,
1116 2814 1148 2839 et
1172 2807 1262 2839 simul
1289 2811 1393 2838 niente
1408 2806 1536 2837 formam
1551 2805 1694 2837 recolunt

228 2862 356 2903 puellas,
373 2861 464 2903 cujus
478 2867 543 2893 erat
561 2862 639 2904 lyra.
671 2863 743 2894 Hoc
759 2874 830 2894 vero
847 2869 894 2895 est
909 2863 1074 2895 reminisci.
1098 2873 1156 2894 ceu
1173 2862 1199 2893 si
1214 2861 1296 2903 quis,
1311 2871 1381 2892 cum
1397 2859 1555 2891 Simmiam
1569 2857 1695 2900 viderit,

225 2926 310 2957 saepe
326 2915 454 2947 Cebetis
476 2916 675 2955 recordetur3
699 2922 731 2947 ct
757 2923 860 2949 cetera
884 2917 1023 2959 ejusdem
1050 2917 1169 2959 generis
1189 2916 1324 2947 infinita.
1369 2914 1450 2946 Suu.
1473 2911 1614 2950 Infinita,
1638 2921 1696 2954 per,

227 2968 354 3000 Jovem.
398 2970 454 3001 So.
476 2970 526 3000 An
544 2981 607 3001 non
623 2971 715 3012 igitur
733 2971 793 3003 tale
806 2971 957 3013 quiddam
974 2971 1146 3003 recordatio
1169 2971 1312 3011 quiedam
1328 2968 1399 2999 cst?
1422 2966 1552 2998 maxime
1568 2975 1653 3001 vero.
1667 2965 1695 2997 si

226 3023 257 3056 id
274 3023 362 3055 nobis
379 3023 410 3055 in
426 3024 486 3056 illis
503 3024 665 3067 contingat
680 3026 781 3064 rebuS,
805 3037 882 3068 quas
898 3027 1097 3068 longitudine
1117 3024 1265 3066 temporis
1288 3027 1319 3054 et
1337 3020 1528 3064 negligentia
1543 3019 1695 3052 oblivioni
