1832 3256
219 240 316 291 265]
798 229 1088 269 PHAEDRUS.
1582 291 1586 295 ι
1625 235 1673 273 21

217 353 285 374 esse
312 337 524 372 demonstras!
550 335 603 368 An
627 344 700 367 vero
726 333 804 365 nibil
829 333 926 364 dico?
950 332 1005 364 sed
1031 331 1142 374 Lysias
1167 330 1200 362 in
1224 331 1365 363 amatorii
1385 333 1536 366 sermonis
1550 337 1678 369 exordio

217 394 325 436 coegit
347 404 405 424 nos
427 391 615 433 intelligere,
635 388 784 420 Amorem
798 392 917 419 certum
933 386 1053 427 aliquid
1076 396 1154 423 esse,
1169 386 1255 427 quod
1277 386 1345 427 ipse
1368 387 1504 424 volebat,
1527 394 1622 430 atque
1637 392 1677 422 ad

216 448 250 479 id
266 446 430 489 sequentia
444 446 577 477 reserens
591 443 762 475 orationem
777 451 902 473 ornnem
917 439 1059 481 peregit?
1085 439 1181 470 Visne
1196 439 1385 482 principium
1401 451 1503 473 rursus
1518 442 1680 484 legamus?

216 501 312 533 Pam.
336 500 382 532 Ut
396 500 504 531 lubet:
529 497 671 540 quamvis
686 495 742 533 ibi,
759 495 843 537 quod
855 494 981 536 qumis,
995 493 1124 525 minime
1138 493 1189 524 sit.
1235 493 1290 524 So.
1313 494 1411 536 Lege,
1426 496 1562 527 utillum
1578 497 1680 538 ipsum

214 555 353 586 audiam.
398 553 492 585 Pam.
514 551 660 583 Mearum
675 550 801 592 quidem
823 559 924 580 rerum
939 553 1049 585 status,
1071 547 1153 579 sicut
1173 546 1365 585 intellexisti,
1388 559 1421 580 se
1434 550 1541 581 habet.
1586 557 1682 592 atque

215 617 288 639 cum
303 608 347 639 ita
362 607 413 644 sit,
428 605 691 648 quemadmodum
707 603 798 634 nobis
810 603 985 634 conducere
1008 606 1128 643 putem,
1143 600 1270 633 audisti.
1316 601 1413 644 [231]
1437 603 1580 635 Arbitror
1593 604 1682 646 equi-

215 661 302 699 dem,
315 670 380 693 non
395 660 497 692 minus
511 659 552 691 ob
567 658 599 690 id
615 659 670 689 abs
685 662 729 695 te,
739 657 856 703 siquid
872 656 1007 698 petiero,
1022 659 1275 692 consecuturum,
1290 656 1375 697 quod
1391 666 1494 688 amore
1507 657 1554 689 tui
1569 662 1680 700 captus

216 715 345 746 minime
359 724 438 747 sum.
461 724 533 745 nam
548 717 712 749 amatores,
725 721 798 742 cum
814 709 946 752 primum
962 720 1063 740 amare
1077 708 1239 747 desierint,
1254 709 1363 741 collati
1376 710 1522 743 beneficii
1538 712 1680 753 poenitet·

213 767 273 800 So.
297 768 490 800 Permultum
505 768 612 798 abesse
627 766 762 806 videtur,
773 769 823 806 ut,
838 764 923 806 quod
938 764 1115 806 quaerimus,
1130 763 1238 796 faciat.
1282 763 1436 805 siquidem
1452 775 1550 803 nonAa
1566 766 1681 807 princi·

214 821 282 863 pio,
298 822 351 853 sed
367 832 386 852 a
400 821 475 861 fine,
490 821 584 852 modo
599 819 736 862 quodam
760 828 910 850 converso
934 822 968 850 et
993 816 1142 859 resupino
1167 827 1338 848 sermonem
1366 818 1535 859 transigere
1558 819 1681 858 nititur,

212 874 388 917 incipitque
404 875 443 907 ab
457 874 530 910 illis,
544 884 615 916 quae
634 878 764 909 amator,
788 872 942 904 exstincto
964 882 1082 912 amore,
1103 871 1355 902 adolescentibus
1369 871 1490 914 objicit.
1533 872 1585 904 An
1601 873 1681 905 forte

214 929 293 960 nihil
309 929 384 969 dixi,
399 939 418 960 o
434 928 578 965 Phaedre,
593 927 634 958 mi
657 926 798 968 lepidum
820 926 940 968 caput?
986 926 1081 957 Pam.
1103 924 1191 956 Finis
1206 930 1254 956 est
1269 925 1422 966 profecto,
1438 936 1457 956 ο
1472 926 1626 965 Socrates,
1640 928 1683 959 de

214 992 279 1024 quo
298 993 469 1014 sermonem
491 982 597 1014 habet.
641 980 696 1012 So.
718 979 807 1018 Quid
831 979 916 1011 alia?
939 989 1046 1011 nonne
1071 979 1202 1020 sparsim
1223 979 1372 1010 sermonis
1394 984 1497 1021 partes
1516 981 1574 1011 tibi
1584 980 1682 1022 jactae

215 1036 380 1068 videntur?
404 1047 444 1067 an
459 1045 579 1072 censes,
603 1034 690 1076 quod
716 1033 854 1064 secundo
870 1032 941 1064 loco
966 1032 1103 1073 positum
1118 1036 1178 1069 est,
1204 1032 1390 1064 necessitate
1403 1034 1539 1075 quadam
1555 1034 1601 1065 ita
1615 1045 1682 1066 esse

215 1089 416 1131 subjunctum
429 1089 440 1119 ?
455 1093 510 1120 aut
524 1087 644 1129 aliquid
660 1086 744 1118 aliud
759 1086 798 1117 ab
813 1086 867 1116 illo
884 1086 1063 1118 dictorum?
1079 1085 1164 1116 Nam
1179 1086 1254 1117 mibi
1269 1086 1531 1128 quidem,utpote
1543 1089 1681 1119 omnium

214 1142 334 1184 ignaro,
350 1143 472 1174 videtur
484 1152 550 1173 non
564 1141 758 1181 ingenerose,
774 1138 930 1180 quidquid
946 1139 1058 1170 incidit
1072 1149 1092 1169 a.
1106 1138 1266 1179 scriptore,
1283 1138 1401 1169 dictum
1416 1139 1523 1171 fuisse.
1559 1147 1593 1171 tu
1608 1152 1682 1173 vero

215 1196 432 1227 necessitatem
440 1194 597 1226 scribendi
607 1193 742 1234 aliquam
753 1193 861 1228 habes,
870 1202 928 1233 per
940 1201 1035 1233 quam
1046 1191 1098 1222 ille
1106 1191 1195 1222 sicea
1204 1191 1337 1223 invicem
1347 1192 1497 1234 deinceps
1505 1193 1682 1236 disposuit?

215 1249 310 1280 Pus..
325 1249 473 1291 Optimus
482 1258 527 1285 es,
538 1258 557 1279 ο
571 1247 727 1284 Socratem,
743 1245 898 1287 siquidem
910 1256 959 1277 me
970 1251 1062 1287 putas
1074 1245 1191 1287 scripta
1202 1245 1281 1276 adeo
1292 1245 1449 1277 subtiliter
1459 1257 1550 1288 posse
1561 1247 1682 1290 dijudi-

214 1313 297 1335 care.
318 1303 373 1336 So.
389 1302 451 1334 Sed
466 1302 526 1333 hoc
541 1301 672 1332 arbitror
687 1305 719 1331 te
734 1300 903 1336 dicturum,
918 1304 1062 1341 oportere
1078 1299 1250 1330 orationem
1265 1309 1389 1330 omnem
1403 1304 1550 1342 tanquam
1567 1302 1682 1334 animal

214 1356 374 1398 quoddam
383 1355 548 1395 constitui,
555 1359 592 1385 ut
601 1364 690 1386 suum
698 1354 858 1395 quoddam
867 1354 982 1384 habeat
987 1363 1113 1395 corpus,
1123 1354 1210 1395 quod
1217 1363 1320 1395 neque
1327 1353 1394 1385 siue
1404 1354 1510 1395 capite
1517 1355 1571 1396 sit,
1578 1367 1682 1399 neque

214 1410 349 1451 pedibus
357 1410 533 1451 careat‚sed
544 1409 658 1440 habeat
665 1409 734 1440 med
739 1408 870 1450 iaatque
879 1412 1016 1440 extrema
1022 1407 1080 1438 sibi
1090 1407 1226 1439 invicem
1236 1411 1269 1438 et
1276 1407 1332 1438 toti
1343 1408 1574 1442 convenientia.
1587 1410 1683 1443 Pria:-

215 1463 360 1500 Quidni?
405 1463 460 1495 So.
482 1463 669 1503 Considera,
685 1472 804 1504 quaeso,
819 1467 922 1493 utrum
944 1461 1038 1493 amici
1062 1461 1108 1492 tui
1129 1460 1227 1492 oratio
1250 1460 1296 1492 sic
1310 1471 1356 1501 se,
1377 1472 1418 1493 an
1439 1462 1540 1501 aliter,
1556 1464 1682 1497 habeat.

215 1517 362 1559 reperies,
377 1527 446 1548 eam
460 1516 560 1548 nihilo
576 1517 616 1548 ab
627 1527 666 1547 eo
680 1516 903 1558 epigrammate
919 1515 1107 1557 discrepare,
1123 1515 1210 1557 quod
1226 1515 1326 1546 Midae
1342 1515 1483 1558 Phrygio
1497 1517 1683 1560 inscriptum

215 1571 360 1602 nonnulli
383 1571 479 1602 fuisse
501 1571 640 1602 tradunt.
684 1570 778 1602 Pam.
801 1570 889 1608 Quid
914 1569 1010 1606 istud,
1037 1573 1071 1601 et
1091 1569 1209 1612 quale?
1253 1569 1309 1600 So-
1330 1568 1440 1602 Audi:
1465 1572 1569 1604 AEneu
1590 1573 1683 1614 virgo

214 1633 297 1667 επιηι,
312 1624 416 1657 Midae
429 1625 569 1666 sepulcro
583 1625 745 1666 imposita,
756 1626 858 1665 quoad
868 1623 1050 1666 aquafluet,
1061 1623 1250 1664 arboresque
1258 1623 1427 1665 virescent,
1437 1624 1489 1657 hic
1496 1636 1683 1667 permanens

212 1679 478 1720 prester-euntibus
491 1679 644 1710 nuntiabo
658 1679 693 1710 in
707 1678 764 1710 hoc
778 1679 938 1719 deplorato
955 1677 1194 1717 MidamJac-ere
1207 1677 1358 1718 sepulcro.
1401 1677 1498 1715 Quod
1521 1690 1592 1711 vero
1605 1681 1683 1712 nihil

215 1731 356 1769 interest,
372 1732 545 1774 quamlibet
565 1731 634 1774 ejus
656 1737 774 1774 partem
797 1737 834 1762 ut
855 1732 997 1773 primam,
1011 1730 1062 1762 vel
1082 1735 1118 1762 ut
1131 1731 1272 1762 ultimam
1288 1741 1417 1772 ponere,
1433 1736 1469 1763 ut
1482 1733 1624 1775 arbitror,
1648 1739 1684 1766 tu

216 1785 286 1827 ipse
309 1786 407 1818 vides.
452 1786 546 1818 Pme.
569 1786 752 1817 Orationem
777 1790 912 1817 nostram
937 1785 1073 1823 mordes,
1097 1795 1116 1816 o
1142 1785 1295 1816 Socrates.
1338 1785 1395 1816 So.
1417 1785 1509 1818 Hanc
1536 1798 1621 1829 ergo,
1643 1799 1684 1820 ne

217 1839 308 1870 nobis
321 1849 517 1877 succenseas,
532 1840 724 1871 dimittamus
737 1850 746 1872 :
772 1838 916 1882 quamvis
930 1839 963 1870 in
977 1849 1016 1870 ea.
1029 1839 1129 1870 multa
1151 1839 1276 1880 reperiri
1290 1849 1381 1880 posse
1396 1841 1540 1882 exempla
1554 1841 1684 1874 videan-

217 1897 278 1930 tur,
293 1893 406 1934 quibus
420 1893 572 1935 inspectis
586 1893 707 1925 utilitas
722 1894 812 1925 nobis
827 1904 866 1926 ex
880 1894 941 1925 hoc
961 1898 1151 1935 proventura
1165 1893 1217 1930 sit,
1232 1903 1272 1924 ne
1288 1893 1364 1924 talia
1376 1893 1541 1928 imitemur.
1565 1895 1683 1928 Verum

215 1946 257 1978 ad
272 1947 427 1982 orationes
442 1947 519 1979 alias
533 1948 771 1980 descendamus.
793 1948 891 1990 [265]
912 1948 1072 1979 habebant
1084 1946 1150 1978 illae
1165 1946 1293 1989 quidem
1315 1948 1472 1986 nonnihil,
1486 1954 1523 1980 ut
1542 1949 1683 1988 arbitror,

216 2001 304 2042 quod
329 2011 350 2032 a
373 2000 446 2032 viris
469 2001 598 2034 dicendi
622 2001 772 2033 studiosis
797 2002 839 2033 sit
853 2002 1094 2034 observandum.
1138 2001 1233 2033 Pru-:-
1257 2001 1343 2039 Quid
1358 2001 1463 2034 illud?
1507 2003 1564 2035 So.
1585 2003 1685 2035 Erant

216 2054 327 2096 utique
342 2045 512 2086 contrariae.
556 2055 653 2087 altera
667 2055 822 2098 siquidem
838 2056 968 2098 amanti,
984 2055 1082 2088 altera
1096 2065 1161 2087 non
1177 2055 1293 2087 amanti
1303 2056 1520 2088 inhaerendum
1530 2067 1685 2089 assevera-

216 2107 282 2138 bat.
324 2107 419 2141 Pam.
441 2108 489 2140 Ac
510 2114 634 2141 strenue
659 2110 802 2151 quidem.
845 2110 903 2142 So,
927 2109 1024 2148 Quod
1048 2109 1150 2141 verius
1170 2114 1230 2151 est,
1252 2114 1283 2141 te
1296 2120 1513 2151 responsurum
1529 2117 1684 2153 putaram,

217 2159 378 2199 videlicet,
403 2161 450 2194 Ac
473 2162 587 2194 furiose
609 2163 748 2205 quidem.
792 2168 942 2201 ceterum,
965 2164 1052 2206 quod
1074 2164 1261 2205 quaerebam,
1284 2162 1316 2195 id
1332 2164 1435 2205 ipsum
1449 2169 1508 2195 est.
1551 2165 1684 2197 furorem

217 2215 375 2256 quendam
394 2214 549 2248 ,Amorem
574 2217 765 2249 vocavimus.
809 2228 851 2248 an
874 2228 939 2248 non
952 2218 963 2249 i
1007 2218 1101 2249 Prm.
1125 2217 1229 2250 Certe.
1253 2217 1309 2248 So.
1331 2217 1455 2249 Furoris
1478 2223 1581 2249 autem
1606 2220 1685 2251 duas

217 2268 338 2310 species
354 2269 498 2310 ponimus
511 2281 519 2300 :
544 2270 685 2309 alteram,
701 2272 740 2302 ab
755 2270 901 2302 humanis
915 2271 1029 2302 morbis
1043 2282 1052 2303 :
1077 2271 1216 2308 alteram,
1231 2281 1270 2302 ex
1285 2270 1475 2303 alienatione
1490 2271 1609 2310 divina,
1622 2283 1685 2315 qua

215 2327 304 2354 extra
328 2327 510 2355 consuetam
539 2323 610 2354 vitae
633 2324 889 2355 constitutionem
911 2324 980 2365 quis
994 2325 1124 2365 rapitur.
1168 2324 1263 2356 Pam.
1286 2323 1435 2355 Omnino.
1478 2326 1534 2356 So.
1559 2325 1685 2358 Divinae

216 2380 323 2407 autem
338 2381 441 2418 partes
457 2381 602 2418 quatuor,
613 2381 653 2408 -ut
666 2376 761 2408 etiam
784 2376 839 2408 Dii
855 2382 994 2419 praesunt
1015 2382 1159 2419 quatuor.
1203 2381 1236 2408 et
1249 2377 1389 2409 vaticinii
1411 2378 1538 2420 quidem
1553 2379 1686 2421 inspira-

217 2429 335 2461 tionem
360 2429 526 2472 Apollini:
564 2430 726 2473 mysteria,
753 2430 901 2474 Dionyso
914 2443 921 2462 :
960 2431 1133 2473 poeticam,
1161 2430 1287 2462 Musis:
1331 2431 1514 2463 amatorium
1538 2433 1684 2472 furorem,

219 2482 383 2516 Veneriet
395 2482 504 2515 Amori
519 2483 657 2516 omnium
672 2485 826 2527 optimum
842 2483 1019 2518 tribuimus.
1061 2485 1111 2516 Ac
1131 2485 1252 2526 nescio,
1267 2496 1331 2527 quo
1354 2486 1459 2523 modo,
1483 2487 1557 2518 dum
1573 2488 1684 2520 amorIs

219 2536 367 2568 affectum
393 2548 448 2579 per
472 2538 622 2580 imagines
646 2540 798 2581 quasdam
826 2539 1054 2581 effingeremus,
1077 2539 1239 2571 veritatem
1258 2539 1338 2570 forte
1352 2538 1487 2580 aliquam
1501 2540 1683 2582 attigimus:

219 2589 300 2621 sorte
313 2590 408 2621 etiam
423 2590 484 2623 alio
497 2593 677 2633 transgressi
691 2603 797 2624 sumus
811 2604 819 2624 :
843 2592 980 2634 ideoque
995 2592 1161 2624 miscentes
1174 2593 1345 2624 orationem
1357 2603 1421 2623 non
1434 2594 1560 2634 penitus
1571 2594 1684 2636 impro-

220 2642 369 2681 babilem,
394 2644 572 2676 fabulosum
595 2647 754 2688 quendam
768 2648 922 2690 hymnum
948 2647 1192 2688 composuimus,
1214 2652 1247 2678 et
1267 2646 1356 2688 quasi
1372 2646 1514 2678 ludentes
1529 2658 1631 2678 meum
1646 2658 1683 2679 ac

220 2701 323 2734 tuum,
347 2708 366 2729 ο
394 2697 537 2735 Phaedre,
563 2699 724 2731 dominum
748 2700 908 2738 Amorem,
929 2700 1130 2742 pulchrorum
1155 2700 1319 2742 praesidem
1344 2711 1520 2742 puerorum,
1544 2701 1685 2733 modeste

221 2749 427 2783 laudavimus.
469 2751 565 2783 Pfflz.
586 2752 665 2785 Haec
680 2754 756 2785 mihi
772 2755 882 2786 auditu
897 2765 961 2786 non
977 2753 1162 2796 injucunda.
1205 2755 1261 2786 So.
1285 2754 1356 2785 Hoc
1378 2753 1485 2795 itaque
1507 2754 1581 2786 inde
1603 2755 1685 2786 acci-

221 2804 356 2846 piamus,
371 2816 434 2847 quo
451 2810 544 2847 pacto
560 2816 580 2837 a
603 2806 887 2849 vituperationemd
914 2808 1022 2840 laudes
1037 2808 1209 2850 disputatio
1230 2807 1436 2850 pertransivit.
1479 2807 1572 2838 PM.
1596 2808 1684 2844 Quo-

221 2866 294 2890 nam
321 2859 414 2890 modo
441 2859 473 2891 id
497 2859 565 2891 ais?
611 2860 668 2892 So.
691 2861 776 2893 Mihi
801 2862 929 2904 quidem
955 2863 1098 2894 videmur
1111 2867 1215 2895 cetera
1239 2872 1346 2894 revera
1366 2861 1476 2892 lusisse
1490 2872 1498 2892 :
1523 2861 1599 2891 at-si
1613 2861 1684 2902 quis

222 2911 352 2945 duarum
367 2913 552 2956 specierum,
567 2913 602 2947 in
616 2924 694 2958 quas
710 2916 804 2949 modo
820 2924 858 2949 ex
878 2917 1002 2950 fortuma
1027 2916 1207 2955 incidimus,
1232 2915 1294 2948 vim
1314 2919 1379 2948 arte
1402 2914 1684 2957 comprehenderit,
