1846 3268
207 294 275 350 89]
837 293 1010 334 MENO.
1581 280 1658 341 281

201 401 355 438 videntur,
369 400 423 432 sed
449 398 532 431 aliud
549 398 697 441 quiddam
718 402 829 439 praeter
850 398 1023 434 scientiam,
1045 409 1149 430 nonne
1171 400 1324 431 interdurn
1342 399 1467 442 juvant,
1490 401 1659 444 aliquando

200 456 329 493 loedunt,
346 454 442 486 veluti
458 453 609 485 fortitudo
627 457 746 483 remota
763 452 953 492 prudentia?
989 463 1063 483 num
1080 453 1229 484 fortitudo
1250 454 1334 485 aliud
1351 460 1400 486 est
1415 465 1508 496 quarn
1532 457 1665 488 audacia

199 510 341 550 quaedam
355 521 361 539 :
385 513 418 539 et
431 508 558 550 quando
575 517 651 538 cum
667 506 793 537 ratione
811 506 856 536 vir
869 506 977 544 audet,
981 506 1129 548 juvatur:
1153 518 1224 539 cum
1239 508 1357 550 absque
1372 508 1503 550 ratione,
1518 509 1664 541 laeditur?

196 561 294 594 Mn.
315 562 366 594 Sic
380 567 437 594 est.
483 561 541 593 So.
562 559 788 602 Temperantia
803 570 930 602 quoque
956 566 989 591 et
1012 561 1156 592 docilitas
1184 562 1297 592 eodem
1326 562 1420 593 modo
1444 573 1517 594 cum
1540 562 1661 605 ratione

195 609 322 657 quidem
347 621 493 658 percepta
526 620 622 656 atque
646 613 776 646 condita
800 614 1012 645 emolumento
1043 619 1137 646 sunt:
1174 620 1282 646 contra
1312 620 1418 647 autern
1446 616 1659 649 detrimento?

193 669 292 701 Men.
315 670 418 708 Quam
434 669 576 700 maxime.
621 669 679 699 So.
703 668 749 699 Ut
764 677 838 709 ergo
853 668 1026 699 summatim
1043 667 1160 710 dicam,
1171 678 1279 699 omnes
1291 669 1402 700 animae
1412 669 1548 712 impetus
1563 675 1658 712 atque

194 733 301 755 omnes
312 723 540 755 declinationes
561 723 697 754 ducente
714 721 879 762 prudentia
895 721 936 752 ad
951 721 1177 753 beatitudinem
1193 722 1340 759 tendunt,
1355 722 1569 764 imprudentia
1583 735 1657 756 vero

193 778 232 808 ad
247 778 444 809 contrarium.
492 777 599 808 Men.
623 775 769 807 Videtur.
814 775 870 807 So.
895 775 1098 817 Quapropter
1111 776 1137 806 si
1152 775 1248 806 virtus
1261 775 1380 817 aliquid
1396 782 1444 807 est
1457 787 1576 815 eorum,
1588 788 1659 820 quae

192 831 366 863 consistunt
376 831 409 862 in
425 830 548 871 animo,
562 830 801 871 necessarioque
816 829 901 860 utilis
916 835 975 870 est,
990 828 1189 870 prudentiam
1205 830 1286 861 hanc
1297 840 1366 861 esse
1378 835 1503 871 oportet
1516 842 1523 862 :
1537 823 1659 874 quippe

190 895 261 916 cum
277 885 393 922 omnia,
410 895 480 927 quae
499 889 572 916 sunt
584 883 667 915 circa
685 882 837 923 animum,
853 882 921 924 ipsa
932 882 1060 923 quidem
1075 883 1248 914 secundum
1265 892 1298 914 se
1307 882 1376 924 ipsa
1391 893 1450 915 nec
1462 883 1659 923 conferentia

190 949 293 980 neque
306 938 400 970 noxia
416 939 490 975 sint,
516 937 667 979 adjuncta
682 947 755 968 vero
780 936 949 978 prudentia
965 935 1013 967 vel
1040 936 1253 977 imprudentia
1279 937 1384 968 statim
1410 942 1466 968 aut
1487 937 1578 969 utilia
1602 943 1657 970 aut

189 992 283 1024 noxia
297 992 384 1025 fiant.
408 993 466 1023 hac
480 991 587 1033 itaque
602 992 722 1023 ratione
736 990 894 1026 virtutem,
909 1001 979 1021 cum
993 989 1126 1021 maxime
1137 990 1276 1022 omnium
1287 991 1439 1028 conferat,
1455 991 1660 1037 prudentiam¹

189 1046 344 1087 quandam
359 1039 434 1077 esse'
449 1045 657 1077 concluditur.
701 1045 799 1075 ΜΕΝ.
823 1043 908 1073 Mihi
935 1053 1010 1074 sane
1024 1042 1159 1074 videtur.
1205 1042 1262 1075 So.
1286 1043 1373 1081 Quin
1395 1044 1489 1075 etiarn
1514 1044 1550 1075 in
1573 1045 1655 1083 aliis,

189 1109 260 1141 quae
274 1100 368 1130 modo
383 1099 575 1135 dicebamus,
589 1097 782 1139 opulentiam
797 1101 892 1138 atque
908 1095 1034 1138 similia,
1049 1101 1115 1127 tum
1142 1096 1231 1128 utilia
1245 1108 1312 1129 esse
1329 1103 1396 1128 tum
1410 1097 1504 1128 noxia
1517 1110 1525 1129 ι
1548 1109 1655 1132 nonne

187 1147 449 1194 quemadmodum
464 1152 633 1194 prudentia
647 1151 759 1183 ceteris
784 1150 880 1181 animi
899 1149 1014 1180 viribus
1039 1154 1072 1181 et
1096 1149 1207 1182 officiis
1230 1151 1400 1192 praesidens
1427 1151 1517 1183 utilia
1539 1153 1655 1192 reddit,

186 1206 396 1247 imprudentia
410 1216 483 1238 vero
499 1205 664 1241 contraria,
682 1204 726 1236 sic
741 1209 774 1235 et
788 1204 849 1235 illis
867 1203 989 1234 animus
1005 1208 1089 1235 recte
1106 1209 1196 1235 utens
1211 1209 1305 1246 atque
1321 1205 1439 1237 ducens
1450 1205 1534 1237 bona
1545 1207 1654 1244 efficit,

186 1270 251 1291 non
265 1265 348 1292 recte
362 1265 467 1291 autem
481 1259 586 1291 mala?
630 1259 729 1289 ΜΕΝ.
752 1258 892 1289 Prorsus.
938 1257 994 1289 So.
1016 1256 1119 1288 Recte
1134 1262 1238 1289 autem
1250 1258 1338 1290 ducit
1352 1259 1473 1290 animus
1488 1260 1626 1301 prudens
1640 1271 1650 1302 r

183 1314 364 1356 imprudens
379 1313 509 1344 aberrat.
553 1313 651 1345 Men.
675 1312 756 1343 Sunt
780 1312 848 1343 haec
864 1321 946 1343 vera.
992 1311 1050 1342 So.
1075 1311 1286 1348 Quamobrem
1310 1312 1437 1344 omnino
1450 1314 1650 1346 asserendum

184 1373 243 1408 est,
257 1373 359 1400 cetera
373 1367 500 1408 quidem
524 1367 659 1397 humana
675 1365 782 1397 omnia
803 1365 908 1396 referri
930 1365 971 1396 ad
997 1365 1156 1396 animum:
1180 1370 1214 1396 et
1234 1376 1305 1407 quae
1325 1365 1360 1396 in
1382 1366 1487 1398 animo
1501 1372 1586 1405 sunt,
1608 1369 1651 1400 ad

183 1421 393 1463 prudentiam.
417 1421 442 1452 si
459 1421 552 1452 modo
574 1420 649 1462 [89]
674 1420 758 1451 bona
771 1419 877 1450 futura
893 1423 987 1450 sunt:
1012 1429 1113 1461 eaque
1127 1419 1248 1450 ratione
1263 1419 1430 1461 prudentia
1452 1420 1557 1462 ipsum
1572 1432 1650 1454 con-

181 1475 283 1507 ferens
297 1474 366 1506 erit.
389 1474 533 1505 virtutem
557 1484 626 1505 vero
651 1473 791 1505 conferre
812 1473 1023 1514 praediximus.
1069 1473 1170 1506 ΜΕΝ.
1193 1473 1345 1505 Omnino.
1390 1474 1445 1506 So.
1467 1474 1551 1517 Ergo
1573 1486 1649 1518 pru.

181 1522 319 1560 dentiam
343 1528 499 1565 virtutem,
523 1532 578 1559 aut
602 1528 781 1559 universam
807 1531 863 1558 aut
889 1532 1007 1568 partem
1031 1526 1167 1569 aliquam
1183 1528 1376 1560 confitemur.
1420 1528 1520 1559 ΜΕΝ.
1543 1528 1648 1562 Recte

179 1582 257 1614 mihi
271 1584 338 1614 haec
353 1582 458 1613 omnia
472 1581 536 1613 dici
550 1581 704 1613 videntur.
751 1581 804 1613 So.
828 1581 946 1612 Nonne
962 1581 988 1612 si
1005 1582 1071 1613 haec
1085 1581 1131 1612 ita
1145 1592 1178 1613 se
1202 1582 1330 1619 habent,
1345 1582 1428 1613 haud
1445 1584 1648 1625 naturalboni

178 1637 321 1674 homines
343 1636 457 1668 erunt?
501 1635 599 1667 ΜΕΝ.
621 1635 718 1666 Haud
746 1635 823 1666 mihi
845 1635 1001 1666 videntur.
1045 1636 1102 1668 So.
1125 1635 1165 1667 Id
1195 1641 1345 1678 praeterea
1374 1636 1591 1678 contingeret:
1616 1637 1644 1669 si

178 1695 288 1722 natura
302 1690 377 1721 boni
403 1690 523 1727 fierent,
538 1690 683 1721 adessent
697 1690 837 1731 profecto
853 1690 956 1727 nobis,
972 1688 1028 1731 qui
1053 1689 1134 1721 filios
1150 1694 1271 1721 nostros
1283 1693 1402 1721 natura
1416 1691 1516 1722 bonos
1531 1691 1645 1733 digno-

179 1748 319 1776 scerent:
353 1754 469 1786 eosque
495 1754 553 1774 nos
576 1743 699 1775 illorum
725 1743 850 1776 indiciis
874 1743 1040 1786 seligentes
1066 1744 1100 1775 in
1125 1754 1196 1775 arce
1222 1744 1358 1786 quadam
1382 1755 1646 1786 conservaremus,

176 1797 247 1830 illos
269 1797 366 1829 multo
386 1797 484 1840 magis
504 1808 597 1839 quam
620 1808 727 1829 aurum
754 1797 971 1839 obsignantes,
994 1808 1034 1829 ne
1057 1797 1126 1840 quis
1150 1802 1372 1840 corrumperet,
1399 1799 1452 1830 sed
1475 1804 1644 1842 postquam
1685 1809 1690 1813 ·

180 1851 384 1889 adoleverint,
409 1851 502 1883 utiles
535 1856 640 1883 essent
666 1852 701 1882 in
732 1862 764 1883 re
794 1852 922 1894 publica
953 1852 1048 1884 cives.
1105 1852 1204 1884 ΜΕΝ.
1249 1852 1503 1893 Consentaneum
1526 1854 1600 1895 hoc,
1624 1865 1644 1886 o

175 1906 330 1938 Socrates.
374 1906 429 1938 So-
452 1905 532 1938 Cum
568 1916 641 1937 vero
674 1911 786 1937 natura
814 1906 891 1938 boni
919 1906 1048 1937 minime
1078 1906 1151 1944 sint,
1181 1916 1255 1937 num
1286 1905 1415 1937 forsitan
1444 1907 1642 1949 disciplina?

172 1954 271 1991 M'mr.
293 1959 510 1991 Necessarium
534 1959 567 1990 id
583 1965 737 2002 apparet:
763 1971 800 1992 ac
815 1961 987 1992 secundum
1012 1960 1203 2002 positionem
1227 1964 1363 1992 nostram
1389 1962 1539 2003 sequitur,
1554 1967 1591 1994 ut
1613 1963 1640 1994 si

174 2008 305 2047 scientia
317 2013 414 2045 virtus
437 2018 496 2051 est,
512 2014 656 2045 doctrina
671 2014 873 2056 percipiatur.
920 2014 978 2047 So,
1000 2014 1092 2046 Forte
1116 2025 1172 2056 per
1196 2014 1320 2047 Jovem.
1344 2025 1451 2046 vereor
1465 2020 1582 2053 tamen,
1598 2026 1639 2047 ne

173 2069 206 2101 id
221 2062 336 2102 temere
350 2067 483 2100 confessi
497 2068 658 2101 fuerimus.
702 2069 803 2100 ΜΕΝ.
823 2069 862 2100 In
887 2069 1097 2111 superioribus
1119 2069 1214 2111 plane
1227 2069 1263 2100 id
1278 2074 1361 2101 recte
1377 2069 1442 2101 dici
1457 2069 1558 2101 visum
1580 2074 1640 2102 est.

171 2123 227 2155 So.
250 2121 295 2154 At
309 2132 372 2154 non
387 2121 421 2153 in
437 2123 592 2164 praeterito
608 2122 719 2160 solum,
745 2123 799 2154 sed
815 2123 848 2154 in
863 2123 1010 2164 praesenti
1025 2123 1118 2154 etiarn
1134 2128 1167 2155 et
1181 2123 1285 2154 futuro
1302 2127 1443 2164 tempore
1459 2123 1521 2155 tale
1536 2123 1638 2156 videri

171 2171 278 2214 debet,
292 2175 408 2218 siquid
425 2176 457 2206 in
472 2186 511 2207 eo
526 2176 638 2208 sinceri
659 2176 797 2208 futurum
825 2182 883 2209 est.
929 2177 1029 2208 ΜΕΝ.
1054 2177 1214 2215 Quidnam
1241 2177 1456 2219 impedimenti
1479 2178 1548 2208 est?
1593 2178 1636 2209 ad

168 2230 243 2272 quid
267 2230 462 2272 potissimum
486 2229 655 2272 respiciens
679 2232 844 2273 suspicaris
872 2242 909 2263 ac
931 2231 1060 2272 diffidis,
1086 2241 1127 2262 ne
1148 2231 1228 2262 sorte
1251 2231 1346 2263 virtus
1361 2232 1492 2263 scientia
1505 2231 1634 2263 minime

169 2283 231 2315 sit?
275 2278 332 2315 So.
355 2282 468 2314 Dicam
489 2282 558 2325 tibi,
573 2293 592 2314 o
604 2284 743 2316 Menon.
767 2284 912 2316 virtutem
928 2284 1055 2326 quidem
1070 2284 1174 2316 doceri
1192 2295 1297 2327 posse,
1322 2285 1347 2316 si
1359 2285 1487 2327 quidem
1502 2285 1634 2318 scientia

166 2343 225 2375 est,
241 2328 438 2379 nequaquam
453 2335 573 2378 rejicio,
589 2338 676 2379 quasi
693 2338 794 2369 minus
816 2343 900 2370 recte
915 2338 956 2368 sit
974 2337 1093 2370 dictum
1108 2350 1116 2370 ε
1138 2339 1224 2380 quod
1246 2350 1318 2370 vero
1337 2339 1468 2371 scientia
1482 2339 1534 2377 sit,
1557 2340 1631 2371 vide

167 2400 208 2422 an
218 2389 290 2431 jure
304 2390 454 2422 diffidam.
498 2391 580 2432 Age,
596 2391 628 2422 id
651 2391 728 2422 mihi
749 2393 928 2433 responde:
952 2391 986 2422 Si
1008 2391 1084 2433 quid
1100 2392 1206 2423 doceri
1229 2397 1345 2434 potest,
1368 2402 1433 2423 non
1455 2393 1496 2424 de
1518 2393 1631 2425 virtute

167 2443 279 2481 solum,
295 2443 350 2475 sed
372 2444 413 2475 de
432 2444 574 2485 quolibet
595 2445 657 2476 alio
681 2445 804 2486 loquor,
829 2456 870 2476 an
891 2455 956 2476 non
976 2444 1060 2476 illius
1084 2450 1291 2487 praeceptores
1305 2446 1540 2489 discipulosque
1561 2457 1631 2479 esse

164 2497 286 2539 aliquos
311 2507 438 2529 necesse
463 2498 534 2529 est?
579 2498 678 2531 Men.
700 2499 786 2530 Mihi
811 2499 938 2541 quidem
965 2499 1099 2532 videtur.
1145 2500 1201 2532 So.
1224 2499 1269 2532 At
1300 2505 1420 2538 contra,
1445 2500 1538 2543 cujus
1568 2511 1628 2533 nec

165 2552 308 2583 doctores
322 2555 445 2582 exstant
458 2561 517 2582 nec
532 2552 702 2592 auditores,
717 2553 744 2584 si
768 2553 801 2584 id
825 2554 930 2585 doceri
950 2564 1014 2584 non
1035 2564 1128 2595 posse
1149 2552 1365 2596 conjiciamus,
1386 2565 1492 2586 nonne
1515 2555 1628 2597 proba-

165 2605 268 2637 biliter
289 2604 556 2646 conjectabimus?
600 2605 699 2638 Man.
723 2606 776 2638 Sic
799 2612 857 2638 est.
880 2607 935 2638 sed
962 2617 1036 2638 num
1059 2607 1181 2639 virtutis
1207 2613 1413 2649 praeceptores
1434 2608 1538 2640 nullos
1559 2619 1627 2640 esse

163 2659 295 2691 censes?
340 2659 397 2690 So.
421 2658 652 2700 Saepenumero,
668 2660 694 2691 si
709 2660 764 2702 qui
789 2660 882 2702 hujus
908 2662 1046 2703 magistri
1067 2666 1182 2699 essent,
1206 2660 1292 2693 omni
1306 2662 1412 2694 studio
1427 2662 1626 2703 investigavi,

163 2723 222 2744 nec
239 2722 376 2754 unquam
391 2711 508 2750 inveni,
523 2714 583 2744 etsi
596 2723 659 2744 una
672 2724 743 2745 cum
758 2715 869 2746 ceteris
884 2715 1036 2757 pluribus,
1051 2721 1146 2757 atque
1159 2715 1209 2753 iis,
1225 2722 1259 2747 ut
1281 2716 1455 2755 videbatur,
1470 2717 1564 2758 hujus
1578 2716 1624 2747 fa-

161 2766 287 2799 cultatis
309 2766 417 2808 peritis
442 2766 475 2797 id
501 2767 641 2808 quaesivi.
661 2773 694 2798 et
717 2778 802 2800 nunc
828 2769 954 2810 quidem
981 2774 1212 2812 opportuneho
1227 2770 1362 2808 Menon,
1383 2771 1442 2803 iste
1453 2771 1545 2812 juxta
1566 2780 1624 2801 nos

159 2820 286 2858 assedit,
309 2830 401 2862 quern
424 2820 638 2862 inquisitionis
661 2821 756 2862 hujus
780 2822 964 2865 participem
990 2823 1152 2863 faciamus.
1195 2823 1244 2856 Ac
1266 2825 1375 2856 merito
1390 2825 1430 2856 ad
1444 2825 1478 2855 id
1502 2825 1622 2855 socium

161 2874 386 2906 adhibebimus.
431 2874 495 2906 Hic
511 2874 592 2906 enim
616 2875 691 2917 [90]
715 2875 849 2918 primum
873 2876 971 2908 divite
986 2882 1018 2907 et
1043 2877 1184 2919 sapiente
1199 2882 1287 2919 patre
1302 2878 1515 2909 Anthemione
1529 2882 1620 2907 natus

159 2933 218 2966 est,
233 2924 288 2970 qui
303 2929 442 2970 profecto
457 2939 521 2961 non
537 2939 610 2961 casu
625 2929 761 2971 quodam
777 2936 831 2962 aut
845 2930 979 2972 alicujus
995 2931 1158 2974 largitione
1171 2933 1337 2975 opulentus
1348 2932 1458 2969 evasit,
1468 2930 1617 2972 quemad-

247 2981 336 3014 Prae,
352 2983 406 3015 Tr.
926 2984 953 3018 1.
1455 2987 1475 3016 2
1498 2983 1529 3014 N
