1846 3268
163 308 261 358 263]
780 303 1059 343 SOPHISTA.
1562 309 1639 347 367

170 420 243 440 num
259 409 354 441 altera
369 410 530 440 dumtaxat
545 406 708 439 utendum.
733 417 804 437 nam
817 406 986 448 sophistam
999 407 1056 437 etsi
1066 407 1100 437 in
1112 417 1224 448 genere
1236 406 1436 444 imitantium,
1457 413 1635 440 nontamen

169 463 202 493 in
219 474 331 505 genere
348 463 511 495 scientium
528 462 699 504 posuimus.
746 461 834 493 Tne.
857 461 909 492 Sic
925 466 983 492 est.
1030 460 1098 492 110.
1121 461 1332 503 Huncitaque
1345 461 1522 503 opiniosum
1534 462 1635 493 imita-

172 525 268 548 torem
293 523 439 558 tanquam
464 517 576 547 ferrum
600 515 823 551 examinemus,
847 514 929 546 sitne
952 514 1069 545 solidus
1092 515 1299 557 simplexque,
1324 527 1365 547 an
1386 522 1506 548 contra.
1548 517 1576 548 T
1580 528 1636 550 na.

170 570 401 604 Examinemus,
447 570 514 603 Ho.
546 569 639 602 Certe
668 569 838 600 admodum
869 569 1042 611 multiplex.
1088 568 1171 600 Nam
1202 570 1341 611 sophista
1373 570 1501 612 quidam
1530 571 1638 602 fatuus

168 630 201 655 et
224 625 352 667 ineptus
367 629 427 665 est,
443 635 513 666 quae
537 624 634 666 [268]
661 622 808 665 opinatur
823 623 901 654 scire
916 633 949 653 se
966 627 1092 664 putans.
1137 622 1275 654 Alterius
1295 634 1367 655 vero
1382 624 1493 666 figura,
1509 631 1635 667 propter

169 679 281 710 variam
297 679 327 710 in
345 679 537 710 sermonibus
548 678 788 717 revolutionem,
801 681 884 709 certe
897 676 1105 719 suspicionem
1118 677 1281 718 plurimam
1294 682 1473 720 metumque
1485 684 1635 721 reportat.

168 743 207 763 ne
222 732 300 763 sorte
311 733 435 774 ignoret
449 732 513 769 illa,
540 742 610 774 quae
625 742 729 763 coram
745 730 813 762 aliis
829 730 906 762 scire
929 741 962 762 se
978 730 1113 762 simulat.
1158 730 1247 764 Tne.
1271 730 1411 763 Omnino
1434 744 1472 764 ex
1496 734 1635 775 utrisque

169 786 332 826 generibus
347 791 407 826 est,
433 791 469 817 ut
484 786 623 818 narrasti.
667 785 737 818 Ho.
759 785 876 816 Nonne
902 784 995 827 igitur
1016 795 1113 816 unum
1138 785 1265 827 quidem
1293 786 1477 827 simplicem,
1501 786 1631 819 alterum

166 840 513 871 ironicumimitatorem
531 840 704 882 ponemus?
737 838 824 870 Tne.
842 838 1097 870 Consentaneum
1111 844 1170 872 est.
1205 839 1272 872 Ηο.
1291 840 1397 882 Hujus
1409 841 1521 872 iterum
1537 852 1637 883 genus

171 905 264 926 unum
280 906 320 926 an
341 895 405 926 duo
421 895 586 927 dicemus?
629 894 719 925 Tna-
739 893 789 925 Tu
806 893 930 925 videris.
974 893 1041 925 Ho.
1065 893 1181 936 Cogito
1206 894 1375 936 equidem:
1401 905 1438 927 ac
1461 895 1526 926 duo
1545 896 1633 937 cogi-

171 949 250 980 tanti
266 949 340 980 mihi
356 960 389 980 se
404 949 551 981 offerunt.
583 947 675 980 Unus
691 948 817 990 quidem
834 946 961 989 publice
976 947 1098 989 prolixa
1113 948 1254 979 oratione
1267 949 1352 990 apud
1368 949 1521 991 populum
1535 949 1636 981 ironia

173 1007 285 1033 utens:
310 1002 387 1034 alter
411 1002 555 1044 privatim
582 1001 708 1032 minutis
737 1001 924 1043 quibusdam
939 1000 1148 1043 captiunculis
1162 1012 1279 1044 cogens
1294 1013 1378 1040 eum,
1393 1002 1447 1045 qui
1471 1013 1542 1035 cnm
1564 1004 1636 1045 ipso

171 1055 322 1097 disputat,
347 1055 471 1087 sibimet
496 1055 531 1086 in
557 1054 751 1086 sermonibus
778 1054 1004 1087 contradicere.
1049 1055 1077 1085 T
1081 1066 1137 1087 rm.
1161 1054 1264 1087 Recte
1290 1056 1460 1087 admodum
1491 1056 1636 1099 loqueris.

169 1109 236 1141 Ho.
261 1110 430 1146 Quomodo
445 1108 633 1151 superiorem
649 1108 736 1139 illurn
752 1108 1045 1140 denominabimus?
1070 1109 1233 1141 civilemne
1248 1120 1288 1141 an
1305 1109 1509 1151 popularem?
1541 1110 1630 1143 Tria.

171 1163 369 1204 Popularem.
413 1164 480 1196 Ho.
507 1163 650 1195 Alterum
666 1174 738 1194 vero
754 1163 897 1204 Sophon,
914 1162 947 1194 id
963 1167 1011 1194 est
1025 1162 1210 1204 sapientem,
1223 1173 1264 1194 an
1280 1163 1491 1205 Sopliisticum
1507 1164 1518 1195 ?
1549 1163 1637 1197 Tua.

171 1217 351 1259 Sapientem
366 1218 492 1260 quidem
508 1228 617 1249 vocare
633 1218 720 1248 illum
734 1227 798 1248 non
812 1217 899 1255 licet,
914 1217 1170 1260 quandoquidem
1194 1217 1388 1259 ignorantem
1410 1218 1512 1260 ipsum
1531 1219 1636 1261 posui-

176 1281 243 1302 mus
256 1282 264 1302 ε
287 1272 435 1313 quoniam
451 1282 524 1303 vero
538 1271 712 1313 sapientem
726 1271 879 1307 imitatur,
890 1276 1133 1313 cognomentum
1149 1272 1307 1313 quoddam
1321 1272 1404 1303 illius
1417 1272 1516 1303 simile
1529 1272 1636 1304 sortie-

174 1330 242 1357 tur:
267 1335 304 1357 ac
319 1326 445 1356 demum
460 1325 615 1366 intelligo,
630 1325 714 1355 hunc
729 1324 833 1366 ipsum
850 1334 974 1365 prorsus
987 1329 1020 1355 et
1034 1334 1138 1355 revera
1155 1324 1334 1366 Sophistam
1349 1325 1499 1367 appellari
1514 1327 1636 1358 decere.

171 1378 239 1410 Ho.
265 1377 314 1409 An
330 1389 405 1416 non,
421 1383 456 1409 nt
470 1389 574 1420 supra,
601 1379 644 1409 ita
658 1388 742 1410 nunc
758 1388 872 1409 nomen
889 1377 958 1420 ejus
973 1378 1203 1419 colligabimus,
1219 1388 1238 1409 a
1261 1379 1325 1409 tine
1340 1378 1450 1410 iterum
1465 1379 1505 1410 ad
1521 1379 1638 1421 princi-

173 1431 260 1473 pium
275 1431 379 1463 omnia
394 1432 642 1474 complicantes?
685 1431 773 1465 Tim.
797 1432 948 1464 Omnino.
994 1432 1061 1464 Ho.
1087 1432 1119 1464 Is
1129 1433 1255 1463 demum
1271 1433 1450 1475 Sophistam
1466 1444 1537 1465 vere
1559 1434 1638 1466 defu-

173 1485 250 1526 niet,
265 1485 318 1527 qui
334 1486 564 1527 generationem
581 1485 649 1527 ejus
665 1490 697 1517 et
712 1486 841 1528 stirpem
861 1497 927 1518 esse
939 1486 1029 1518 istam
1040 1487 1244 1518 asseverabit:
1260 1487 1418 1529 Sophista,
1428 1486 1568 1529 inquam,
1581 1494 1640 1525 est,

172 1539 228 1580 qui
243 1539 275 1570 in
297 1540 489 1570 sermonibus
504 1539 717 1571 contradicere
733 1540 793 1571 sibi
808 1539 870 1581 ipsi
885 1540 1098 1581 disputantem
1114 1540 1198 1581 cogit
1211 1551 1218 1571 :
1242 1540 1297 1582 qui
1311 1545 1343 1572 et
1358 1534 1469 1572 ir'onici
1484 1552 1554 1583 pars
1576 1546 1638 1579 est,

174 1593 214 1622 ab
230 1591 384 1624 imitatore
400 1593 543 1634 opinioso
559 1593 700 1631 veniens,
716 1593 907 1634 phantastici
922 1594 995 1625 item
1009 1595 1141 1636 generis,
1156 1595 1196 1625 ab
1212 1594 1391 1636 imaginaria
1406 1595 1553 1626 facultate
1567 1606 1636 1637 pro-

175 1646 287 1684 fluens,
301 1657 365 1678 non
387 1647 515 1688 divium,
541 1648 595 1679 sed
623 1648 767 1678 humanm
792 1647 967 1679 effectionis
993 1648 1198 1680 determinata
1223 1648 1401 1691 progenieS,
1417 1659 1453 1678 ex
1469 1658 1639 1689 eorumque

173 1711 314 1739 numero,
330 1701 383 1742 qui
400 1700 514 1742 verbis,
528 1701 616 1743 quasi
632 1701 819 1743 quibusdam
836 1702 1013 1745 proestigiiS‚
1030 1703 1138 1734 mirum
1154 1703 1185 1736 in
1201 1703 1529 1747 ¹modum-’decipiunt
1550 1704 1643 1735 audi-

171 1760 264 1786 tores.
309 1755 394 1787 Τιιε.
421 1755 470 1788 lta
488 1765 612 1798 prorsus
626 1755 805 1788 dicendum.
