1832 3256
202 236 296 286 333]
751 230 1130 271 Pao'eroaAS.
1610 235 1661 274 53

199 340 344 381 exignum
360 337 508 380 quiddam
523 335 640 367 babent
651 333 750 366 simile
765 334 815 366 vel
830 334 990 366 dissimile.
1032 334 1090 368 So.
1111 333 1259 366 Admiror
1273 333 1430 377 equidem,
1445 345 1465 367 o
1481 335 1663 380 Protagora,

200 393 353 434 numquid
370 392 412 422 ita
428 391 562 422 invicem
573 389 693 431 justum
709 394 915 431 sanctumque
930 399 962 420 se
979 389 1106 426 habent,
1130 393 1167 420 nt
1191 398 1301 430 parum
1321 389 1398 431 quid
1420 389 1522 422 simile
1534 391 1615 423 inter
1629 404 1663 424 se

199 447 346 478 habeant.
392 446 499 477 Prior.
523 444 618 475 Haud
646 443 692 475 ita
721 443 872 474 omnino:
896 453 1000 485 neque
1023 448 1127 474 tamen
1149 443 1194 474 ita
1218 453 1352 485 prorsus,
1375 448 1410 474 ut
1434 443 1501 486 ipse
1525 445 1666 477 arbitrari

199 500 324 532 videris.
350 499 446 541 [332]
470 499 526 530 So.
550 498 721 540 Postquam
738 497 797 528 ista
812 497 870 528 tibi
884 497 1016 528 molesta
1032 502 1117 538 sunt,
1143 496 1359 528 dimittamus:
1383 497 1468 528 aliud
1481 508 1553 528 vero
1569 499 1663 540 quid-

200 555 273 586 dam
290 565 328 586 ex
343 554 390 585 his
406 564 476 595 quae
492 553 631 589 dicebas,
646 552 887 583 consideremus.
931 550 1091 582 Insaniam
1118 551 1239 593 aliquid
1256 550 1368 584 vo'cas?
1392 550 1523 594 ejusque
1538 558 1663 584 contra-

198 609 275 640 riam
293 608 479 650 sapientiam
495 618 562 638 esse
577 607 678 638 dicis?
725 607 836 638 Pnow.
859 605 1028 647 Equidem.
1073 603 1130 636 So.
1152 605 1266 637 Utrum
1277 615 1347 636 cum
1363 610 1446 637 recte
1460 610 1493 637 et
1506 605 1667 648 frugaliter

198 662 340 694 homines
355 667 464 704 agunt,
481 666 556 693 tunc
571 661 617 692 ita
631 664 808 702 operantes,
826 663 1035 700 temperanter
1049 668 1141 699 agere
1157 657 1215 689 tibi
1230 657 1375 690 videntur
1388 659 1401 690 ?
1423 669 1463 690 an
1473 669 1544 691 curn
1555 665 1664 693 contra

199 721 366 761 operantur
379 717 390 747 ?
415 717 524 748 Pnor.
547 715 773 758 Temperanter
782 724 874 756 agere
887 712 1033 745 videntur
1042 712 1132 750 mihi,
1147 723 1218 744 cum
1229 712 1387 755 frugaliter
1399 716 1544 755 recteque
1554 720 1663 756 agunt.

198 772 252 803 So.
274 771 390 802 Nonne
403 770 607 812 temperantia
619 773 826 811 temperanter
839 768 962 810 agunt?
1007 766 1116 799 Paor.
1139 766 1277 798 Necesse
1288 771 1347 799 est.
1392 766 1447 798 So.
1462 765 1577 798 Nonne
1593 769 1662 810 qui-

199 836 324 867 cunque
341 835 406 856 non
425 830 510 856 recte
531 829 643 866 agunt,
667 824 777 854 insane
792 827 891 864 agunt
905 833 914 855 :
939 826 972 854 et
987 821 1042 864 qui
1063 821 1107 852 ita
1122 826 1231 862 agunt,
1246 831 1310 852 non
1326 825 1532 862 temperanter
1546 822 1664 864 agunt?

199 879 308 912 Prior.
331 879 382 910 Ita
395 878 528 910 videtur.
572 878 628 909 So.
650 876 733 919 Ergo
756 876 866 907 insane
889 886 992 917 agere,
1016 874 1205 907 contrarium
1220 873 1288 916 ejus
1303 879 1362 912 est,
1385 874 1470 917 quod
1494 879 1666 917 temperate

198 943 289 974 agere
314 933 438 964 dicitur.
484 932 594 964 Pnor.
618 930 676 962 Est
700 930 821 972 utique.
865 929 918 962 So.
941 929 1059 961 Nonne
1085 928 1182 970 igitur
1203 939 1275 971 quae
1297 929 1405 960 insane
1429 929 1523 970 fiunt,
1546 930 1668 962 insania

199 987 300 1019 fiunt?
321 997 392 1028 quae
415 990 600 1028 temperate,
623 984 853 1027 temperantia?
898 983 1008 1015 Pnor.
1032 982 1191 1017 Profecto.
1235 983 1292 1015 So.
1315 981 1432 1015 Nonne
1446 983 1601 1026 quidquid
1616 994 1666 1016 ro-

199 1042 273 1072 bore
288 1041 335 1077 fit,
350 1040 386 1071 fit
400 1039 550 1071 robuste?
573 1045 606 1070 et
619 1039 775 1081 quidquid
790 1038 966 1079 debilitate,
992 1036 1159 1068 debiliter?
1205 1035 1319 1069 Pno'r.
1339 1036 1493 1079 Apparet.
1536 1038 1593 1069 So.
1622 1037 1667 1070 Et

199 1095 354 1136 quidquid
371 1094 551 1133 velocitate,
565 1092 736 1124 velociter:
760 1092 917 1134 quidquid
929 1095 1038 1122 autem
1061 1090 1221 1127 tarditate,
1243 1089 1355 1121 tarde?
1398 1090 1507 1123 Prior.
1527 1091 1570 1123 Et
1594 1093 1665 1126 hoc.

199 1148 256 1180 So.
279 1148 321 1179 Et
347 1148 433 1190 quod
456 1148 568 1179 eodem
595 1147 691 1177 modo
716 1146 752 1176 fit
773 1146 916 1187 omnino,
937 1145 977 1175 ab
999 1146 1111 1176 eodem
1133 1144 1285 1176 efficitur:
1308 1145 1394 1187 quod
1415 1156 1487 1177 vero
1510 1146 1666 1178 contrario

199 1203 306 1239 modo,
323 1201 454 1232 efficitur
469 1211 487 1231 a
503 1199 656 1232 contrario
670 1200 682 1230 ἓ
729 1199 839 1230 Ρηοτ.
863 1197 1040 1230 Assentior.
1086 1198 1143 1230 So.
1166 1197 1230 1229 Dic
1243 1198 1384 1237 obsecro,
1400 1204 1487 1231 estne
1502 1200 1667 1241 pulchrum

199 1255 344 1298 aliquid?
389 1255 498 1286 Pnor.
521 1253 580 1285 Est
594 1253 747 1295 profecto.
792 1252 851 1284 So.
874 1252 959 1284 Huic
974 1252 1163 1284 contrarium
1183 1251 1268 1283 aliud
1292 1252 1465 1295 quidquam
1490 1259 1550 1291 est,
1572 1265 1667 1296 quam

197 1309 312 1351 turpe?
359 1309 470 1340 Paor.
492 1307 581 1339 Nihil
607 1307 706 1338 aliud.
750 1307 809 1340 So.
843 1306 903 1338 Est
926 1311 960 1338 et
988 1306 1109 1348 aliquid
1140 1305 1282 1337 bouum?
1325 1306 1436 1340 Pitor.
1469 1307 1512 1339 Et
1539 1309 1667 1342 bonum.

197 1364 253 1396 So.
278 1363 319 1394 Ei
345 1362 496 1403 numquid
524 1362 608 1392 aliud
633 1362 822 1393 contrarium
846 1360 907 1391 nisi
930 1360 1071 1392 malum?
1116 1359 1226 1393 Paor.
1247 1358 1323 1391 Non
1347 1360 1446 1395 aliud.
1490 1361 1547 1394 So.
1569 1362 1667 1395 Estne

197 1417 317 1459 aliquid
345 1417 376 1448 in
393 1427 471 1448 vece
498 1416 649 1447 acutum?
694 1415 804 1447 Pao'r.
826 1415 922 1448 Sane.
967 1414 1024 1446 So.
1047 1413 1135 1446 Num
1161 1414 1247 1445 aliud
1267 1414 1315 1445 illi
1343 1416 1530 1447 contrarium
1555 1422 1667 1459 praeter

199 1472 314 1514 grave?
361 1470 470 1502 Paor.
494 1466 566 1501 Hoc
582 1470 695 1512 ipsum.
740 1469 796 1502 So.
817 1468 870 1500 An
885 1479 950 1501 non
965 1468 1135 1511 unicuique
1150 1468 1370 1500 contrariorum
1394 1480 1458 1501 non
1480 1470 1588 1512 multa,
1610 1473 1666 1503 sed

199 1536 296 1557 unum
311 1530 359 1557 est
373 1524 582 1557 contrarium?
627 1525 738 1556 Prior.
760 1523 867 1555 Unum
883 1524 1057 1556 dumtaxat.
1101 1522 1159 1555 So.
1181 1522 1390 1554 Resumamus
1411 1523 1479 1565 jam
1504 1535 1574 1567 quae
1594 1527 1667 1558 hac-

198 1585 290 1612 tenus
306 1591 324 1611 a
338 1579 430 1610 nobis
444 1589 592 1611 concessa
610 1579 746 1610 fuerunt.
791 1577 1011 1610 Concessimus
1036 1577 1143 1619 plane,
1163 1577 1219 1609 uni
1233 1587 1330 1609 unum
1346 1577 1446 1609 solum
1460 1589 1528 1610 esse
1543 1585 1667 1611 contra-

196 1635 288 1667 rium.
331 1634 443 1666 Pnor.
466 1633 603 1675 Nempe.
646 1633 702 1664 So.
724 1632 805 1664 Item
830 1633 916 1674 quod
945 1631 1104 1664 contrario
1134 1632 1229 1663 modo
1259 1631 1307 1669 fit,
1337 1642 1356 1664 a
1387 1632 1550 1664 contrariis
1576 1633 1668 1666 effici.

199 1689 307 1720 Pau-r.
329 1688 401 1719 Hoc
416 1698 552 1730 quoque.
598 1687 654 1719 So.
679 1686 874 1718 Admisimus
899 1692 1062 1730 praeterea,
1087 1685 1246 1719 contrario
1261 1686 1356 1717 modo
1378 1686 1444 1718 fieri
1458 1687 1544 1729 quod
1558 1688 1667 1720 insane

198 1742 246 1783 fit,
258 1747 291 1773 et
305 1743 391 1784 quod
406 1746 587 1783 temperate.
633 1742 744 1773 Pnor.
767 1741 881 1775 Etiam.
925 1741 983 1774 So.
1006 1740 1127 1772 Rursus
1143 1741 1229 1783 quod
1245 1744 1414 1782 temperate
1428 1741 1540 1783 agitur,
1555 1752 1574 1772 a
1589 1747 1668 1773 tem·

199 1795 341 1838 perantia
355 1796 535 1838 provenire:
560 1796 645 1838 quod
660 1796 780 1833 insane,
806 1797 845 1827 ab
867 1795 1000 1829 insania.
1045 1794 1155 1827 PRO-r.
1178 1793 1348 1827 convenit.
1392 1795 1449 1828 So.
1472 1794 1526 1826 An
1541 1806 1617 1834 non,
1640 1797 1668 1828 si

198 1850 353 1882 contrario
369 1850 404 1881 fit
419 1851 525 1887 modo,
549 1850 585 1880 fit
602 1860 621 1881 a
644 1848 821 1881 contrario?
867 1850 974 1882 Pnor.
998 1849 1130 1891 Utique.
1157 1849 1215 1880 So.
1235 1849 1288 1880 Fit
1311 1853 1416 1880 autem
1431 1850 1491 1881 hoc
1506 1851 1634 1892 quidem
1649 1861 1669 1882 a

198 1904 418 1947 temperantia,
430 1905 508 1935 illud
525 1909 629 1936 autem
646 1905 685 1935 ab
700 1904 833 1937 insania.
879 1905 990 1936 Pnor.
1015 1904 1121 1937 Certe.
1154 1903 1211 1936 So.
1236 1903 1400 1936 contrario
1414 1905 1534 1935 modo?
1555 1905 1666 1937 Pno-r.

199 1958 375 1991 contrario.
421 1958 477 1991 So.
500 1957 618 1989 Nonne
633 1958 727 2000 igitur
742 1970 759 1990 a
775 1958 963 1990 contrariis?
1010 1957 1119 1990 Pno‘r.
1143 1957 1186 1990 Et
1205 1948 1227 1989 av
1240 1958 1412 1990 contrariis.
1465 1957 1519 1990 So.
1541 1958 1668 1990 Insania

197 2012 304 2055 itaquo
330 2012 543 2055 temperantias
564 2013 718 2044 contrarIa
732 2013 803 2045 est?
849 2013 958 2045 Pno‘r.
981 2012 1137 2055 Apparet.
1181 2011 1236 2045 So.
1260 2011 1475 2045 Recordamur
1494 2023 1587 2054 supra
1610 2024 1668 2044 nos

200 2067 400 2104 concessisse,
416 2067 578 2108 sapientiae
595 2067 749 2098 insaniam
766 2077 833 2099 esse
848 2067 1059 2099 contrariam?
1104 2066 1214 2098 Paor.
1239 2067 1342 2099 Certe.
1383 2067 1440 2098 So.
1464 2067 1552 2104 Quin
1567 2071 1599 2098 et
1613 2068 1669 2099 uui

200 2131 297 2152 unum
318 2121 417 2152 solum
432 2132 498 2153 esse
515 2122 725 2153 contrarium?
770 2122 880 2155 Pno'r.
902 2122 944 2153 Et
956 2123 1028 2154 boc.
1071 2121 1130 2154 So.
1154 2121 1266 2153 Utrum
1290 2121 1396 2163 potius
1410 2132 1580 2154 sermonem
1596 2122 1669 2164 reji-

200 2174 330 2216 ciemus,
344 2175 514 2217 Protagora
530 2176 541 2207 ?
567 2176 665 2218 [333]
688 2187 813 2214 eumne,
837 2177 921 2218 quod
948 2176 1063 2208 dicitur
1078 2186 1175 2207 unum
1190 2175 1246 2206 uni
1259 2176 1359 2207 solum
1374 2187 1441 2208 esse
1456 2177 1667 2209 contrarium?

201 2239 240 2259 an
257 2239 328 2260 eum
344 2229 399 2271 qui
421 2230 545 2261 volebat
560 2231 744 2272 sapientiam
762 2242 781 2262 a
797 2231 1004 2273 temperantia
1027 2241 1093 2262 esse
1114 2230 1290 2270 diversam3
1313 2235 1346 2261 et
1364 2235 1527 2274 utramque
1550 2237 1670 2273 partem

199 2292 267 2314 esse
281 2283 424 2314 virtutis?
447 2295 484 2315 ac
500 2285 592 2315 etiarn
608 2291 720 2327 praeter
734 2285 766 2316 id
782 2286 868 2327 quod
884 2287 1013 2317 diversae
1028 2285 1077 2315 hae
1095 2289 1233 2325 utraeque
1255 2289 1340 2326 sunt,
1364 2285 1527 2317 dissimiles
1542 2296 1668 2329 quoque

200 2346 268 2368 esse
284 2341 346 2368 tam
360 2337 455 2379 ipsas,
471 2349 566 2380 quam
581 2350 685 2370 earum
703 2340 872 2382 potentias,
886 2339 1151 2382 quemadmodum
1166 2338 1268 2370 vultus
1283 2338 1380 2380 ipsius
1395 2340 1518 2380 partes?
1556 2341 1668 2372 Utrum

200 2389 328 2421 istorum
344 2391 566 2424 refutabimus?
590 2394 681 2424 ambo
706 2393 833 2435 quidem
858 2393 913 2424 isti
932 2403 1091 2424 sermones
1115 2392 1199 2423 haud
1222 2392 1296 2423 satis
1319 2393 1435 2425 musice
1450 2394 1666 2435 proferuntur:

200 2453 302 2485 neque
315 2444 398 2476 enim
411 2445 547 2477 invicem
562 2447 745 2481 concinunt.
768 2458 839 2478 nam
855 2457 918 2488 qua
934 2447 1054 2478 ratione
1069 2456 1240 2478 consonare
1255 2453 1397 2488 possunt,
1421 2448 1446 2479 si
1469 2449 1595 2490 quidem
1612 2461 1667 2481 ne-

201 2498 366 2528 cessarium
378 2499 430 2536 sit,
447 2500 499 2530 uni
515 2511 612 2531 unum
628 2502 789 2533 dumtaxat
804 2502 991 2533 contrarium
1007 2511 1086 2538 esse,
1101 2500 1243 2541 pluribus
1257 2511 1329 2532 vero
1342 2512 1539 2545 nequaquam
1555 2516 1562 2534 :
1586 2504 1671 2535 insa-

201 2551 262 2582 niae
277 2556 392 2589 autem,
408 2563 504 2593 quum
521 2564 616 2585 unum
632 2555 683 2592 sit,
710 2555 866 2597 saplentia
886 2560 919 2586 et
934 2555 1142 2596 temperantia
1156 2555 1318 2586 contrariae
1333 2555 1520 2588 videantur?
1565 2557 1668 2595 Itane,

201 2615 243 2636 an
266 2605 366 2643 aliter,
389 2616 408 2636 o
425 2606 617 2648 Protagora?
663 2609 775 2641 Paor.
796 2609 874 2641 Esto
898 2610 1045 2641 tandem:
1071 2609 1148 2650 quid
1163 2609 1254 2640 tum?
1299 2609 1354 2642 So.
1375 2610 1431 2642 An
1445 2622 1509 2642 non
1522 2613 1580 2643 hac
1595 2613 1670 2644 rati-

203 2670 264 2691 one
280 2670 376 2690 unum
389 2659 448 2691 erit
462 2660 616 2702 sapientia
630 2662 903 2706 temperantiaque
916 2663 927 2694 ?
951 2667 983 2694 et
998 2673 1091 2705 supra
1102 2662 1244 2694 constitit
1258 2664 1342 2695 idem
1357 2665 1589 2707 quodammodo
1604 2676 1672 2697 esse

198 2713 354 2756 justitiam
380 2718 412 2744 et
435 2714 658 2746 sanctitatem?
706 2716 786 2758 Age,
802 2717 985 2759 Protagora,
1007 2726 1048 2748 ne
1073 2717 1190 2759 pigeat,
1215 2718 1271 2749 sed
1293 2728 1456 2760 pergamus
1478 2719 1518 2750 ad
1542 2719 1672 2761 reliqua.

202 2766 324 2797 videtur
339 2766 396 2798 tibi
411 2767 456 2798 vir
470 2767 605 2810 injustus
631 2767 747 2811 injuste
769 2771 894 2812 agendo
916 2775 1124 2812 temperanter
1144 2771 1271 2813 sapere?
1315 2771 1426 2804 Pno'r.
1447 2771 1516 2814 Ego
1542 2772 1670 2814 quidem

202 2820 342 2852 confiteri
366 2821 439 2859 hoc,
460 2832 480 2853 o
503 2822 658 2861 Socrates,
684 2834 750 2855 non
773 2825 943 2858 auderem:
967 2824 1094 2868 plurimi
1115 2830 1219 2857 autem
1243 2825 1402 2857 hominum
1419 2830 1570 2858 asserunt.
1613 2826 1671 2858 So.

203 2872 316 2906 Utrum
336 2884 410 2916 ergo
434 2875 473 2906 ad
495 2875 580 2918 illos,
593 2886 634 2907 an
650 2876 690 2908 ad
707 2882 738 2909 te
750 2879 843 2910 verba
868 2878 1023 2920 dirigam?
1069 2878 1179 2911 Pao'r.
1204 2879 1239 2911 Si
1263 2878 1380 2921 placet,
1403 2879 1443 2910 ad
1467 2880 1549 2910 hunc
1571 2878 1670 2920 primo

205 2927 293 2970 vulgi
308 2938 483 2962 sermonem
498 2929 659 2964 edisseras.
704 2931 761 2966 So.
783 2930 872 2965 Nihil
889 2942 958 2966 mea
970 2933 1074 2973 refert,
1101 2933 1195 2966 modo
1216 2933 1284 2978 ipse
1307 2931 1508 2976 respondeas,
1534 2932 1600 2965 sive
1617 2931 1675 2964 tibi
