1832 3256
181 243 234 286 ρο
771 236 1040 280 PLATONJS
1553 243 1652 295 [262

180 342 298 391 poterit
306 347 411 379 omnia
421 345 576 382 omnibus.
583 349 617 377 et
623 353 693 386 quas
700 346 842 386 possunt,
850 346 883 374 et
891 342 1004 385 quibus
1012 339 1276 383 possunt,⁴similia
1285 340 1414 383 tingere,
1423 347 1467 380 et,
1477 342 1538 376 alio
1545 342 1659 376 similia

183 401 245 433 ista
262 400 440 438 occulente,
455 401 489 432 in
504 399 605 431 lucem
620 399 764 430 educere.
799 396 895 428 Pam.
919 395 1065 432 Quonam
1081 399 1175 437 pacto
1190 395 1221 426 id
1238 395 1306 427 ais?
1330 396 1387 429 So.
1411 396 1482 429 Hoc
1497 397 1657 440 equidem.

182 455 270 487 Num
284 455 433 497 deceptio
447 454 480 485 in
495 452 556 494 his,
571 463 641 495 quae
656 451 801 487 multum,
816 460 856 481 an
871 459 941 491 quae
957 459 1064 492 parum
1082 448 1244 486 differunt,
1260 449 1398 480 accidit?
1438 451 1534 494 [262]
1559 451 1656 484 Pus-⁴.

182 509 223 541 In
238 508 297 547 his,
312 519 383 551 quae
398 518 516 550 parum.
561 507 616 539 So.
640 505 740 547 Atqui
762 505 787 536 si
811 504 963 546 paulatim
984 503 1154 539 transieris,
1176 502 1289 534 latebis
1304 503 1415 545 magis,
1430 504 1505 536 dum
1521 505 1563 537 ad
1578 515 1655 537 con·

181 562 307 594 trarium
330 562 449 603 venies,
475 571 568 603 quam
595 559 622 591 si
647 559 751 591 subito
777 557 968 590 transilieris.
1013 556 1107 588 Pus:-
1130 555 1253 593 Quidni
1267 557 1279 587 ἒ
1324 557 1380 589 So.
1404 557 1539 599 Oportet
1563 557 1657 601 igitur

184 623 268 653 eum,
287 616 467 658 quicunque
487 616 676 657 decepturus
695 613 736 645 sit
757 612 864 649 alium,
886 611 955 653 ipse
977 610 1105 642 minime
1128 609 1349 654 decipiendus,
1373 611 1610 644 similitudinem
1625 618 1658 644 et

184 669 469 701 dissimilitudinem
484 679 584 700 rerum
599 666 753 709 exquisite
768 666 964 708 dignoscere.
1009 665 1104 697 sz.
1125 663 1347 696 Necessarium
1369 669 1427 697 est.
1472 665 1530 697 So.
1554 665 1656 698 Num·

185 723 262 764 quid
286 723 383 764 igitur
405 723 596 766 singulorum
614 721 752 753 veritatis
766 719 882 762 inscius
904 719 1021 761 poterit
1042 718 1124 760 ejus,
1150 719 1235 760 quod
1260 718 1394 760 ignorat,
1419 717 1655 752 similitudinem

182 776 217 807 in
232 776 381 808 universis
396 787 521 819 parvam
536 781 592 808 aut
605 785 750 818 magnam
772 773 975 816 dijudicare?
1021 772 1116 804 Pure.
1138 772 1338 814 Impossibile
1359 772 1392 805 id
1417 772 1558 815 quidem.
1599 773 1658 807 So.

183 829 268 872 Ergo
282 830 366 869 illos,
381 831 435 872 qui
450 835 562 872 praeter
576 840 675 862 rerum
691 833 831 860 naturam
847 827 1029 870 opinantur,
1043 826 1177 867 falsique
1191 831 1275 863 sunt,
1293 831 1417 858 constat
1431 831 1559 869 propter
1572 827 1658 859 simi-

182 882 333 916 litudines
358 882 479 926 aliquas
502 884 549 916 sic
572 894 640 915 esse
665 883 808 915 affectos.
853 882 946 913 Pam.
970 881 1023 912 Sic
1047 880 1176 912 accidit.
1219 880 1276 912 So.
1299 880 1385 912 Num
1416 880 1511 923 igitur
1540 880 1658 923 poterit

183 937 361 979 quisquam,
387 938 414 970 si
440 949 504 970 rem
527 937 702 980 quamlibet
726 935 922 978 ignoraverit,
948 935 1115 967 artificiose
1142 934 1277 977 aliquem
1306 934 1484 977 sensimque
1501 945 1522 966 a
1535 934 1656 966 veroin

182 991 371 1022 contrarium
387 1001 442 1034 per
455 991 675 1023 similitudines
689 991 808 1032 aliquas
823 989 986 1031 sigillatim
1004 989 1177 1029 traducere,
1191 993 1247 1020 aut
1260 998 1390 1020 errorem
1405 989 1489 1020 hunc
1498 988 1532 1020 in
1541 999 1574 1020 se
1586 987 1657 1031 ipso

182 1043 305 1076 vitare?
339 1045 433 1078 Prm.
456 1045 639 1087 Nunquam.
669 1045 725 1076 So.
749 1044 973 1080 Quamobrem,
988 1054 1007 1074 ο
1023 1043 1136 1084 amice,
1151 1043 1333 1084 quicunque
1346 1042 1509 1074 veritatem
1522 1042 1657 1084 ignorat,

183 1102 217 1128 et
230 1098 432 1139 opinionibus
447 1099 583 1136 ducitur,
597 1098 726 1130 dicendi
741 1107 867 1139 quoque
882 1097 1080 1133 facultatem,
1094 1101 1130 1128 ut
1140 1097 1275 1133 videtur,
1285 1096 1415 1128 inertem
1426 1095 1554 1127 exhibet
1562 1100 1657 1138 atque

180 1150 355 1184 ridiculam.
398 1152 493 1183 Pam.
517 1152 568 1183 Ita
591 1152 724 1183 videtur.
770 1151 826 1182 So.
847 1150 901 1180 An
915 1149 963 1181 vis
989 1149 1022 1180 in
1049 1150 1191 1181 oratione
1217 1148 1335 1191 Lysiae.
1357 1159 1450 1190 quam
1466 1148 1500 1180 in
1515 1149 1657 1181 manibus

182 1203 292 1242 habes,
306 1210 339 1236 et
352 1205 384 1236 in
400 1210 508 1236 nostra
517 1205 731 1246 disputatione
742 1203 861 1241 videre,
876 1203 931 1234 ubi
946 1203 1125 1240 artificiose,
1139 1207 1173 1234 et
1184 1203 1238 1234 ubi
1251 1202 1320 1234 sine
1331 1207 1396 1234 arte
1410 1202 1535 1244 agitur?
1558 1202 1654 1236 Pru..

182 1256 327 1290 Maxime
349 1258 499 1290 omnium.
542 1259 628 1289 nude
653 1258 736 1290 enim
760 1257 794 1288 in
819 1257 985 1299 praesentia
1011 1256 1178 1298 loquimur,
1202 1267 1273 1288 cum
1300 1256 1454 1298 exemplis
1479 1256 1654 1298 perspicuis

181 1321 353 1344 careamus.
397 1313 454 1346 SO.
478 1311 523 1343 At
537 1313 621 1344 enim
636 1312 760 1342 fortuna
774 1311 910 1353 quadam
924 1310 1081 1342 orationes
1098 1311 1192 1342 dictae
1209 1315 1293 1348 sunt,
1309 1314 1345 1341 ut
1359 1310 1494 1347 videtur,
1509 1305 1654 1352 exemplo

184 1370 405 1408 monstrantes,
427 1368 607 1408 compotem
638 1365 774 1397 veritatis
800 1365 912 1402 virum,
941 1365 1016 1395 dum
1042 1364 1144 1396 verbis
1168 1363 1306 1406 jocatur,
1334 1364 1455 1396 trahere
1483 1364 1654 1398 auditores.

184 1418 294 1461 Atque
308 1430 382 1462 ego,
395 1430 414 1451 o
430 1420 576 1460 Phaedre,
592 1419 707 1451 locales
721 1419 810 1450 Deos
824 1418 918 1460 hujus
932 1418 977 1450 rei
991 1429 1100 1450 causas
1115 1418 1252 1450 arbitror.
1275 1418 1368 1449 Forte
1382 1418 1475 1449 etiam
1490 1418 1654 1450 Musarum

183 1472 380 1515 interpretes,
396 1483 488 1515 super
501 1474 606 1515 capita
621 1478 726 1505 nostra
740 1478 894 1510 cantores,
911 1483 1023 1504 munus
1037 1473 1097 1504 hoc
1113 1472 1203 1504 uobis
1214 1472 1450 1514 inspiraverunt.
1465 1488 1470 1495 ·
1484 1471 1554 1514 Ego
1569 1471 1653 1504 enim

183 1525 313 1558 dicendi
328 1531 424 1559 artem
439 1528 539 1559 habeo
555 1527 683 1558 nullam.
727 1527 823 1559 Pam.
839 1527 931 1569 Esto,
943 1531 980 1558 ut
994 1520 1050 1559 ais.
1075 1527 1187 1568 solum,
1202 1526 1288 1568 quod
1303 1526 1394 1563 dicis,
1408 1525 1552 1558 ostende.
1595 1525 1654 1558 So.

183 1578 257 1622 Age
271 1579 391 1622 itaque,
406 1573 588 1623 prooemium
603 1581 751 1613 orationis
766 1580 871 1623 Lysiae
886 1581 967 1623 lege.
1010 1581 1106 1613 Pam.
1128 1580 1272 1612 Mearum
1295 1580 1425 1622 quidem
1439 1589 1539 1611 rerum
1554 1583 1655 1611 status

184 1631 242 1671 sic,
257 1638 293 1665 ut
314 1634 506 1674 intellexisti,
529 1645 562 1667 se
577 1636 684 1667 habet.
728 1635 837 1677 itaque
859 1645 931 1667 cum
946 1635 990 1666 ita
1010 1635 1062 1673 sit,
1088 1635 1353 1677 quemadmodum
1372 1633 1464 1666 nobis
1478 1633 1654 1666 conducere

183 1691 305 1729 putem,
319 1688 446 1720 audisti.
483 1688 625 1721 Arbitror
639 1689 799 1732 equidem,
816 1700 864 1721 me
877 1700 943 1721 non
958 1689 1060 1720 minus
1071 1689 1113 1720 ob
1126 1689 1160 1720 id
1176 1689 1231 1720 abs
1243 1693 1286 1726 te,
1300 1688 1325 1720 si
1338 1689 1415 1731 quid
1430 1687 1562 1730 petiero,
1577 1698 1656 1720 con-

184 1746 374 1780 secuturum,
390 1743 476 1784 quod
491 1754 595 1775 amore
610 1743 656 1775 tui
670 1748 782 1786 captus
797 1743 925 1775 minime
941 1754 1022 1777 sum.
1053 1753 1127 1775 nam
1137 1747 1300 1780 amatores,
1315 1753 1386 1775 cum
1402 1741 1536 1784 primum
1550 1751 1654 1774 amare

183 1794 347 1833 desierint,
363 1796 470 1827 coilati
484 1797 628 1828 beneficii
654 1797 800 1839 poenitet.
844 1797 901 1830 So.
925 1797 1058 1830 Desine.
1080 1797 1114 1828 in
1139 1807 1203 1838 quo
1226 1797 1310 1828 enim
1336 1797 1395 1828 iste
1421 1795 1596 1838 delinquat,
1621 1799 1656 1828 et

185 1847 265 1890 quid
287 1848 355 1880 sine
376 1854 442 1881 arte
461 1850 572 1892 faciat,
593 1851 776 1883 dicendum.
820 1851 949 1882 nonne?
994 1850 1093 1893 [263]
1116 1850 1210 1882 Pam.
1234 1850 1393 1882 Profecto.
1435 1849 1488 1880 So.
1511 1848 1566 1880 An
1587 1859 1654 1880 non

183 1906 310 1933 constat
321 1902 448 1945 cuique,
463 1905 549 1945 quod
563 1904 598 1936 in
612 1904 693 1947 aliis,
707 1904 782 1935 dum
800 1903 968 1946 loquimur,
983 1903 1066 1936 idem
1079 1904 1230 1936 sentimus
1240 1913 1361 1944 ornnes,
1373 1903 1406 1934 in
1420 1902 1490 1934 aliis
1501 1911 1573 1934 vero
1588 1913 1653 1934 nort

181 1954 269 1987 idem
282 1956 295 1987 ?
339 1956 433 1988 sz.
456 1957 622 1995 Quamvis,
646 1959 732 2000 quod
756 1958 814 1996 ais,
841 1957 1019 2000 intelligere
1047 1958 1156 1990 videor
1171 1969 1181 1998 ;
1205 1957 1329 2000 planius
1358 1961 1463 1988 tamen
1490 1961 1526 1988 ut
1554 1956 1655 1995 dicas,

186 2009 296 2051 cupio.
343 2009 400 2042 So.
422 2010 560 2047 Quando
577 2012 647 2054 quis
662 2012 733 2043 ferri
746 2022 862 2044 nomen
877 2012 927 2044 vel
941 2013 1061 2054 argenti
1080 2012 1272 2054 pronuntiat,
1287 2012 1374 2044 idem
1388 2019 1497 2043 omnes
1511 2010 1654 2053 protinus

182 2061 400 2105 intelligimus.
444 2065 538 2099 Pru..
583 2066 727 2098 Prorsus.
773 2066 831 2101 So.
854 2066 954 2104 Quid,
980 2077 1050 2098 cum
1072 2065 1168 2108 justi,
1191 2066 1241 2097 vei
1270 2066 1344 2097 boni
1367 2075 1484 2097 nomen
1499 2065 1511 2096 ?
1546 2074 1654 2097 nonne

188 2116 269 2148 alius
283 2116 346 2149 alio
359 2117 470 2159 fertur,
484 2123 580 2161 atque
595 2130 667 2151 cum
682 2120 765 2158 aliis,
779 2125 812 2152 et
826 2120 989 2152 nobiscum
1002 2120 1062 2162 ipsi
1072 2119 1281 2161 ambigimus?
1326 2120 1421 2152 Pas.
1444 2119 1654 2160 Magnopere.

186 2169 245 2202 So.
269 2170 310 2202 In
324 2171 394 2203 aliis
415 2182 489 2214 ergo
505 2174 729 2212 consentimus,
752 2174 787 2206 in
808 2174 877 2205 aliis
892 2174 1103 2206 dissentimus.
1147 2174 1242 2207 Pam.
1265 2174 1317 2206 Sic
1335 2179 1393 2206 est.
1436 2173 1492 2204 So.
1515 2172 1653 2205 Ubinam

182 2223 307 2256 facilius
333 2224 401 2256 falli
426 2236 589 2267 possumus
603 2227 614 2258 ?
637 2232 670 2259 et
697 2227 731 2258 in
756 2227 871 2270 quibus
895 2228 1024 2259 istorum
1050 2228 1203 2259 rhetorica
1228 2227 1395 2269 plurimum
1411 2226 1518 2258 valet?
1556 2226 1653 2260 Pum-

183 2276 290 2316 Patet,
305 2278 337 2310 in
350 2278 464 2320 quibus
480 2280 675 2323 ambigimus.
699 2282 756 2313 So.
771 2281 907 2324 Oportet
920 2282 1018 2323 igitur
1031 2291 1116 2318 eum,
1131 2281 1185 2323 qui
1198 2282 1383 2313 rhetoricam
1394 2281 1436 2312 sit
1443 2285 1653 2321 assecuturus,

182 2331 319 2373 primum
333 2333 402 2365 haec
417 2333 528 2366 ordine
543 2335 739 2377 discrevisse,
754 2340 799 2376 et,
813 2345 884 2377 quae
899 2335 1059 2377 utriusque
1075 2335 1192 2377 speciei
1207 2335 1313 2377 ligurae
1328 2335 1402 2373 sint,
1417 2334 1605 2376 percepisse,
1619 2338 1653 2366 et

182 2383 239 2416 ubi
255 2385 386 2418 maxime
401 2387 469 2418 falli
484 2388 688 2430 ambiguitate
703 2389 873 2421 multitudo
893 2394 1010 2431 potest,
1030 2389 1084 2420 ubi
1105 2399 1169 2420 non
1190 2394 1305 2430 potest.
1349 2389 1442 2420 Pus.
1465 2384 1651 2420 Praectmm'

183 2439 354 2479 quandam,
372 2451 391 2471 o
407 2440 561 2479 Socrates,
577 2449 761 2485 agnosceret
776 2443 926 2485 speciem,
940 2442 997 2486 qui
1009 2442 1201 2484 cogitatione
1214 2443 1247 2474 id
1262 2448 1400 2485 caperet.
1443 2443 1500 2475 So.
1521 2441 1651 2474 Deinde

182 2497 326 2534 oportere
340 2504 412 2526 eum
426 2495 554 2527 arbitror
567 2497 647 2528 nihil
662 2497 769 2535 latere,
785 2508 856 2529 cum
879 2497 920 2528 ad
935 2497 1057 2539 singula
1072 2497 1202 2535 venerit,
1224 2497 1279 2528 sed
1302 2502 1394 2529 acute
1410 2496 1590 2539 persentire,
1605 2495 1652 2534 id,

182 2545 224 2576 de
239 2555 303 2587 quo
317 2547 457 2580 dicturus
471 2549 523 2588 sit,
539 2550 636 2582 utrius
651 2550 692 2582 sit
707 2551 838 2593 generis.
860 2551 955 2584 Pras.
976 2551 1043 2583 Cur
1057 2561 1120 2583 non
1133 2552 1145 2582 ἓ
1189 2551 1244 2583 80.
1268 2550 1354 2588 Quid
1370 2561 1460 2594 porro
1476 2549 1650 2582 Amorem?

181 2603 286 2631 utrum
306 2601 443 2643 ambigui
465 2604 598 2645 generis,
618 2615 659 2637 an
678 2605 804 2637 alterius
827 2616 895 2638 esse
919 2605 1078 2638 dicimus?
1123 2605 1218 2637 Pus..
1241 2604 1390 2647 Ambigui
1413 2615 1548 2648 prorsus.
1593 2604 1651 2636 8ο.

181 2651 236 2684 An
250 2658 354 2696 putas,
368 2665 441 2687 eum
453 2656 512 2689 tibi
527 2657 580 2689 illa
596 2659 637 2690 de
653 2669 685 2691 se
697 2658 801 2691 dicere
813 2669 1046 2700 concessurum,
1057 2669 1128 2701 quoe
1138 2669 1231 2702 supra
1240 2660 1366 2691 dicebas
1379 2659 1389 2690 ?
1405 2659 1491 2701 quod
1503 2658 1652 2690 videlicet

182 2711 287 2739 amato
312 2708 404 2741 simul
427 2714 523 2752 atque
548 2713 666 2744 amanti
691 2713 885 2755 perniciosus
907 2719 966 2751 est,
992 2723 1029 2745 ac
1049 2724 1151 2744 rursus
1165 2714 1250 2755 quod
1266 2714 1406 2745 omnium
1420 2713 1587 2745 maximum
1600 2715 1651 2743 est

181 2759 334 2793 bonorum
348 2762 359 2793 ?
403 2762 499 2796 Pais.
521 2765 606 2798 Scite
631 2767 781 2809 loqueris.
825 2768 884 2802 So.
907 2767 970 2799 Sed
996 2767 1028 2799 id
1053 2777 1180 2809 quoque
1205 2768 1304 2809 dicas,
1319 2767 1396 2811 (ego
1415 2766 1499 2799 enim
1521 2771 1650 2808 propter

181 2813 320 2847 divinam
335 2815 420 2849 illam
436 2820 677 2862 occupationem
699 2831 764 2853 non
780 2822 949 2854 admodum
966 2821 1109 2863 memini)
1124 2832 1197 2853 num
1222 2832 1358 2854 amorem
1378 2821 1413 2853 in
1426 2819 1651 2862 disputationis

179 2867 338 2912 principio
352 2870 537 2906 definierim.
564 2875 659 2907 Pam.
682 2875 744 2907 Per
753 2875 773 2908 J
776 2887 864 2908 ovem
877 2876 1016 2908 mirifice.
1060 2876 1114 2909 So.
1136 2877 1165 2907 O
1181 2881 1299 2918 quanto
1314 2874 1500 2907 sollertiores
1515 2873 1651 2906 Acheloi

179 2924 352 2969 nymphas,
362 2929 395 2958 et
409 2925 497 2969 Paua
511 2928 663 2963 Mercurii
686 2929 800 2975 filium,
824 2930 921 2974 Lysia
944 2930 1082 2975 Cephali
1103 2930 1169 2964 filio
1189 2930 1231 2964 ad
1245 2929 1402 2964 orationes
1415 2922 1650 2972 componendas
