1846 3268
204 295 304 347 267]
762 292 1065 333 POLITICUS.
1590 298 1669 338 373

205 399 308 442 lisque
323 402 453 435 naturae,
467 407 545 441 quas
559 396 678 429 cicures
693 397 869 436 nominant,
884 398 1049 440 generibus
1063 397 1187 429 duobus
1208 398 1360 441 exceptis,
1370 398 1437 441 jam
1452 396 1666 434 discrevimus.

207 463 306 495 genus
321 462 411 494 porro
426 457 564 483 nostrum
580 451 660 483 iuter
673 450 845 493 gregabilia
859 461 975 493 pecora
994 462 1158 486 numerare
1170 462 1235 483 non
1250 452 1355 486 decet.
1398 453 1458 485 So.
1480 452 1557 485 Non
1571 459 1668 487 certe.

207 507 263 538 sed
287 516 351 549 quo
376 505 497 547 paeto?
542 503 650 537 Hosr’.
673 504 759 542 Hoc,
773 505 914 546 inquam,
927 506 964 537 in
987 506 1052 537 duo
1069 504 1342 548 distinguendum,
1357 506 1622 548 quemadmodum
1639 512 1669 539 te

206 570 244 592 ac
258 559 454 591 Theaetetum
465 557 642 590 discernere
657 558 762 600 decet,
775 558 1032 600 quandoquidem
1045 558 1078 589 in
1093 558 1262 600 geometrIa
1273 559 1386 591 versati
1399 559 1495 592 estis:
1518 560 1670 593 diametro

206 613 328 645 scilicet
342 617 374 644 et
389 611 532 644 diametri
547 622 648 643 rursus
669 611 835 643 diametro.
880 611 939 644 So.
962 611 1029 649 Qui
1049 611 1130 644 istuc
1152 612 1223 643 ais?
1267 612 1378 646 Hosr.
1401 613 1557 656 Nunquid
1581 614 1672 647 aliter

208 666 329 709 generis
343 665 472 698 humani
487 666 628 698 conditio
643 666 684 697 ad
699 675 897 708 progressum
912 669 1022 696 natura
1036 664 1180 697 instituta
1193 670 1252 704 est,
1262 677 1356 708 quam
1368 667 1519 699 diameter
1529 669 1673 711 potentin.

207 721 322 763 bipes?
367 721 423 753 So.
447 719 544 751 Haud
560 719 660 751 aliter.
704 719 814 751 Hosr.
837 718 970 760 Reliqui
993 728 1068 750 sane
1089 718 1231 750 conditio
1246 719 1367 761 generis
1382 731 1484 753 rursus
1499 724 1672 756 seeundum

208 775 382 817 potentiam
398 780 511 806 nostrae
527 773 679 817 potentiae
694 779 742 805 est
757 773 920 811 diameter,
936 772 1056 815 quippe
1072 783 1143 805 cum
1158 773 1206 804 bis
1221 774 1344 806 duobus
1359 775 1398 806 sit
1410 776 1543 817 pedibus
1555 778 1672 810 consti-

207 834 287 862 tuta.
331 828 387 862 So.
411 828 501 860 Nihil
525 829 641 865 obstat,
656 838 719 870 quo
743 826 846 858 minus
869 827 911 858 sit
933 826 1125 868 hujusmodi.
1145 837 1182 859 ac
1208 838 1302 869 paene
1310 828 1390 870 jam,
1406 830 1492 871 quod
1506 832 1672 864 ostendere

206 882 265 922 vis,
279 883 433 925 intelligo.
479 882 587 915 HosP.
611 881 786 919 Cernimus,
802 881 879 923 quid
894 881 1025 923 insuper
1034 881 1096 914 risu
1109 882 1255 924 dignum,
1270 893 1290 914 o
1304 883 1459 922 Socrates,
1475 884 1566 915 nobis
1574 884 1608 916 in
1620 896 1673 916 su-

209 937 324 979 periori
353 937 507 969 divisione
531 936 719 979 contigerit?
766 936 822 968 So.
847 935 1007 974 Quidnam
1020 935 1031 967 ?
1076 935 1183 967 Hosr’.
1208 935 1318 968 Genus
1333 937 1494 969 hominum
1509 948 1572 970 una
1586 949 1675 971 com-

208 991 350 1028 mixtum,
373 1000 622 1032 concurrensque
644 1000 716 1022 cum
743 999 856 1031 genere
879 989 1116 1032 generosissimo
1141 989 1281 1021 omnium
1297 995 1392 1033 atque
1406 991 1569 1025 facillimo.
1614 993 1671 1025 So.

208 1044 325 1082 Cerno,
340 1049 372 1076 et
386 1044 513 1086 quidem
539 1045 634 1082 clare,
656 1044 740 1086 quod
763 1044 913 1086 sequitur.
960 1043 1070 1075 Hosr».
1095 1042 1148 1075 An
1162 1054 1227 1075 non
1243 1044 1434 1076 conveniens
1448 1049 1507 1084 est,
1525 1057 1596 1088 quae
1611 1050 1674 1078 tar-

209 1097 338 1130 dissima
352 1103 436 1136 sunt,
451 1098 619 1130 novissima
634 1098 797 1140 pervenire
810 1098 821 1129 ?
867 1098 921 1129 So.
944 1097 1215 1130 Consentaneum.
1260 1097 1369 1132 Hos».
1390 1099 1481 1131 Istud
1496 1104 1601 1132 autem
1617 1110 1674 1132 ne·

209 1161 367 1194 quaquam
382 1152 582 1190 advertimus,
596 1152 683 1194 quod
699 1152 803 1183 adhuc
819 1151 1017 1183 ridieulosior
1043 1161 1095 1183 rex
1122 1156 1264 1193 apparet,
1281 1162 1344 1183 una
1359 1162 1431 1184 cum
1448 1163 1541 1195 grege
1554 1154 1674 1187 discur-

207 1215 290 1243 rens,
302 1215 486 1248 cursumque
502 1217 572 1238 cum
587 1206 642 1237 illo
654 1216 818 1247 peragens,
834 1205 889 1247 qui
904 1205 1023 1246 optime
1035 1206 1197 1237 hominum
1214 1206 1353 1237 omnium
1368 1212 1416 1238 est
1431 1209 1472 1239 ad
1485 1208 1556 1240 vitae
1571 1209 1672 1241 facili·

206 1264 303 1291 tatem
329 1260 535 1292 exercitatus?
580 1260 635 1291 So.
658 1259 798 1291 Omnino
828 1259 968 1300 quidem.
1010 1259 1120 1291 HosP.
1143 1259 1176 1290 N
1180 1270 1240 1292 une
1267 1260 1348 1292 illud
1374 1261 1495 1303 liquido
1522 1267 1621 1304 patet,
1649 1272 1669 1293 o

208 1314 360 1351 Socrates,
386 1315 471 1356 quod
496 1314 529 1345 in
553 1313 708 1356 Sophistae
737 1313 939 1356 inquisitione
966 1318 1014 1345 est
1037 1313 1169 1345 dietum.
1214 1314 1270 1346 So.
1295 1314 1382 1351 Quid
1407 1315 1493 1347 istud
1506 1316 1518 1347 ?
1562 1315 1672 1348 Hosr.

209 1368 305 1406 Quod
319 1368 353 1399 in
369 1368 587 1410 hujuscemodi
602 1378 747 1410 processu
760 1378 936 1399 sermonum
958 1367 999 1399 de
1025 1367 1143 1409 puriori
1158 1368 1256 1409 magis
1270 1378 1364 1410 quam
1378 1368 1540 1411 impuriori
1554 1370 1674 1402 curavit

203 1421 292 1459 nihil,
310 1421 542 1464 brevioremque
558 1427 630 1453 ante
645 1421 816 1463 longiorem
833 1421 958 1453 minime
973 1421 1088 1463 sprevit
1101 1432 1109 1453 τ
1135 1431 1258 1464 semper
1273 1426 1378 1454 autem
1395 1433 1450 1464 per
1464 1422 1565 1460 illum,
1580 1424 1667 1466 quod

207 1480 256 1507 est
270 1475 474 1514 verissimum,
489 1476 639 1517 transigit.
684 1475 742 1507 So.
763 1475 909 1508 Videtur.
956 1475 1063 1507 Hosr’.
1087 1475 1164 1507 Post
1176 1476 1235 1508 hoc
1251 1487 1291 1508 ne
1306 1487 1356 1508 me
1367 1477 1552 1519 praevenias,
1567 1478 1608 1510 de
1623 1478 1675 1510 via

207 1529 248 1561 ad
264 1529 344 1571 regis
359 1529 524 1561 terminum
539 1529 671 1561 breviori
688 1535 875 1572 percontans
890 1540 899 1562 ς
923 1540 982 1572 ego
999 1529 1082 1572 prior
1096 1530 1263 1572 ingredior.
1307 1531 1364 1563 So.
1387 1532 1539 1564 Omnino.
1562 1532 1671 1564 Hose.

210 1583 294 1615 Dico
309 1582 415 1625 igitur,
430 1584 605 1626 oportuisse
621 1594 714 1626 supra
729 1584 889 1626 gressibile
906 1584 1021 1616 animal
1036 1584 1069 1615 in
1093 1583 1184 1626 bipes
1209 1590 1242 1616 et
1263 1586 1442 1627 quadrupes
1464 1586 1670 1618 distribuere:

206 1647 279 1669 cum
293 1647 366 1669 vero
381 1638 474 1669 homo
490 1642 567 1669 tune
587 1648 658 1670 cum
683 1638 750 1669 solo
766 1638 884 1669 volatili
910 1642 1038 1670 restaret
1062 1639 1315 1680 comprehensus,
1329 1648 1431 1671 rursus
1452 1651 1552 1682 genus
1566 1641 1671 1682 ipsum

207 1691 298 1733 bipes
310 1690 342 1722 in
358 1692 478 1722 nudum
494 1692 606 1723 animal
623 1692 868 1734 pennigerumve
883 1690 1041 1724 dividere:
1066 1693 1125 1724 hac
1141 1693 1257 1724 deinde
1272 1693 1475 1726 distinctione
1492 1694 1671 1737 subjuncta,

211 1750 340 1787 arteque
355 1746 516 1776 hominum
542 1746 663 1777 nutrice
685 1750 719 1777 et
738 1745 966 1778 conservatrice
981 1751 1161 1784 monstrata,
1178 1747 1302 1778 civilem
1313 1747 1380 1789 jam
1393 1753 1427 1779 et
1440 1748 1558 1790 regium
1572 1749 1672 1780 virum

209 1799 271 1841 ipsi
285 1799 382 1830 instar
396 1800 512 1842 aurigae
528 1800 696 1842 praeficere,
711 1801 804 1842 eique
820 1800 959 1832 civitatis
974 1802 1111 1832 habenas
1127 1802 1401 1844 gubernaculaque
1425 1803 1568 1840 tribuere,
1584 1802 1674 1844 quasi

208 1853 339 1885 scientIa
354 1854 422 1885 haec
438 1853 520 1885 illius
535 1855 577 1885 sit
591 1853 725 1896 propria.
751 1854 848 1896 [267]
873 1855 927 1887 So.
952 1854 1081 1896 Optime
1096 1855 1236 1897 quidem,
1252 1861 1285 1887 et
1299 1861 1446 1898 tanquam
1459 1856 1598 1887 debitum
1611 1867 1674 1888 ser-

208 1917 332 1939 monem
347 1908 424 1939 mihi
437 1907 613 1946 reddidisti,
623 1908 815 1950 digressione
827 1908 895 1949 ipsa
907 1908 1033 1939 foenoris
1049 1908 1119 1940 loco
1133 1910 1293 1951 proposita
1305 1920 1342 1941 ac
1353 1910 1479 1952 penitus
1490 1910 1671 1952 adimpleta.

207 1960 316 1993 Hosr.
340 1960 410 2002 Age
425 1961 545 2003 itaque,
561 1972 577 1992 a
595 1961 749 2003 principio
765 1962 806 1992 ad
829 1962 923 1993 finem
946 1972 1118 1994 sermonem
1142 1963 1182 1993 de
1198 1962 1297 1994 civilis
1312 1963 1384 1995 artis
1398 1964 1526 1995 nomine
1541 1963 1673 2005 colliga·

211 2025 292 2046 mus.
334 2015 390 2047 So.
412 2015 551 2049 Prorsus,
596 2016 706 2048 Hosr.
728 2016 874 2048 Scientiae
897 2016 993 2054 illius,
1010 2027 1080 2058 quae
1105 2016 1138 2047 iu
1157 2018 1402 2059 contemplando
1431 2022 1578 2056 versatur,
1603 2028 1672 2059 pars

206 2079 270 2100 una
283 2074 350 2101 erat
365 2069 537 2111 imperandi
553 2071 665 2112 peritia
680 2082 687 2102 ι
711 2070 805 2112 hujus
833 2081 901 2112 pars
916 2071 1048 2103 facultas
1064 2071 1128 2108 illa,
1145 2081 1215 2114 quae
1232 2082 1287 2113 per
1302 2082 1334 2103 se
1350 2083 1468 2114 suaque
1484 2076 1598 2114 sponte
1612 2072 1671 2103 im·

206 2127 315 2164 perat:
339 2123 431 2165 cujus
447 2125 615 2155 membrum
629 2125 713 2156 haud
729 2136 803 2156 sane
815 2125 961 2167 exiguum
972 2125 1153 2157 animalium
1165 2125 1334 2157 enutritio:
1357 2126 1452 2167 hujus
1468 2126 1555 2163 item,
1571 2126 1677 2167 gregis

205 2175 374 2209 alimonia:
399 2187 491 2219 quarn
508 2178 687 2210 animalium
703 2179 913 2220 gradientium
928 2179 1075 2210 alimonia
1091 2179 1223 2211 dividit:
1247 2181 1286 2211 ab
1302 2190 1338 2211 ea
1354 2179 1475 2221 species
1488 2179 1541 2210 illa
1556 2179 1673 2211 selecta

207 2233 268 2271 est,
282 2239 353 2271 quae
378 2230 524 2261 animalia
546 2232 693 2263 cornibus
719 2232 860 2263 carentia
887 2233 999 2274 pascit.
1045 2232 1123 2274 Ejus
1148 2237 1299 2275 praeterea
1321 2237 1452 2275 partem,
1468 2243 1667 2275 nequaquam

208 2283 358 2316 minorem
375 2284 541 2326 triplicem,
555 2286 742 2327 complicare
757 2296 884 2318 necesse
901 2291 959 2324 est,
975 2286 1000 2317 si
1016 2287 1084 2328 quis
1100 2297 1165 2318 uno
1182 2287 1308 2318 nomine
1323 2287 1587 2328 comprehendere
1601 2297 1671 2319 eam

205 2336 293 2375 velit,
309 2337 469 2370 scientiam
495 2339 658 2381 appellans
681 2340 890 2382 generationis
917 2341 1000 2372 circa
1023 2341 1150 2372 mixtam
1176 2341 1310 2383 pastoris
1334 2342 1521 2374 custodiam.
1568 2341 1668 2383 Cujus

206 2391 322 2432 portio,
337 2391 367 2422 in
383 2403 476 2434 grege
492 2393 601 2435 bipedi
622 2394 762 2425 homines
777 2394 940 2426 dumtaxat
955 2405 1099 2437 pascens,
1114 2395 1168 2426 illa
1182 2395 1251 2438 ipsa
1264 2406 1358 2438 quam
1374 2395 1552 2437 quaerimus,
1567 2395 1669 2437 impe·

205 2445 320 2477 ratoria
344 2446 475 2477 facultas
502 2451 561 2484 est,
586 2458 678 2488 quam
709 2448 823 2490 regiam
854 2455 887 2480 et
910 2449 1033 2481 civilem
1061 2449 1175 2491 pariter
1196 2449 1403 2484 nominamus.
1449 2451 1504 2481 So.
1527 2450 1670 2481 Prorsus.

209 2499 317 2532 Hosr.
341 2499 494 2541 Nunquid
509 2511 540 2531 re
556 2511 638 2539 vera,
655 2507 690 2533 ut
710 2502 768 2543 ais,
782 2513 801 2533 o
827 2503 982 2540 Socrates,
995 2514 1013 2534 a
1027 2503 1119 2535 nobis
1144 2508 1248 2535 actum
1275 2504 1344 2535 est?
1389 2504 1446 2538 So.
1471 2504 1544 2542 Qua
1559 2505 1599 2536 de
1615 2504 1670 2535 re?

207 2553 317 2584 HosP.
340 2553 452 2585 Utrum
469 2555 554 2595 quod
570 2555 799 2597 proposuimus,
822 2556 1011 2588 sufficienter
1031 2557 1071 2588 sit
1095 2557 1271 2588 absolutum
1285 2557 1296 2588 ἓ
1320 2567 1360 2588 an
1375 2558 1406 2588 in
1422 2559 1595 2599 quaestione
1610 2559 1671 2589 hoc

207 2606 338 2638 maxime
360 2607 610 2649 praetermissum,
633 2610 718 2650 quod
735 2610 958 2653 descripsimus
981 2611 1228 2653 quodammodo,
1251 2611 1392 2642 nondum
1415 2617 1520 2644 tamen
1545 2612 1671 2654 penitus

208 2659 429 2692 definivimus?
473 2661 528 2693 So.
551 2662 760 2699 Quamobrem
777 2665 861 2696 istud
879 2665 948 2696 ais?
994 2665 1104 2698 Hosr‘.
1129 2665 1286 2703 Conabor,
1302 2666 1388 2708 quod
1413 2665 1526 2705 sentio,
1548 2665 1670 2707 planius

209 2714 378 2756 explicare.
423 2714 478 2746 So.
501 2714 564 2746 Dic
575 2715 654 2757 jam.
690 2714 808 2750 'Hosru
832 2719 913 2751 Cum
930 2719 1042 2750 multas
1058 2724 1215 2761 pastorum
1230 2719 1395 2751 facultates
1407 2731 1473 2751 esse
1483 2718 1670 2756 constiterit,

206 2778 271 2799 una
286 2768 428 2810 quaedam
443 2768 565 2800 illarum
583 2770 735 2813 uniusque
750 2773 896 2804 custodia
910 2773 1012 2815 gregis
1027 2773 1128 2805 civilis
1143 2772 1212 2815 ipsa
1236 2773 1404 2815 disciplina
1418 2773 1484 2805 visa
1507 2778 1566 2804 est.
1610 2772 1666 2804 So.

208 2822 366 2854 Profecto.
412 2822 519 2854 Hosr.
542 2822 634 2855 Hanc
657 2834 759 2866 neque
774 2836 924 2867 equorum
940 2837 1042 2868 neque
1059 2826 1188 2857 aliorum
1204 2827 1297 2858 etiam
1314 2827 1483 2864 brutorum,
1498 2827 1553 2857 sed
1569 2826 1669 2857 homi-

210 2886 285 2906 num
313 2881 433 2908 tantum
451 2887 646 2909 communem
666 2889 733 2910 esse
759 2880 961 2912 nutritionem
989 2880 1193 2913 ostendimus.
1239 2881 1294 2913 So.
1318 2881 1355 2912 Id
1378 2891 1514 2922 quoque.
1560 2879 1669 2910 Hosp-

211 2929 373 2961 Pastorum
390 2930 495 2973 itaque
511 2931 648 2962 omnium
665 2938 697 2963 et
713 2943 817 2975 regum
838 2934 1045 2966 differentiam
1073 2935 1226 2976 propriam
1243 2935 1416 2966 videamus.
1463 2934 1517 2964 So.
1541 2934 1667 2970 Quam?

210 2981 314 3015 Hosr.
337 2983 369 3016 Si
385 2985 455 3027 quis
469 2985 546 3018 forte
563 2997 600 3018 ex
615 2986 685 3019 aliis
699 2986 824 3020 alterius
841 2989 913 3020 artis
927 2999 1043 3020 nomen
1058 2989 1187 3029 habens,
1204 2998 1399 3022 communem
1412 2980 1665 3029 gregiwutritio-
