1846 3268
225 234 323 286 297]
817 229 1112 269 POLITICUS.
1605 231 1687 270 389·

220 335 437 369 institutiones
460 332 628 376 transgredi
645 343 821 376 quenquam
838 332 934 369 volet,
951 343 1008 364 nec
1033 333 1101 375 ipse
1125 331 1271 363 mandare
1291 331 1363 368 alia,
1379 341 1439 362 nec
1455 331 1494 362 ab
1511 335 1682 373 aegrotante

223 391 286 422 alia
302 395 412 432 praeter
427 389 519 421 solita
533 386 704 423 observari,
719 386 808 428 quasi
823 396 860 418 ea
875 391 908 418 et
932 386 1096 417 medicinae
1112 386 1184 417 artis
1200 384 1325 427 propria
1338 383 1402 415 sint
1415 388 1448 416 et
1461 384 1659 416 saluberrima
1674 396 1682 415 :

222 455 293 487 quae
310 455 382 476 vero
408 443 497 475 aliter
518 443 607 482 fiant,
620 446 732 483 praeter
756 446 851 473 artem
879 441 941 472 sint
965 445 999 472 et
1022 440 1135 472 noxia?
1157 451 1198 471 an
1224 439 1329 481 potius
1353 438 1504 481 quicquid
1530 438 1688 480 ejusmodi

221 498 303 530 circa
318 498 481 529 scientiam
497 501 657 538 artemque
671 506 777 528 veram
793 495 920 536 accidit,
934 495 1106 527 secundum
1122 493 1226 526 omnia
1239 493 1273 525 in
1288 492 1470 535 hujusmodi
1483 491 1686 524 constitutio-

219 552 311 583 nibus
326 552 418 583 risum
434 551 599 592 plurimum
608 549 800 582 concitabit?
846 549 902 580 So.
924 549 967 580 Et
978 548 1110 580 maxime
1121 549 1259 591 quidem.
1304 547 1412 579 Hosv.
1437 546 1684 578 Hominiautem

221 605 280 643 illi,
295 604 351 647 qui
361 604 449 646 justa
465 609 497 635 et
521 603 648 645 injusta,
664 604 795 635 honesta
818 609 851 635 et
867 603 982 645 turpia,
998 604 1080 634 bona
1095 607 1129 634 et
1147 603 1240 640 mala,
1254 602 1320 633 sive
1343 601 1468 643 scriptis
1482 601 1604 643 legibus
1617 600 1684 632 sive

222 669 287 690 non
302 657 425 700 scriptis
451 656 599 694 moribus,
615 657 753 688 instituit
775 657 935 688 hominum
959 656 1116 698 gregibus,
1130 656 1311 698 quicunque
1334 654 1369 685 in
1384 654 1511 686 civitate
1526 654 1566 685 ad
1581 654 1689 695 legum

219 712 401 754 scriptarum
416 722 555 742 normam
570 711 692 748 vivunt,
708 721 772 741 non
797 710 906 741 licebit
928 709 993 739 alia
1015 710 1158 750 quaedam
1184 714 1295 750 praeter
1320 717 1368 744 ea,
1385 718 1455 749 quae
1471 707 1586 749 scripta
1600 712 1686 745 suut,

219 765 329 807 agere?
349 776 450 807 neque
459 766 485 796 si
496 765 563 807 ipse
578 764 675 802 idem,
685 764 740 806 qui
752 769 825 794 ante
839 761 1036 805 conscripsit,
1046 763 1165 802 redeat,
1178 772 1280 803 neque
1290 761 1316 792 si
1326 761 1397 803 quis
1407 761 1485 792 alius
1497 760 1566 801 ejus
1577 761 1687 792 similis

220 818 349 851 veniat?
368 819 465 861 [296]
483 829 522 850 an
541 818 645 860 potius
657 817 813 849 dubitatio
829 817 900 848 talis
911 827 974 847 non
987 816 1087 847 minus
1099 826 1192 858 quam
1205 815 1344 857 superior
1355 815 1409 846 illa
1423 825 1455 846 re
1467 825 1539 845 vera
1554 815 1690 846 ridicula.

219 871 400 904 videretur?
422 873 478 904 So.
503 872 592 904 Nihil
609 871 762 914 prohibet.
786 870 894 902 Hose.
917 870 1010 902 Nosti
1024 881 1110 913 ergo,
1122 870 1208 912 quod
1216 871 1274 901 hac
1283 870 1323 900 de
1333 879 1365 900 re
1381 868 1474 910 vulgo
1486 868 1604 900 fertur?
1629 869 1687 900 So.

219 925 297 958 Non
313 926 345 957 in
359 927 532 968 praesentia.
578 926 682 960 Hose.
707 925 875 956 Enimvero
887 926 1003 958 decens
1019 930 1077 958 est.
1102 925 1191 955 aiunt
1204 922 1302 964 enirn,
1317 923 1424 966 siquis
1439 923 1524 965 leges
1535 923 1688 964 quasdam

226 980 334 1022 prIscis
350 980 493 1012 meliores
508 980 674 1018 invenerit,
690 990 749 1012 nec
765 989 829 1010 non
845 980 965 1011 civibus
981 979 1176 1021 persuaserit,
1192 983 1335 1020 oportere
1350 988 1420 1008 eum
1435 977 1520 1018 leges
1534 976 1612 1008 ferre
1625 988 1633 1008 ε
1661 976 1691 1007 si

222 1044 287 1066 non
304 1035 502 1076 persuaserit,
518 1045 581 1065 non
597 1035 721 1067 decere.
767 1034 925 1076 Nunquid
942 1039 1024 1066 recte
1038 1034 1050 1065 ἓ
1095 1033 1153 1064 80.
1176 1032 1331 1065 Forsitan.
1375 1031 1483 1062 HosP.
1506 1029 1563 1060 Sin
1579 1034 1684 1061 autem

221 1087 377 1130 quispiam
403 1099 466 1119 non
491 1089 704 1131 persuasione,
720 1089 774 1120 sed
798 1088 842 1125 vi,
856 1089 942 1130 quod
965 1088 1080 1120 rectius
1101 1091 1161 1128 est,
1177 1086 1353 1118 induxerit:
1377 1085 1465 1127 quod
1490 1083 1686 1126 potissimum

221 1141 314 1183 hujus
330 1141 487 1174 violentiae
504 1153 618 1174 nomen
633 1143 644 1173 ?
667 1143 834 1184 responde.
857 1142 952 1174 immo
968 1143 1109 1174 nondum
1125 1142 1165 1173 ad
1187 1141 1258 1179 ista,
1274 1141 1329 1172 sed
1353 1140 1394 1171 ad
1417 1138 1575 1180 superiora
1587 1138 1686 1180 prius.

221 1195 279 1227 So.
302 1195 388 1233 Quid
404 1196 473 1227 ais?
517 1196 623 1228 HosP.
645 1196 678 1227 Si
701 1196 770 1238 quis
793 1201 857 1227 arte
883 1195 1050 1228 medicinae
1073 1195 1196 1238 pollens
1220 1205 1284 1226 non
1309 1193 1506 1236 persuadeat,
1521 1192 1575 1223 sed
1591 1195 1689 1233 cogat

221 1259 304 1286 eum,
321 1260 414 1291 quem
435 1255 524 1282 curat
549 1261 679 1292 puerum
696 1251 744 1282 vel
762 1251 858 1282 virum
871 1250 920 1282 vel
944 1250 1117 1288 mulierem,
1140 1254 1253 1292 praeter
1275 1248 1390 1289 scripta
1412 1246 1498 1289 quod
1513 1253 1562 1277 est
1575 1245 1689 1276 melius

221 1313 312 1344 agero
327 1315 335 1335 ι
359 1304 509 1347 quidnam
535 1305 629 1346 hujus
650 1305 809 1336 violentiae
832 1305 972 1336 nomen?
995 1315 1103 1336 nonne
1131 1304 1218 1335 aliud
1234 1303 1366 1345 quodvis
1382 1301 1487 1343 potius
1502 1310 1595 1343 quam
1611 1299 1686 1331 artis

225 1357 437 1399 transgressio,
453 1359 512 1390 hoc
528 1363 576 1390 est
590 1358 687 1390 illatio
704 1359 827 1390 morbi?
850 1364 883 1390 et
893 1358 1018 1401 quidvis
1034 1359 1119 1389 aliud
1141 1358 1245 1400 potius
1258 1362 1368 1389 coacto
1383 1355 1504 1387 homini
1517 1354 1688 1395 contigisse

220 1409 402 1449 dicendum,
418 1422 511 1454 quam
536 1413 809 1454 transgressionem
832 1413 905 1444 artis
931 1423 968 1444 ac
991 1413 1155 1444 morbum?
1200 1412 1256 1444 SO.
1279 1411 1364 1443 Vera
1385 1409 1531 1452 loqueris.
1574 1408 1685 1440 Hosp-

222 1463 309 1501 Quid
331 1470 435 1496 autem
458 1470 507 1497 est
527 1471 636 1498 contra
660 1467 782 1499 civilem
806 1472 903 1499 artem
926 1467 1097 1500 delictum?
1121 1477 1227 1498 nonne
1252 1466 1337 1508 quod
1355 1470 1444 1506 turpe
1457 1463 1582 1500 dicitur,
1597 1463 1685 1504 quod

222 1518 338 1549 malum
353 1524 387 1551 et
406 1520 491 1561 quod
516 1520 689 1562 injustum?
733 1522 790 1555 So.
812 1521 899 1553 Istuc
922 1522 1036 1564 ipsum.
1082 1521 1189 1553 Hosr.
1212 1519 1294 1561 Age,
1317 1530 1390 1551 cum
1411 1517 1510 1560 ³¹5q⁰i
1531 1522 1686 1558 coguntur

220 1577 334 1614 praeter
354 1574 470 1614 patrias
493 1574 577 1615 leges
598 1585 760 1617 moresque
783 1576 898 1613 facere,
924 1586 995 1618 quae
1017 1575 1163 1617 justiora,
1188 1574 1316 1605 meliora
1336 1572 1579 1612 honestioraque
1601 1574 1687 1606 sunt,

221 1635 327 1658 nonne
343 1627 613 1660 ridiculosissimus
636 1629 776 1660 omnium
801 1630 870 1671 erit,
883 1630 1026 1671 quisquis
1042 1630 1102 1660 vim
1118 1639 1187 1661 earn
1202 1627 1402 1670 vituperabit,
1418 1627 1565 1667 dicetque
1579 1624 1651 1656 illos
1668 1633 1688 1654 a

220 1681 424 1718 curatoribus,
441 1682 496 1723 qui
516 1682 702 1724 coegerunt,
719 1683 832 1724 turpia,
849 1684 942 1720 mala,
958 1683 1075 1725 injusta
1097 1684 1195 1714 fuisse
1219 1680 1405 1724 perpessos?
1451 1679 1507 1711 So.
1532 1678 1615 1710 Vera
1630 1687 1686 1719 pe-

221 1734 306 1765 nitus
322 1734 468 1776 loqueris.
514 1735 623 1768 HosP.
647 1736 803 1778 Nunquid
830 1737 856 1768 si
879 1737 967 1768 dives
990 1737 1041 1773 sit,
1058 1736 1112 1777 qui
1126 1736 1223 1777 cogit,
1235 1734 1330 1776 justae
1346 1732 1526 1765 coactiones
1540 1735 1633 1762 sunt:
1659 1729 1687 1761 si

220 1798 340 1830 pauper
355 1794 472 1832 autern,
487 1789 518 1820 in
517 1789 636 1831 justae?
680 1789 733 1820 An
749 1790 853 1832 potius
869 1790 934 1821 sive
950 1789 1136 1832 persuaserit
1150 1789 1215 1820 sive
1231 1798 1295 1819 non
1310 1785 1510 1829 persuaserit,
1524 1785 1588 1816 sive
1604 1794 1686 1826 pau-

219 1853 276 1884 per
291 1842 330 1873 sit
344 1853 399 1874 seu
416 1843 517 1884 dives,
534 1843 582 1875 vel
598 1845 770 1877 secundum
787 1845 902 1886 scripta
916 1845 965 1876 vel
983 1849 1093 1886 praeter
1107 1844 1234 1885 scripta,
1250 1843 1344 1874 modo
1360 1851 1431 1883 quae
1444 1840 1534 1871 utilia
1549 1843 1622 1870 sunt
1636 1838 1684 1868 in-

218 1895 326 1934 ducat,
342 1897 511 1928 dicendum
526 1902 584 1938 est,
601 1899 681 1930 hauc
697 1909 799 1930 veram
815 1909 882 1930 esse
896 1903 990 1931 rectae
1006 1897 1238 1940 gubernationis
1249 1897 1348 1929 civilis
1360 1893 1599 1927 definitionem?
1622 1902 1687 1933 qua

217 1949 339 1982 ratione
355 1950 401 1981 vir
414 1950 539 1992 sapiens
553 1951 716 1993 bonusque
731 1952 927 1994 gubernabit,
943 1953 984 1983 ad
998 1952 1193 1983 subditorum
1208 1951 1338 1982 salutem
1361 1959 1483 1991 semper
1496 1949 1542 1980 ita
1556 1945 1686 1988 respici-

219 2012 287 2043 ens,
302 2008 337 2035 ut
349 2004 388 2035 ad
405 2009 568 2036 nautarum
584 2005 735 2048 navisque
750 2006 882 2038 salutem
897 2007 1025 2049 respicit
1048 2006 1145 2049 [29⁷]
1170 2007 1367 2048 gubernator.
1412 2003 1495 2035 Nam
1511 2007 1547 2033 ut
1557 2001 1610 2033 ille
1620 2011 1685 2032 non

218 2057 340 2099 scriptis
354 2059 410 2090 sed
425 2063 502 2096 arte,
518 2060 608 2102 quasi
623 2060 692 2102 lege
707 2061 856 2104 quadam,
871 2066 983 2092 nautas
998 2066 1110 2098 servat,
1128 2061 1172 2092 ita
1186 2065 1220 2091 et
1235 2060 1281 2090 vir
1294 2059 1348 2091 ille
1364 2069 1396 2090 re
1413 2067 1482 2089 vera
1505 2055 1605 2087 civilis
1619 2065 1628 2086 :
1652 2058 1687 2085 et

219 2111 304 2152 apud
320 2122 386 2150 eos,
401 2113 457 2154 qui
470 2112 515 2144 ita
530 2114 682 2146 dominari
699 2120 843 2157 possunt,
858 2120 942 2147 recta
955 2120 1003 2147 est
1019 2125 1119 2146 rerum
1135 2114 1273 2146 civilium
1289 2111 1529 2148 administratio,
1540 2109 1599 2140 vim
1610 2108 1683 2140 artis

218 2164 372 2205 potiorem
388 2167 508 2207 legibus
523 2169 687 2201 adhibens.
733 2169 784 2201 Ac
800 2170 976 2202 summatim
992 2170 1204 2211 quodcunque
1219 2167 1389 2210 prudentes
1405 2165 1561 2207 principes
1575 2166 1683 2204 agant,

217 2227 377 2260 nunquam
393 2220 593 2261 delinquunt,
609 2223 758 2263 quamdiu
774 2233 869 2255 unum
886 2225 946 2256 hoc
962 2223 1155 2266 potissimum
1170 2226 1305 2258 servant,
1317 2226 1351 2252 ut
1363 2224 1466 2251 mente
1477 2222 1510 2249 et
1520 2222 1584 2249 arte
1595 2216 1683 2259 quod

214 2270 422 2311 justissimum
435 2279 482 2305 est
496 2275 616 2307 civibus
631 2276 853 2309 distribuentes
873 2278 952 2310 tueri
975 2288 1029 2310 eos
1044 2277 1170 2309 valeant
1195 2275 1399 2317 melioresque
1414 2285 1450 2306 ex
1467 2272 1684 2307 deterioribus,

217 2327 323 2366 quoad
337 2326 404 2358 fieri
419 2333 535 2370 potest,
551 2330 683 2363 efficere.
728 2332 784 2364 So.
809 2332 880 2375 His,
893 2343 964 2375 quae
980 2333 1075 2364 modo
1093 2331 1179 2364 dicta
1204 2335 1290 2372 sunt,
1309 2338 1482 2371 repugnare
1509 2337 1572 2358 non
1595 2326 1682 2357 licet.

218 2378 325 2413 Hosr’.
349 2381 464 2424 Neque
493 2384 554 2416 illis
575 2385 712 2428 insuper.
759 2387 815 2419 So.
840 2388 966 2425 Quibus
987 2387 1135 2419 dicebas?
1180 2386 1290 2417 Hosp.
1314 2384 1410 2422 Quod
1432 2383 1520 2414 nulla
1543 2390 1682 2422 unquam

218 2432 387 2466 multitudo
404 2442 511 2478 potest
525 2449 563 2470 ea
578 2439 747 2482 disciplina
761 2442 952 2483 praecellere,
975 2452 1038 2484 qua
1056 2441 1228 2473 secundum
1245 2443 1380 2471 mentem
1396 2437 1553 2469 civitatem
1569 2438 1655 2476 regat
1670 2444 1680 2464 τ

217 2485 313 2518 immo
327 2494 413 2521 recta
426 2491 480 2522 illa
495 2491 629 2525 civitatis
644 2495 872 2528 administratio
894 2497 979 2538 apud
1005 2506 1103 2527 unum
1123 2495 1172 2526 vel
1198 2493 1401 2536 paucissimos
1427 2489 1596 2533 quaerenda
1611 2492 1656 2519 est
1673 2497 1681 2517 t

218 2539 288 2571 aliae
302 2552 374 2573 vero
389 2548 537 2586 tanquam
562 2546 751 2580 imitationes
778 2550 935 2592 ponendae
951 2550 1108 2586 videntur,
1125 2554 1160 2579 ut
1183 2548 1279 2590 paulo
1305 2557 1398 2588 supra
1419 2545 1551 2586 dictum,
1566 2540 1679 2584 partim

217 2595 389 2627 secundum
404 2598 593 2639 pulchriora,
609 2602 721 2642 partim
746 2604 919 2635 secundum
947 2603 1087 2645 turpiora
1110 2603 1191 2633 hanc
1215 2601 1383 2632 imitantes.
1429 2599 1484 2630 So.
1510 2594 1680 2634 Quomodo

217 2646 301 2679 istud
314 2648 440 2682 dicebas
453 2652 464 2682 .²
488 2662 590 2694 neque
605 2655 701 2697 enim,
714 2657 800 2698 quod
816 2658 856 2688 de
870 2657 1023 2687 imitando
1040 2656 1194 2692 tradebas,
1207 2655 1282 2686 satis
1297 2659 1372 2685 tunc
1387 2651 1537 2684 intellexi.
1570 2648 1679 2680 HosP.

218 2701 314 2733 Haud
330 2705 417 2746 parvi
432 2705 612 2738 faciendum
627 2715 686 2751 est,
704 2710 730 2741 si
745 2710 815 2752 quis
830 2711 889 2741 hoc
905 2710 992 2741 illato
1008 2719 1150 2741 sermone
1160 2708 1290 2740 desistet
1304 2707 1402 2749 prius,
1412 2715 1505 2747 quarn
1516 2702 1678 2736 delictum,

219 2758 306 2797 quod
321 2757 403 2790 circa
418 2759 520 2801 ipsum
541 2771 626 2794 nunc
648 2769 696 2794 est
721 2765 932 2806 commissum,
955 2763 1138 2795 ostenderit.
1183 2763 1239 2794 So.
1263 2762 1360 2800 Quod
1385 2759 1534 2791 delictum
1551 2753 1678 2797 inquis?

218 2809 325 2844 HosP.
349 2812 485 2854 Oportet
499 2814 561 2846 tale
577 2815 696 2858 aliquid
712 2828 860 2859 quaerere,
876 2818 961 2860 quod
984 2829 1087 2860 neque
1115 2822 1300 2849 consuetum
1315 2819 1364 2846 est
1377 2823 1480 2854 neque
1494 2809 1586 2842 facile
1601 2818 1678 2848 cog-

217 2864 301 2903 ”51⁰2
314 2865 424 2908 ipsum
442 2872 546 2900 tamen
571 2871 833 2912 comprehendere
857 2872 1045 2903 annitamur.
1091 2871 1172 2903 Cum
1197 2870 1263 2902 sola
1285 2870 1364 2906 lraec,
1379 2876 1472 2909 quam
1494 2861 1678 2895 memoravi-

219 2927 299 2962 mus,
315 2925 398 2953 recta
413 2921 512 2954 civilis
535 2924 719 2966 gubernatio
739 2926 789 2964 sit,
805 2926 864 2959 scis
886 2930 1028 2969 oportere
1044 2926 1120 2958 alias
1135 2924 1230 2966 hujus
1244 2921 1394 2956 institutis
1409 2923 1531 2952 utentes
1546 2916 1676 2955 servari,
