<?xml version="1.0" encoding="UTF-8"?>
<!DOCTYPE html PUBLIC "-//W3C//DTD XHTML 1.0 Transitional//EN"
    "http://www.w3.org/TR/xhtml1/DTD/xhtml1-transitional.dtd">
<html xmlns="http://www.w3.org/1999/xhtml" xml:lang="en" lang="en">
 <head>
  <title>
</title>
<meta http-equiv="Content-Type" content="text/html;charset=utf-8" />
  <meta name='ocr-system' content='tesseract 3.04.00' />
  <meta name='ocr-capabilities' content='ocr_page ocr_carea ocr_par ocr_line ocrx_word'/>
</head>
<body>
  <div class='ocr_page' id='page_1' title='image "./platonisetquaeve10plat_0243.png"; bbox 0 0 1846 3268; ppageno 0'>
   <div class='ocr_carea' id='block_1_1' title="bbox 143 283 1601 345">
    <p class='ocr_par' dir='ltr' id='par_1_1' title="bbox 143 283 1601 345">
     <span class='ocr_line' id='line_1_1' title="bbox 143 283 1601 345; baseline 0.001 -21"><span class='ocrx_word' id='word_1_1' title='bbox 143 286 247 345; x_wconf 65' lang='lat'>145}</span> <span class='ocrx_word' id='word_1_2' title='bbox 558 283 825 323; x_wconf 81' lang='lat' dir='ltr'><strong>PLATONIS</strong></span> <span class='ocrx_word' id='word_1_3' title='bbox 844 284 1200 335; x_wconf 19' lang='lat' dir='ltr'>*THEAETETUS</span> <span class='ocrx_word' id='word_1_4' title='bbox 1521 288 1601 336; x_wconf 77' lang='lat'><strong>233</strong></span> 
     </span>
    </p>
   </div>
   <div class='ocr_carea' id='block_1_2' title="bbox 108 388 1601 2970">
    <p class='ocr_par' dir='ltr' id='par_1_2' title="bbox 108 388 1601 2970">
     <span class='ocr_line' id='line_1_2' title="bbox 132 388 1596 433; baseline -0.001 -11"><span class='ocrx_word' id='word_1_5' title='bbox 132 389 309 427; x_wconf 71' lang='lat' dir='ltr'><strong>Theodora,</strong></span> <span class='ocrx_word' id='word_1_6' title='bbox 325 399 388 432; x_wconf 81' lang='lat' dir='ltr'><strong>prae</strong></span> <span class='ocrx_word' id='word_1_7' title='bbox 402 388 512 421; x_wconf 79' lang='lat' dir='ltr'><strong>ceteris</strong></span> <span class='ocrx_word' id='word_1_8' title='bbox 532 389 847 427; x_wconf 83' lang='lat' dir='ltr'><strong>curaemihi-essent,</strong></span> <span class='ocrx_word' id='word_1_9' title='bbox 861 399 932 431; x_wconf 88' lang='lat' dir='ltr'><strong>quae</strong></span> <span class='ocrx_word' id='word_1_10' title='bbox 957 391 998 421; x_wconf 83' lang='lat' dir='ltr'><strong>ad</strong></span> <span class='ocrx_word' id='word_1_11' title='bbox 1022 401 1075 421; x_wconf 89' lang='lat' dir='ltr'><strong>eos</strong></span> <span class='ocrx_word' id='word_1_12' title='bbox 1099 394 1243 433; x_wconf 84' lang='lat' dir='ltr'><strong>spectant</strong></span> <span class='ocrx_word' id='word_1_13' title='bbox 1265 390 1321 422; x_wconf 80' lang='lat' dir='ltr'><strong>abs</strong></span> <span class='ocrx_word' id='word_1_14' title='bbox 1340 394 1374 423; x_wconf 67' lang='lat' dir='ltr'><strong>,te</strong></span> <span class='ocrx_word' id='word_1_15' title='bbox 1400 389 1596 431; x_wconf 85' lang='lat' dir='ltr'><strong>potissimum</strong></span> 
     </span>
     <span class='ocr_line' id='line_1_3' title="bbox 136 442 1600 486; baseline -0.001 -11"><span class='ocrx_word' id='word_1_16' title='bbox 136 444 337 486; x_wconf 76' lang='lat' dir='ltr'>exquirerem,</span> <span class='ocrx_word' id='word_1_17' title='bbox 351 442 449 485; x_wconf 87' lang='lat' dir='ltr'><strong>siqui</strong></span> <span class='ocrx_word' id='word_1_18' title='bbox 473 442 536 474; x_wconf 88' lang='lat' dir='ltr'><strong>illic</strong></span> <span class='ocrx_word' id='word_1_19' title='bbox 553 442 688 484; x_wconf 86' lang='lat' dir='ltr'><strong>juvenes</strong></span> <span class='ocrx_word' id='word_1_20' title='bbox 702 443 879 484; x_wconf 75' lang='lat' dir='ltr'><strong>geometriae</strong></span> <span class='ocrx_word' id='word_1_21' title='bbox 905 448 959 474; x_wconf 87' lang='lat' dir='ltr'><strong>aut</strong></span> <span class='ocrx_word' id='word_1_22' title='bbox 981 443 1070 475; x_wconf 84' lang='lat' dir='ltr'><strong>alteri</strong></span> <span class='ocrx_word' id='word_1_23' title='bbox 1098 444 1307 486; x_wconf 66' lang='lat' dir='ltr'><strong>philosophiae</strong></span> <span class='ocrx_word' id='word_1_24' title='bbox 1328 444 1432 475; x_wconf 89' lang='lat' dir='ltr'><strong>studio</strong></span> <span class='ocrx_word' id='word_1_25' title='bbox 1454 444 1600 474; x_wconf 84' lang='lat' dir='ltr'><strong>ardenter</strong></span> 
     </span>
     <span class='ocr_line' id='line_1_4' title="bbox 133 496 1598 540; baseline -0.002 -10"><span class='ocrx_word' id='word_1_26' title='bbox 133 498 357 530; x_wconf 78' lang='lat' dir='ltr'>incumberent.</span> <span class='ocrx_word' id='word_1_27' title='bbox 401 496 496 528; x_wconf 88' lang='lat' dir='ltr'><strong>Nunc</strong></span> <span class='ocrx_word' id='word_1_28' title='bbox 522 502 625 528; x_wconf 84' lang='lat' dir='ltr'><strong>autem</strong></span> <span class='ocrx_word' id='word_1_29' title='bbox 650 497 748 539; x_wconf 83' lang='lat' dir='ltr'><strong>magis</strong></span> <span class='ocrx_word' id='word_1_30' title='bbox 774 503 897 529; x_wconf 88' lang='lat' dir='ltr'><strong>nostros</strong></span> <span class='ocrx_word' id='word_1_31' title='bbox 923 509 1016 539; x_wconf 89' lang='lat' dir='ltr'><strong>quam</strong></span> <span class='ocrx_word' id='word_1_32' title='bbox 1045 498 1116 529; x_wconf 88' lang='lat' dir='ltr'><strong>illos</strong></span> <span class='ocrx_word' id='word_1_33' title='bbox 1141 509 1223 536; x_wconf 87' lang='lat' dir='ltr'><strong>amo,</strong></span> <span class='ocrx_word' id='word_1_34' title='bbox 1238 498 1406 540; x_wconf 87' lang='lat' dir='ltr'><strong>potiusque</strong></span> <span class='ocrx_word' id='word_1_35' title='bbox 1423 497 1598 538; x_wconf 81' lang='lat' dir='ltr'><strong>intelligere</strong></span> 
     </span>
     <span class='ocr_line' id='line_1_5' title="bbox 133 550 1598 593; baseline -0.002 -10"><span class='ocrx_word' id='word_1_36' title='bbox 133 552 240 593; x_wconf 89' lang='lat' dir='ltr'><strong>cupio,</strong></span> <span class='ocrx_word' id='word_1_37' title='bbox 255 551 380 593; x_wconf 83' lang='lat' dir='ltr'>quinam</span> <span class='ocrx_word' id='word_1_38' title='bbox 396 562 414 582; x_wconf 90' lang='lat' dir='ltr'><strong>e</strong></span> <span class='ocrx_word' id='word_1_39' title='bbox 429 550 541 582; x_wconf 86' lang='lat' dir='ltr'><strong>nostris</strong></span> <span class='ocrx_word' id='word_1_40' title='bbox 552 550 725 592; x_wconf 87' lang='lat' dir='ltr'><strong>juvenibus</strong></span> <span class='ocrx_word' id='word_1_41' title='bbox 740 551 773 582; x_wconf 91' lang='lat' dir='ltr'><strong>in</strong></span> <span class='ocrx_word' id='word_1_42' title='bbox 788 551 869 582; x_wconf 92' lang='lat' dir='ltr'><strong>viros</strong></span> <span class='ocrx_word' id='word_1_43' title='bbox 884 552 999 593; x_wconf 88' lang='lat' dir='ltr'><strong>probos</strong></span> <span class='ocrx_word' id='word_1_44' title='bbox 1024 552 1146 583; x_wconf 83' lang='lat' dir='ltr'><strong>evasuri</strong></span> <span class='ocrx_word' id='word_1_45' title='bbox 1170 553 1280 583; x_wconf 90' lang='lat' dir='ltr'><strong>merito</strong></span> <span class='ocrx_word' id='word_1_46' title='bbox 1297 551 1473 582; x_wconf 85' lang='lat' dir='ltr'><strong>videantur.</strong></span> <span class='ocrx_word' id='word_1_47' title='bbox 1518 550 1598 580; x_wconf 85' lang='lat' dir='ltr'><strong>Haec</strong></span> 
     </span>
     <span class='ocr_line' id='line_1_6' title="bbox 133 605 1599 647; baseline -0.001 -11"><span class='ocrx_word' id='word_1_48' title='bbox 133 605 202 647; x_wconf 87' lang='lat' dir='ltr'><strong>ipse</strong></span> <span class='ocrx_word' id='word_1_49' title='bbox 217 616 272 646; x_wconf 90' lang='lat' dir='ltr'><strong>pro</strong></span> <span class='ocrx_word' id='word_1_50' title='bbox 287 605 401 636; x_wconf 86' lang='lat' dir='ltr'><strong>viribus</strong></span> <span class='ocrx_word' id='word_1_51' title='bbox 416 615 537 646; x_wconf 72' lang='lat' dir='ltr'><strong>semper</strong></span> <span class='ocrx_word' id='word_1_52' title='bbox 547 605 688 646; x_wconf 86' lang='lat' dir='ltr'><strong>exploro,</strong></span> <span class='ocrx_word' id='word_1_53' title='bbox 704 611 736 635; x_wconf 90' lang='lat' dir='ltr'><strong>et</strong></span> <span class='ocrx_word' id='word_1_54' title='bbox 752 605 790 636; x_wconf 83' lang='lat' dir='ltr'><strong>ab</strong></span> <span class='ocrx_word' id='word_1_55' title='bbox 806 606 886 643; x_wconf 83' lang='lat' dir='ltr'><strong>aliis,</strong></span> <span class='ocrx_word' id='word_1_56' title='bbox 901 606 939 636; x_wconf 89' lang='lat' dir='ltr'><strong>ad</strong></span> <span class='ocrx_word' id='word_1_57' title='bbox 963 616 1041 647; x_wconf 90' lang='lat' dir='ltr'><strong>quos</strong></span> <span class='ocrx_word' id='word_1_58' title='bbox 1062 606 1195 647; x_wconf 81' lang='lat' dir='ltr'><strong>juvenes</strong></span> <span class='ocrx_word' id='word_1_59' title='bbox 1220 606 1378 638; x_wconf 87' lang='lat' dir='ltr'><strong>confluere</strong></span> <span class='ocrx_word' id='word_1_60' title='bbox 1393 605 1497 643; x_wconf 87' lang='lat' dir='ltr'><strong>video,</strong></span> <span class='ocrx_word' id='word_1_61' title='bbox 1513 615 1599 645; x_wconf 77' lang='lat' dir='ltr'><strong>saepe</strong></span> 
     </span>
     <span class='ocr_line' id='line_1_7' title="bbox 133 658 1600 701; baseline -0.001 -11"><span class='ocrx_word' id='word_1_62' title='bbox 133 663 308 700; x_wconf 85' lang='lat' dir='ltr'><strong>percontor.</strong></span> <span class='ocrx_word' id='word_1_63' title='bbox 351 659 398 690; x_wconf 87' lang='lat' dir='ltr'><strong>Te</strong></span> <span class='ocrx_word' id='word_1_64' title='bbox 421 663 524 690; x_wconf 84' lang='lat' dir='ltr'><strong>autem</strong></span> <span class='ocrx_word' id='word_1_65' title='bbox 549 669 613 690; x_wconf 91' lang='lat' dir='ltr'><strong>non</strong></span> <span class='ocrx_word' id='word_1_66' title='bbox 641 659 735 700; x_wconf 86' lang='lat' dir='ltr'><strong>pauci</strong></span> <span class='ocrx_word' id='word_1_67' title='bbox 757 664 937 699; x_wconf 55' lang='lat' dir='ltr'><strong>sectantum</strong></span> <span class='ocrx_word' id='word_1_68' title='bbox 960 665 994 691; x_wconf 81' lang='lat' dir='ltr'><strong>et</strong></span> <span class='ocrx_word' id='word_1_69' title='bbox 1020 661 1141 691; x_wconf 83' lang='lat' dir='ltr'><strong>merito.</strong></span> <span class='ocrx_word' id='word_1_70' title='bbox 1164 671 1246 691; x_wconf 87' lang='lat' dir='ltr'><strong>nam-</strong></span> <span class='ocrx_word' id='word_1_71' title='bbox 1261 666 1293 691; x_wconf 83' lang='lat' dir='ltr'><strong>et</strong></span> <span class='ocrx_word' id='word_1_72' title='bbox 1308 660 1438 693; x_wconf 86' lang='lat' dir='ltr'><strong>aliorum</strong></span> <span class='ocrx_word' id='word_1_73' title='bbox 1454 658 1552 701; x_wconf 85' lang='lat' dir='ltr'><strong>gratia</strong></span> <span class='ocrx_word' id='word_1_74' title='bbox 1567 662 1600 688; x_wconf 83' lang='lat' dir='ltr'><strong>et</strong></span> 
     </span>
     <span class='ocr_line' id='line_1_8' title="bbox 137 712 1600 755; baseline -0.001 -11"><span class='ocrx_word' id='word_1_75' title='bbox 137 712 314 754; x_wconf 83' lang='lat' dir='ltr'><strong>geometriae</strong></span> <span class='ocrx_word' id='word_1_76' title='bbox 330 712 461 744; x_wconf 78' lang='lat' dir='ltr'>maxime</span> <span class='ocrx_word' id='word_1_77' title='bbox 477 723 629 744; x_wconf 86' lang='lat' dir='ltr'><strong>concursu</strong></span> <span class='ocrx_word' id='word_1_78' title='bbox 655 713 769 755; x_wconf 87' lang='lat' dir='ltr'><strong>dignus</strong></span> <span class='ocrx_word' id='word_1_79' title='bbox 794 723 860 745; x_wconf 90' lang='lat' dir='ltr'><strong>esse</strong></span> <span class='ocrx_word' id='word_1_80' title='bbox 876 714 999 744; x_wconf 90' lang='lat' dir='ltr'><strong>videris.</strong></span> <span class='ocrx_word' id='word_1_81' title='bbox 1044 714 1074 744; x_wconf 82' lang='lat' dir='ltr'><strong>Si</strong></span> <span class='ocrx_word' id='word_1_82' title='bbox 1091 724 1183 754; x_wconf 85' lang='lat' dir='ltr'><strong>quern</strong></span> <span class='ocrx_word' id='word_1_83' title='bbox 1199 713 1293 755; x_wconf 84' lang='lat' dir='ltr'><strong>igitur</strong></span> <span class='ocrx_word' id='word_1_84' title='bbox 1307 718 1417 744; x_wconf 85' lang='lat' dir='ltr'><strong>nactus</strong></span> <span class='ocrx_word' id='word_1_85' title='bbox 1434 723 1467 744; x_wconf 89' lang='lat' dir='ltr'><strong>es</strong></span> <span class='ocrx_word' id='word_1_86' title='bbox 1484 721 1600 755; x_wconf 78' lang='lat' dir='ltr'><strong>memo-</strong></span> 
     </span>
     <span class='ocr_line' id='line_1_9' title="bbox 132 766 1599 809; baseline -0.001 -12"><span class='ocrx_word' id='word_1_87' title='bbox 132 771 199 797; x_wconf 83' lang='lat' dir='ltr'><strong>ratu</strong></span> <span class='ocrx_word' id='word_1_88' title='bbox 214 766 356 808; x_wconf 88' lang='lat' dir='ltr'><strong>dignum,</strong></span> <span class='ocrx_word' id='word_1_89' title='bbox 373 767 504 798; x_wconf 87' lang='lat' dir='ltr'><strong>libenter</strong></span> <span class='ocrx_word' id='word_1_90' title='bbox 515 767 667 799; x_wconf 78' lang='lat' dir='ltr'>audirem.</span> <span class='ocrx_word' id='word_1_91' title='bbox 711 767 819 799; x_wconf 75' lang='lat' dir='ltr'><strong>Tuao.</strong></span> <span class='ocrx_word' id='word_1_92' title='bbox 843 767 955 809; x_wconf 84' lang='lat' dir='ltr'><strong>Atqui,</strong></span> <span class='ocrx_word' id='word_1_93' title='bbox 971 778 991 799; x_wconf 90' lang='lat' dir='ltr'><strong>o</strong></span> <span class='ocrx_word' id='word_1_94' title='bbox 1014 768 1168 804; x_wconf 81' lang='lat' dir='ltr'><strong>Socrates,</strong></span> <span class='ocrx_word' id='word_1_95' title='bbox 1185 772 1218 798; x_wconf 87' lang='lat' dir='ltr'><strong>et</strong></span> <span class='ocrx_word' id='word_1_96' title='bbox 1242 778 1290 798; x_wconf 90' lang='lat' dir='ltr'><strong>me</strong></span> <span class='ocrx_word' id='word_1_97' title='bbox 1307 767 1417 798; x_wconf 79' lang='lat' dir='ltr'><strong>referre</strong></span> <span class='ocrx_word' id='word_1_98' title='bbox 1433 773 1465 797; x_wconf 89' lang='lat' dir='ltr'><strong>ct</strong></span> <span class='ocrx_word' id='word_1_99' title='bbox 1481 771 1511 796; x_wconf 87' lang='lat' dir='ltr'><strong>te</strong></span> <span class='ocrx_word' id='word_1_100' title='bbox 1527 776 1599 796; x_wconf 89' lang='lat' dir='ltr'><strong>aus-</strong></span> 
     </span>
     <span class='ocr_line' id='line_1_10' title="bbox 133 818 1596 862; baseline -0.002 -10"><span class='ocrx_word' id='word_1_101' title='bbox 133 819 251 852; x_wconf 85' lang='lat' dir='ltr'><strong>cultare</strong></span> <span class='ocrx_word' id='word_1_102' title='bbox 278 821 381 857; x_wconf 87' lang='lat' dir='ltr'><strong>decet,</strong></span> <span class='ocrx_word' id='word_1_103' title='bbox 398 821 521 862; x_wconf 84' lang='lat' dir='ltr'><strong>qualem</strong></span> <span class='ocrx_word' id='word_1_104' title='bbox 543 832 561 852; x_wconf 90' lang='lat' dir='ltr'><strong>e</strong></span> <span class='ocrx_word' id='word_1_105' title='bbox 577 822 687 852; x_wconf 89' lang='lat' dir='ltr'><strong>vestris</strong></span> <span class='ocrx_word' id='word_1_106' title='bbox 711 822 832 853; x_wconf 88' lang='lat' dir='ltr'><strong>civibus</strong></span> <span class='ocrx_word' id='word_1_107' title='bbox 854 822 1087 854; x_wconf 81' lang='lat' dir='ltr'>adolescentem</span> <span class='ocrx_word' id='word_1_108' title='bbox 1115 820 1299 854; x_wconf 85' lang='lat' dir='ltr'><strong>invenerim.</strong></span> <span class='ocrx_word' id='word_1_109' title='bbox 1323 820 1377 862; x_wconf 88' lang='lat' dir='ltr'><strong>qui</strong></span> <span class='ocrx_word' id='word_1_110' title='bbox 1403 818 1428 851; x_wconf 88' lang='lat' dir='ltr'><strong>si</strong></span> <span class='ocrx_word' id='word_1_111' title='bbox 1445 820 1596 850; x_wconf 80' lang='lat' dir='ltr'><strong>formosus</strong></span> 
     </span>
     <span class='ocr_line' id='line_1_11' title="bbox 132 873 1598 917; baseline 0.001 -12"><span class='ocrx_word' id='word_1_112' title='bbox 132 879 226 912; x_wconf 87' lang='lat' dir='ltr'><strong>esset,</strong></span> <span class='ocrx_word' id='word_1_113' title='bbox 240 874 366 914; x_wconf 84' lang='lat' dir='ltr'><strong>laudare</strong></span> <span class='ocrx_word' id='word_1_114' title='bbox 382 874 468 906; x_wconf 88' lang='lat' dir='ltr'><strong>illurn</strong></span> <span class='ocrx_word' id='word_1_115' title='bbox 483 885 612 910; x_wconf 88' lang='lat' dir='ltr'><strong>vererer,</strong></span> <span class='ocrx_word' id='word_1_116' title='bbox 629 885 669 906; x_wconf 90' lang='lat' dir='ltr'><strong>ne</strong></span> <span class='ocrx_word' id='word_1_117' title='bbox 685 875 735 906; x_wconf 86' lang='lat' dir='ltr'><strong>eui</strong></span> <span class='ocrx_word' id='word_1_118' title='bbox 748 875 852 906; x_wconf 83' lang='lat' dir='ltr'><strong>forsan</strong></span> <span class='ocrx_word' id='word_1_119' title='bbox 867 875 952 906; x_wconf 88' lang='lat' dir='ltr'><strong>illius</strong></span> <span class='ocrx_word' id='word_1_120' title='bbox 967 886 1070 907; x_wconf 89' lang='lat' dir='ltr'><strong>amore</strong></span> <span class='ocrx_word' id='word_1_121' title='bbox 1085 881 1197 917; x_wconf 90' lang='lat' dir='ltr'><strong>captus</strong></span> <span class='ocrx_word' id='word_1_122' title='bbox 1213 875 1307 906; x_wconf 86' lang='lat' dir='ltr'><strong>videri</strong></span> <span class='ocrx_word' id='word_1_123' title='bbox 1322 885 1457 916; x_wconf 85' lang='lat' dir='ltr'><strong>possem.</strong></span> <span class='ocrx_word' id='word_1_124' title='bbox 1501 873 1598 904; x_wconf 81' lang='lat' dir='ltr'><strong>Nunc</strong></span> 
     </span>
     <span class='ocr_line' id='line_1_12' title="bbox 133 927 1598 971; baseline 0 -13"><span class='ocrx_word' id='word_1_125' title='bbox 133 933 238 959; x_wconf 82' lang='lat' dir='ltr'><strong>autem</strong></span> <span class='ocrx_word' id='word_1_126' title='bbox 253 939 292 959; x_wconf 92' lang='lat' dir='ltr'><strong>ne</strong></span> <span class='ocrx_word' id='word_1_127' title='bbox 307 928 383 959; x_wconf 80' lang='lat' dir='ltr'><strong>mihi</strong></span> <span class='ocrx_word' id='word_1_128' title='bbox 397 939 583 967; x_wconf 82' lang='lat' dir='ltr'><strong>succenseas</strong></span> <span class='ocrx_word' id='word_1_129' title='bbox 597 939 702 970; x_wconf 89' lang='lat' dir='ltr'><strong>neque</strong></span> <span class='ocrx_word' id='word_1_130' title='bbox 719 929 853 960; x_wconf 78' lang='lat' dir='ltr'><strong>turbes:</strong></span> <span class='ocrx_word' id='word_1_131' title='bbox 878 940 942 960; x_wconf 90' lang='lat' dir='ltr'><strong>non</strong></span> <span class='ocrx_word' id='word_1_132' title='bbox 967 930 1052 961; x_wconf 86' lang='lat' dir='ltr'><strong>enim</strong></span> <span class='ocrx_word' id='word_1_133' title='bbox 1076 935 1123 961; x_wconf 90' lang='lat' dir='ltr'><strong>est</strong></span> <span class='ocrx_word' id='word_1_134' title='bbox 1144 929 1283 971; x_wconf 85' lang='lat' dir='ltr'><strong>pulcher.</strong></span> <span class='ocrx_word' id='word_1_135' title='bbox 1328 928 1443 959; x_wconf 84' lang='lat' dir='ltr'><strong>Similis</strong></span> <span class='ocrx_word' id='word_1_136' title='bbox 1466 927 1521 958; x_wconf 85' lang='lat' dir='ltr'><strong>tibi</strong></span> <span class='ocrx_word' id='word_1_137' title='bbox 1537 932 1598 966; x_wconf 86' lang='lat' dir='ltr'><strong>est,</strong></span> 
     </span>
     <span class='ocr_line' id='line_1_13' title="bbox 133 981 1599 1025; baseline -0.001 -13"><span class='ocrx_word' id='word_1_138' title='bbox 133 981 211 1012; x_wconf 87' lang='lat' dir='ltr'><strong>simo</strong></span> <span class='ocrx_word' id='word_1_139' title='bbox 226 992 301 1012; x_wconf 89' lang='lat' dir='ltr'><strong>naso</strong></span> <span class='ocrx_word' id='word_1_140' title='bbox 317 987 349 1013; x_wconf 87' lang='lat' dir='ltr'><strong>et</strong></span> <span class='ocrx_word' id='word_1_141' title='bbox 363 982 610 1023; x_wconf 73' lang='lat' dir='ltr'><strong>prominentibus</strong></span> <span class='ocrx_word' id='word_1_142' title='bbox 625 982 724 1014; x_wconf 89' lang='lat' dir='ltr'><strong>oculis</strong></span> <span class='ocrx_word' id='word_1_143' title='bbox 738 995 746 1014; x_wconf 71' lang='grc' dir='ltr'><strong>ι</strong></span> <span class='ocrx_word' id='word_1_144' title='bbox 770 983 913 1024; x_wconf 84' lang='lat' dir='ltr'><strong>quamvis</strong></span> <span class='ocrx_word' id='word_1_145' title='bbox 938 984 1042 1015; x_wconf 90' lang='lat' dir='ltr'><strong>minus</strong></span> <span class='ocrx_word' id='word_1_146' title='bbox 1062 983 1118 1015; x_wconf 90' lang='lat' dir='ltr'><strong>ille</strong></span> <span class='ocrx_word' id='word_1_147' title='bbox 1133 994 1226 1025; x_wconf 89' lang='lat' dir='ltr'><strong>quam</strong></span> <span class='ocrx_word' id='word_1_148' title='bbox 1240 987 1272 1013; x_wconf 90' lang='lat' dir='ltr'><strong>tu</strong></span> <span class='ocrx_word' id='word_1_149' title='bbox 1287 983 1321 1013; x_wconf 89' lang='lat' dir='ltr'><strong>in</strong></span> <span class='ocrx_word' id='word_1_150' title='bbox 1338 982 1385 1014; x_wconf 87' lang='lat' dir='ltr'><strong>his</strong></span> <span class='ocrx_word' id='word_1_151' title='bbox 1401 982 1527 1013; x_wconf 89' lang='lat' dir='ltr'><strong>modum</strong></span> <span class='ocrx_word' id='word_1_152' title='bbox 1544 992 1599 1012; x_wconf 86' lang='lat' dir='ltr'><strong>ex-</strong></span> 
     </span>
     <span class='ocr_line' id='line_1_14' title="bbox 133 1035 1599 1078; baseline -0.001 -11"><span class='ocrx_word' id='word_1_153' title='bbox 133 1036 245 1067; x_wconf 85' lang='lat' dir='ltr'><strong>cedat:</strong></span> <span class='ocrx_word' id='word_1_154' title='bbox 269 1036 363 1067; x_wconf 87' lang='lat' dir='ltr'><strong>libere</strong></span> <span class='ocrx_word' id='word_1_155' title='bbox 387 1041 490 1067; x_wconf 87' lang='lat' dir='ltr'><strong>tecum</strong></span> <span class='ocrx_word' id='word_1_156' title='bbox 515 1035 612 1078; x_wconf 76' lang='lat'><strong>[144]</strong></span> <span class='ocrx_word' id='word_1_157' title='bbox 637 1036 770 1078; x_wconf 85' lang='lat' dir='ltr'><strong>loquor:</strong></span> <span class='ocrx_word' id='word_1_158' title='bbox 793 1037 871 1068; x_wconf 85' lang='lat' dir='ltr'><strong>seito</strong></span> <span class='ocrx_word' id='word_1_159' title='bbox 896 1037 928 1067; x_wconf 91' lang='lat' dir='ltr'><strong>in</strong></span> <span class='ocrx_word' id='word_1_160' title='bbox 955 1038 1075 1078; x_wconf 86' lang='lat' dir='ltr'><strong>primis,</strong></span> <span class='ocrx_word' id='word_1_161' title='bbox 1091 1048 1141 1068; x_wconf 88' lang='lat' dir='ltr'><strong>me</strong></span> <span class='ocrx_word' id='word_1_162' title='bbox 1161 1037 1281 1068; x_wconf 89' lang='lat' dir='ltr'><strong>nullum</strong></span> <span class='ocrx_word' id='word_1_163' title='bbox 1298 1037 1401 1067; x_wconf 88' lang='lat' dir='ltr'><strong>adhuc</strong></span> <span class='ocrx_word' id='word_1_164' title='bbox 1416 1036 1599 1067; x_wconf 88' lang='lat' dir='ltr'><strong>adolescen-</strong></span> 
     </span>
     <span class='ocr_line' id='line_1_15' title="bbox 134 1089 1598 1133; baseline 0.001 -14"><span class='ocrx_word' id='word_1_165' title='bbox 134 1089 233 1131; x_wconf 84' lang='lat' dir='ltr'><strong>tulum</strong></span> <span class='ocrx_word' id='word_1_166' title='bbox 259 1089 408 1131; x_wconf 82' lang='lat' dir='ltr'><strong>reperisse</strong></span> <span class='ocrx_word' id='word_1_167' title='bbox 432 1089 524 1131; x_wconf 88' lang='lat' dir='ltr'><strong>(licet</strong></span> <span class='ocrx_word' id='word_1_168' title='bbox 546 1101 616 1121; x_wconf 88' lang='lat' dir='ltr'><strong>cum</strong></span> <span class='ocrx_word' id='word_1_169' title='bbox 640 1091 745 1121; x_wconf 86' lang='lat' dir='ltr'><strong>multis</strong></span> <span class='ocrx_word' id='word_1_170' title='bbox 760 1096 900 1122; x_wconf 79' lang='lat' dir='ltr'><strong>versatus</strong></span> <span class='ocrx_word' id='word_1_171' title='bbox 922 1091 1050 1133; x_wconf 73' lang='lat' dir='ltr'><strong>fuerim)</strong></span> <span class='ocrx_word' id='word_1_172' title='bbox 1066 1096 1127 1122; x_wconf 82' lang='lat' dir='ltr'><strong>tam</strong></span> <span class='ocrx_word' id='word_1_173' title='bbox 1151 1091 1282 1122; x_wconf 87' lang='lat' dir='ltr'><strong>mirabili</strong></span> <span class='ocrx_word' id='word_1_174' title='bbox 1305 1095 1423 1121; x_wconf 84' lang='lat' dir='ltr'><strong>naturae</strong></span> <span class='ocrx_word' id='word_1_175' title='bbox 1446 1089 1598 1121; x_wconf 81' lang='lat' dir='ltr'><strong>felicitate</strong></span> 
     </span>
     <span class='ocr_line' id='line_1_16' title="bbox 134 1143 1598 1186; baseline 0 -12"><span class='ocrx_word' id='word_1_176' title='bbox 134 1143 296 1175; x_wconf 80' lang='lat' dir='ltr'><strong>donatum.</strong></span> <span class='ocrx_word' id='word_1_177' title='bbox 343 1143 482 1174; x_wconf 83' lang='lat' dir='ltr'><strong>Difficile</strong></span> <span class='ocrx_word' id='word_1_178' title='bbox 496 1143 665 1174; x_wconf 87' lang='lat' dir='ltr'><strong>admodum</strong></span> <span class='ocrx_word' id='word_1_179' title='bbox 686 1148 745 1182; x_wconf 89' lang='lat' dir='ltr'><strong>est,</strong></span> <span class='ocrx_word' id='word_1_180' title='bbox 760 1143 894 1185; x_wconf 85' lang='lat' dir='ltr'><strong>reperire</strong></span> <span class='ocrx_word' id='word_1_181' title='bbox 909 1144 1067 1175; x_wconf 86' lang='lat' dir='ltr'><strong>hominem</strong></span> <span class='ocrx_word' id='word_1_182' title='bbox 1083 1145 1279 1186; x_wconf 84' lang='lat' dir='ltr'><strong>ingeniosum</strong></span> <span class='ocrx_word' id='word_1_183' title='bbox 1295 1144 1399 1185; x_wconf 87' lang='lat' dir='ltr'><strong>simul,</strong></span> <span class='ocrx_word' id='word_1_184' title='bbox 1413 1149 1445 1175; x_wconf 92' lang='lat' dir='ltr'><strong>et</strong></span> <span class='ocrx_word' id='word_1_185' title='bbox 1466 1154 1529 1185; x_wconf 83' lang='lat' dir='ltr'><strong>prae</strong></span> <span class='ocrx_word' id='word_1_186' title='bbox 1544 1155 1598 1175; x_wconf 88' lang='lat' dir='ltr'><strong>ce-</strong></span> 
     </span>
     <span class='ocr_line' id='line_1_17' title="bbox 131 1196 1598 1239; baseline 0 -11"><span class='ocrx_word' id='word_1_187' title='bbox 131 1197 205 1228; x_wconf 91' lang='lat' dir='ltr'><strong>teris</strong></span> <span class='ocrx_word' id='word_1_188' title='bbox 220 1202 412 1228; x_wconf 80' lang='lat' dir='ltr'><strong>mansuetum</strong></span> <span class='ocrx_word' id='word_1_189' title='bbox 429 1202 524 1238; x_wconf 89' lang='lat' dir='ltr'><strong>atque</strong></span> <span class='ocrx_word' id='word_1_190' title='bbox 540 1196 671 1228; x_wconf 86' lang='lat' dir='ltr'><strong>virilem.</strong></span> <span class='ocrx_word' id='word_1_191' title='bbox 695 1197 840 1238; x_wconf 85' lang='lat' dir='ltr'><strong>equidem</strong></span> <span class='ocrx_word' id='word_1_192' title='bbox 857 1207 916 1229; x_wconf 88' lang='lat' dir='ltr'><strong>nec</strong></span> <span class='ocrx_word' id='word_1_193' title='bbox 928 1197 1022 1228; x_wconf 81' lang='lat' dir='ltr'><strong>fuisse</strong></span> <span class='ocrx_word' id='word_1_194' title='bbox 1037 1208 1175 1239; x_wconf 88' lang='lat' dir='ltr'><strong>unquam</strong></span> <span class='ocrx_word' id='word_1_195' title='bbox 1188 1197 1329 1228; x_wconf 87' lang='lat' dir='ltr'><strong>existimo</strong></span> <span class='ocrx_word' id='word_1_196' title='bbox 1343 1208 1401 1228; x_wconf 87' lang='lat' dir='ltr'><strong>nec</strong></span> <span class='ocrx_word' id='word_1_197' title='bbox 1413 1208 1479 1228; x_wconf 87' lang='lat' dir='ltr'><strong>esse</strong></span> <span class='ocrx_word' id='word_1_198' title='bbox 1494 1197 1598 1234; x_wconf 80' lang='lat' dir='ltr'><strong>video,</strong></span> 
     </span>
     <span class='ocr_line' id='line_1_18' title="bbox 134 1250 1600 1292; baseline 0 -11"><span class='ocrx_word' id='word_1_199' title='bbox 134 1251 187 1292; x_wconf 89' lang='lat' dir='ltr'><strong>qui</strong></span> <span class='ocrx_word' id='word_1_200' title='bbox 202 1251 248 1282; x_wconf 87' lang='lat' dir='ltr'><strong>ita</strong></span> <span class='ocrx_word' id='word_1_201' title='bbox 263 1255 373 1282; x_wconf 82' lang='lat' dir='ltr'><strong>natura</strong></span> <span class='ocrx_word' id='word_1_202' title='bbox 387 1251 451 1282; x_wconf 85' lang='lat' dir='ltr'><strong>sint</strong></span> <span class='ocrx_word' id='word_1_203' title='bbox 474 1250 620 1282; x_wconf 89' lang='lat' dir='ltr'><strong>instituti.</strong></span> <span class='ocrx_word' id='word_1_204' title='bbox 666 1250 813 1282; x_wconf 88' lang='lat' dir='ltr'><strong>Ceterum</strong></span> <span class='ocrx_word' id='word_1_205' title='bbox 840 1251 936 1288; x_wconf 87' lang='lat' dir='ltr'><strong>acuti,</strong></span> <span class='ocrx_word' id='word_1_206' title='bbox 954 1256 988 1282; x_wconf 86' lang='lat' dir='ltr'><strong>ut</strong></span> <span class='ocrx_word' id='word_1_207' title='bbox 1011 1251 1084 1288; x_wconf 89' lang='lat' dir='ltr'><strong>iste,</strong></span> <span class='ocrx_word' id='word_1_208' title='bbox 1099 1262 1289 1292; x_wconf 82' lang='lat' dir='ltr'><strong>sagacesque</strong></span> <span class='ocrx_word' id='word_1_209' title='bbox 1309 1256 1344 1290; x_wconf 79' lang='lat' dir='ltr'><strong>et</strong></span> <span class='ocrx_word' id='word_1_210' title='bbox 1366 1250 1540 1282; x_wconf 82' lang='lat' dir='ltr'><strong>mcmoriosi</strong></span> <span class='ocrx_word' id='word_1_211' title='bbox 1567 1256 1600 1281; x_wconf 85' lang='lat' dir='ltr'><strong>et</strong></span> 
     </span>
     <span class='ocr_line' id='line_1_19' title="bbox 133 1304 1598 1347; baseline -0.001 -11"><span class='ocrx_word' id='word_1_212' title='bbox 133 1305 251 1336; x_wconf 84' lang='lat' dir='ltr'><strong>dociles</strong></span> <span class='ocrx_word' id='word_1_213' title='bbox 267 1310 301 1336; x_wconf 92' lang='lat' dir='ltr'><strong>ut</strong></span> <span class='ocrx_word' id='word_1_214' title='bbox 326 1305 490 1346; x_wconf 86' lang='lat' dir='ltr'><strong>plurimum</strong></span> <span class='ocrx_word' id='word_1_215' title='bbox 510 1305 545 1335; x_wconf 90' lang='lat' dir='ltr'><strong>in</strong></span> <span class='ocrx_word' id='word_1_216' title='bbox 570 1305 763 1336; x_wconf 82' lang='lat' dir='ltr'><strong>iracundiam</strong></span> <span class='ocrx_word' id='word_1_217' title='bbox 790 1305 989 1347; x_wconf 81' lang='lat' dir='ltr'><strong>impetusque</strong></span> <span class='ocrx_word' id='word_1_218' title='bbox 1015 1305 1192 1347; x_wconf 85' lang='lat' dir='ltr'><strong>praecipites</strong></span> <span class='ocrx_word' id='word_1_219' title='bbox 1219 1309 1312 1335; x_wconf 88' lang='lat' dir='ltr'><strong>sunt:</strong></span> <span class='ocrx_word' id='word_1_220' title='bbox 1337 1310 1489 1346; x_wconf 87' lang='lat' dir='ltr'><strong>proruunt</strong></span> <span class='ocrx_word' id='word_1_221' title='bbox 1514 1304 1598 1335; x_wconf 90' lang='lat' dir='ltr'><strong>enim</strong></span> 
     </span>
     <span class='ocr_line' id='line_1_20' title="bbox 131 1358 1599 1401; baseline -0.001 -12"><span class='ocrx_word' id='word_1_222' title='bbox 131 1363 228 1400; x_wconf 82' lang='lat' dir='ltr'><strong>atque</strong></span> <span class='ocrx_word' id='word_1_223' title='bbox 243 1363 413 1401; x_wconf 80' lang='lat' dir='ltr'><strong>raptantur,</strong></span> <span class='ocrx_word' id='word_1_224' title='bbox 429 1359 694 1400; x_wconf 86' lang='lat' dir='ltr'><strong>quemadmodum</strong></span> <span class='ocrx_word' id='word_1_225' title='bbox 711 1358 778 1389; x_wconf 79' lang='lat' dir='ltr'><strong>sine</strong></span> <span class='ocrx_word' id='word_1_226' title='bbox 793 1358 974 1390; x_wconf 83' lang='lat' dir='ltr'><strong>retinaculis</strong></span> <span class='ocrx_word' id='word_1_227' title='bbox 989 1369 1097 1400; x_wconf 85' lang='lat' dir='ltr'><strong>naves,</strong></span> <span class='ocrx_word' id='word_1_228' title='bbox 1113 1365 1146 1390; x_wconf 85' lang='lat' dir='ltr'><strong>et</strong></span> <span class='ocrx_word' id='word_1_229' title='bbox 1160 1359 1265 1390; x_wconf 88' lang='lat' dir='ltr'><strong>furiosi</strong></span> <span class='ocrx_word' id='word_1_230' title='bbox 1283 1358 1387 1400; x_wconf 89' lang='lat' dir='ltr'><strong>potius</strong></span> <span class='ocrx_word' id='word_1_231' title='bbox 1399 1369 1490 1400; x_wconf 88' lang='lat' dir='ltr'><strong>quam</strong></span> <span class='ocrx_word' id='word_1_232' title='bbox 1503 1358 1599 1389; x_wconf 70' lang='lat' dir='ltr'><strong>sortes</strong></span> 
     </span>
     <span class='ocr_line' id='line_1_21' title="bbox 128 1412 1591 1455; baseline -0.001 -12"><span class='ocrx_word' id='word_1_233' title='bbox 128 1413 275 1444; x_wconf 86' lang='lat' dir='ltr'><strong>existunt.</strong></span> <span class='ocrx_word' id='word_1_234' title='bbox 320 1412 438 1444; x_wconf 89' lang='lat' dir='ltr'><strong>Graves</strong></span> <span class='ocrx_word' id='word_1_235' title='bbox 453 1417 557 1443; x_wconf 88' lang='lat' dir='ltr'><strong>autem</strong></span> <span class='ocrx_word' id='word_1_236' title='bbox 581 1423 677 1453; x_wconf 85' lang='lat' dir='ltr'><strong>saepe,</strong></span> <span class='ocrx_word' id='word_1_237' title='bbox 689 1423 761 1444; x_wconf 87' lang='lat' dir='ltr'><strong>cum</strong></span> <span class='ocrx_word' id='word_1_238' title='bbox 776 1414 817 1444; x_wconf 92' lang='lat' dir='ltr'><strong>ad</strong></span> <span class='ocrx_word' id='word_1_239' title='bbox 832 1413 1016 1454; x_wconf 86' lang='lat' dir='ltr'><strong>disciplinas</strong></span> <span class='ocrx_word' id='word_1_240' title='bbox 1033 1424 1065 1444; x_wconf 92' lang='lat' dir='ltr'><strong>se</strong></span> <span class='ocrx_word' id='word_1_241' title='bbox 1081 1413 1259 1450; x_wconf 86' lang='lat' dir='ltr'><strong>conferunt,</strong></span> <span class='ocrx_word' id='word_1_242' title='bbox 1274 1423 1396 1455; x_wconf 81' lang='lat' dir='ltr'><strong>segnes,</strong></span> <span class='ocrx_word' id='word_1_243' title='bbox 1419 1418 1591 1454; x_wconf 81' lang='lat' dir='ltr'><strong>torpentes,</strong></span> 
     </span>
     <span class='ocr_line' id='line_1_22' title="bbox 132 1462 1600 1511; baseline -0.001 -14"><span class='ocrx_word' id='word_1_244' title='bbox 132 1466 276 1511; x_wconf 75' lang='lat' dir='ltr'><strong>obliviosi</strong></span> <span class='ocrx_word' id='word_1_245' title='bbox 291 1472 374 1499; x_wconf 88' lang='lat' dir='ltr'><strong>sunt.</strong></span> <span class='ocrx_word' id='word_1_246' title='bbox 420 1466 485 1498; x_wconf 87' lang='lat' dir='ltr'><strong>Iste</strong></span> <span class='ocrx_word' id='word_1_247' title='bbox 501 1477 572 1498; x_wconf 89' lang='lat' dir='ltr'><strong>vero</strong></span> <span class='ocrx_word' id='word_1_248' title='bbox 588 1462 638 1498; x_wconf 45' lang='lat' dir='ltr'><strong>ita*</strong></span> <span class='ocrx_word' id='word_1_249' title='bbox 655 1467 777 1504; x_wconf 87' lang='lat' dir='ltr'><strong>leniter,</strong></span> <span class='ocrx_word' id='word_1_250' title='bbox 794 1467 901 1504; x_wconf 87' lang='lat' dir='ltr'><strong>libere,</strong></span> <span class='ocrx_word' id='word_1_251' title='bbox 918 1468 1064 1506; x_wconf 79' lang='lat' dir='ltr'><strong>suaviter,</strong></span> <span class='ocrx_word' id='word_1_252' title='bbox 1080 1468 1239 1510; x_wconf 87' lang='lat' dir='ltr'><strong>expedite,</strong></span> <span class='ocrx_word' id='word_1_253' title='bbox 1255 1469 1388 1499; x_wconf 81' lang='lat' dir='ltr'><strong>maxima</strong></span> <span class='ocrx_word' id='word_1_254' title='bbox 1413 1478 1483 1498; x_wconf 92' lang='lat' dir='ltr'><strong>cum</strong></span> <span class='ocrx_word' id='word_1_255' title='bbox 1510 1477 1600 1497; x_wconf 87' lang='lat' dir='ltr'><strong>man-</strong></span> 
     </span>
     <span class='ocr_line' id='line_1_23' title="bbox 133 1520 1600 1564; baseline 0 -12"><span class='ocrx_word' id='word_1_256' title='bbox 133 1521 298 1552; x_wconf 83' lang='lat' dir='ltr'><strong>suetudine·</strong></span> <span class='ocrx_word' id='word_1_257' title='bbox 314 1521 354 1552; x_wconf 84' lang='lat' dir='ltr'><strong>ad</strong></span> <span class='ocrx_word' id='word_1_258' title='bbox 371 1520 552 1563; x_wconf 86' lang='lat' dir='ltr'><strong>disciplinas</strong></span> <span class='ocrx_word' id='word_1_259' title='bbox 579 1521 832 1563; x_wconf 71' lang='lat' dir='ltr'><strong>quaestionesque</strong></span> <span class='ocrx_word' id='word_1_260' title='bbox 857 1522 1005 1563; x_wconf 83' lang='lat' dir='ltr'><strong>graditur,</strong></span> <span class='ocrx_word' id='word_1_261' title='bbox 1022 1527 1058 1553; x_wconf 92' lang='lat' dir='ltr'><strong>ut</strong></span> <span class='ocrx_word' id='word_1_262' title='bbox 1079 1533 1148 1554; x_wconf 42' lang='lat' dir='ltr'><strong>nec&lt;</strong></span> <span class='ocrx_word' id='word_1_263' title='bbox 1164 1522 1299 1554; x_wconf 88' lang='lat' dir='ltr'><strong>lubricus</strong></span> <span class='ocrx_word' id='word_1_264' title='bbox 1322 1522 1510 1564; x_wconf 78' lang='lat' dir='ltr'><strong>quietusque</strong></span> <span class='ocrx_word' id='word_1_265' title='bbox 1536 1522 1600 1553; x_wconf 91' lang='lat' dir='ltr'><strong>olei</strong></span> 
     </span>
     <span class='ocr_line' id='line_1_24' title="bbox 132 1575 1600 1618; baseline 0 -12"><span class='ocrx_word' id='word_1_266' title='bbox 132 1575 233 1606; x_wconf 76' lang='lat' dir='ltr'><strong>fluxus</strong></span> <span class='ocrx_word' id='word_1_267' title='bbox 249 1575 370 1606; x_wconf 87' lang='lat' dir='ltr'><strong>mollior</strong></span> <span class='ocrx_word' id='word_1_268' title='bbox 385 1579 417 1606; x_wconf 86' lang='lat' dir='ltr'><strong>et</strong></span> <span class='ocrx_word' id='word_1_269' title='bbox 431 1575 556 1606; x_wconf 77' lang='lat' dir='ltr'><strong>suavior</strong></span> <span class='ocrx_word' id='word_1_270' title='bbox 571 1575 726 1618; x_wconf 85' lang='lat' dir='ltr'><strong>videatur,</strong></span> <span class='ocrx_word' id='word_1_271' title='bbox 743 1582 775 1607; x_wconf 83' lang='lat' dir='ltr'><strong>et</strong></span> <span class='ocrx_word' id='word_1_272' title='bbox 789 1580 824 1606; x_wconf 90' lang='lat' dir='ltr'><strong>ut</strong></span> <span class='ocrx_word' id='word_1_273' title='bbox 839 1576 948 1607; x_wconf 88' lang='lat' dir='ltr'><strong>mirum</strong></span> <span class='ocrx_word' id='word_1_274' title='bbox 964 1576 1004 1607; x_wconf 88' lang='lat' dir='ltr'><strong>sit</strong></span> <span class='ocrx_word' id='word_1_275' title='bbox 1019 1581 1138 1607; x_wconf 82' lang='lat' dir='ltr'><strong>tantum</strong></span> <span class='ocrx_word' id='word_1_276' title='bbox 1155 1576 1315 1618; x_wconf 80' lang='lat' dir='ltr'><strong>ingenium</strong></span> <span class='ocrx_word' id='word_1_277' title='bbox 1332 1581 1394 1607; x_wconf 83' lang='lat' dir='ltr'><strong>tam</strong></span> <span class='ocrx_word' id='word_1_278' title='bbox 1410 1582 1527 1607; x_wconf 87' lang='lat' dir='ltr'><strong>mature</strong></span> <span class='ocrx_word' id='word_1_279' title='bbox 1539 1576 1600 1608; x_wconf 85' lang='lat' dir='ltr'><strong>ista</strong></span> 
     </span>
     <span class='ocr_line' id='line_1_25' title="bbox 131 1627 1598 1671; baseline 0 -10"><span class='ocrx_word' id='word_1_280' title='bbox 131 1639 290 1671; x_wconf 85' lang='lat' dir='ltr'><strong>peragere.</strong></span> <span class='ocrx_word' id='word_1_281' title='bbox 337 1630 393 1660; x_wconf 90' lang='lat' dir='ltr'><strong>So.</strong></span> <span class='ocrx_word' id='word_1_282' title='bbox 415 1627 545 1671; x_wconf 87' lang='lat' dir='ltr'><strong>Optima</strong></span> <span class='ocrx_word' id='word_1_283' title='bbox 569 1630 707 1662; x_wconf 85' lang='lat' dir='ltr'><strong>nuntias.</strong></span> <span class='ocrx_word' id='word_1_284' title='bbox 733 1631 788 1661; x_wconf 83' lang='lat' dir='ltr'><strong>sed</strong></span> <span class='ocrx_word' id='word_1_285' title='bbox 811 1630 901 1671; x_wconf 87' lang='lat' dir='ltr'><strong>cujus</strong></span> <span class='ocrx_word' id='word_1_286' title='bbox 926 1636 1099 1662; x_wconf 80' lang='lat' dir='ltr'><strong>nostrorum</strong></span> <span class='ocrx_word' id='word_1_287' title='bbox 1125 1631 1240 1663; x_wconf 86' lang='lat' dir='ltr'><strong>civium</strong></span> <span class='ocrx_word' id='word_1_288' title='bbox 1267 1630 1349 1661; x_wconf 86' lang='lat' dir='ltr'><strong>filius</strong></span> <span class='ocrx_word' id='word_1_289' title='bbox 1373 1631 1444 1662; x_wconf 86' lang='lat' dir='ltr'><strong>est?</strong></span> <span class='ocrx_word' id='word_1_290' title='bbox 1487 1630 1598 1662; x_wconf 66' lang='lat' dir='ltr'><strong>Trium.</strong></span> 
     </span>
     <span class='ocr_line' id='line_1_26' title="bbox 130 1682 1598 1727; baseline 0 -13"><span class='ocrx_word' id='word_1_291' title='bbox 130 1682 256 1715; x_wconf 86' lang='lat' dir='ltr'><strong>Nomen</strong></span> <span class='ocrx_word' id='word_1_292' title='bbox 272 1683 399 1725; x_wconf 86' lang='lat' dir='ltr'><strong>quidem</strong></span> <span class='ocrx_word' id='word_1_293' title='bbox 413 1682 482 1724; x_wconf 86' lang='lat' dir='ltr'><strong>ejus</strong></span> <span class='ocrx_word' id='word_1_294' title='bbox 497 1683 617 1724; x_wconf 89' lang='lat' dir='ltr'><strong>audivi,</strong></span> <span class='ocrx_word' id='word_1_295' title='bbox 634 1683 689 1715; x_wconf 85' lang='lat' dir='ltr'><strong>scd</strong></span> <span class='ocrx_word' id='word_1_296' title='bbox 705 1695 723 1715; x_wconf 87' lang='lat' dir='ltr'><strong>e</strong></span> <span class='ocrx_word' id='word_1_297' title='bbox 738 1684 888 1715; x_wconf 88' lang='lat' dir='ltr'><strong>memoria</strong></span> <span class='ocrx_word' id='word_1_298' title='bbox 902 1683 1030 1716; x_wconf 84' lang='lat' dir='ltr'><strong>excidit.</strong></span> <span class='ocrx_word' id='word_1_299' title='bbox 1054 1689 1102 1715; x_wconf 88' lang='lat' dir='ltr'><strong>est</strong></span> <span class='ocrx_word' id='word_1_300' title='bbox 1124 1689 1229 1716; x_wconf 87' lang='lat' dir='ltr'><strong>autem</strong></span> <span class='ocrx_word' id='word_1_301' title='bbox 1253 1684 1375 1716; x_wconf 88' lang='lat' dir='ltr'><strong>medius</strong></span> <span class='ocrx_word' id='word_1_302' title='bbox 1398 1684 1451 1715; x_wconf 90' lang='lat' dir='ltr'><strong>ille</strong></span> <span class='ocrx_word' id='word_1_303' title='bbox 1471 1694 1598 1727; x_wconf 76' lang='lat' dir='ltr'><strong>eorum,</strong></span> 
     </span>
     <span class='ocr_line' id='line_1_27' title="bbox 131 1737 1599 1780; baseline 0 -12"><span class='ocrx_word' id='word_1_304' title='bbox 131 1737 186 1780; x_wconf 89' lang='lat' dir='ltr'><strong>qui</strong></span> <span class='ocrx_word' id='word_1_305' title='bbox 201 1742 309 1768; x_wconf 81' lang='lat' dir='ltr'><strong>contra</strong></span> <span class='ocrx_word' id='word_1_306' title='bbox 323 1748 380 1768; x_wconf 91' lang='lat' dir='ltr'><strong>nos</strong></span> <span class='ocrx_word' id='word_1_307' title='bbox 395 1737 538 1771; x_wconf 85' lang='lat' dir='ltr'><strong>veniunt.</strong></span> <span class='ocrx_word' id='word_1_308' title='bbox 561 1738 656 1779; x_wconf 87' lang='lat' dir='ltr'><strong>paulo</strong></span> <span class='ocrx_word' id='word_1_309' title='bbox 672 1742 746 1769; x_wconf 88' lang='lat' dir='ltr'><strong>ante</strong></span> <span class='ocrx_word' id='word_1_310' title='bbox 771 1738 803 1769; x_wconf 89' lang='lat' dir='ltr'><strong>in</strong></span> <span class='ocrx_word' id='word_1_311' title='bbox 828 1738 943 1780; x_wconf 85' lang='lat' dir='ltr'><strong>platea,</strong></span> <span class='ocrx_word' id='word_1_312' title='bbox 960 1749 1030 1780; x_wconf 85' lang='lat' dir='ltr'><strong>quae</strong></span> <span class='ocrx_word' id='word_1_313' title='bbox 1054 1743 1140 1770; x_wconf 83' lang='lat' dir='ltr'><strong>extra</strong></span> <span class='ocrx_word' id='word_1_314' title='bbox 1167 1738 1280 1770; x_wconf 86' lang='lat' dir='ltr'><strong>moenia</strong></span> <span class='ocrx_word' id='word_1_315' title='bbox 1295 1743 1352 1775; x_wconf 91' lang='lat' dir='ltr'><strong>est,</strong></span> <span class='ocrx_word' id='word_1_316' title='bbox 1368 1739 1395 1769; x_wconf 92' lang='lat' dir='ltr'><strong>is</strong></span> <span class='ocrx_word' id='word_1_317' title='bbox 1410 1742 1442 1769; x_wconf 86' lang='lat' dir='ltr'><strong>et</strong></span> <span class='ocrx_word' id='word_1_318' title='bbox 1456 1737 1534 1768; x_wconf 87' lang='lat' dir='ltr'><strong>socii</strong></span> <span class='ocrx_word' id='word_1_319' title='bbox 1549 1738 1599 1768; x_wconf 84' lang='lat' dir='ltr'><strong>sui</strong></span> 
     </span>
     <span class='ocr_line' id='line_1_28' title="bbox 130 1791 1598 1834; baseline -0.001 -12"><span class='ocrx_word' id='word_1_320' title='bbox 130 1791 360 1833; x_wconf 79' lang='lat' dir='ltr'><strong>quidamuncti</strong></span> <span class='ocrx_word' id='word_1_321' title='bbox 385 1791 536 1822; x_wconf 88' lang='lat' dir='ltr'><strong>luserunt.</strong></span> <span class='ocrx_word' id='word_1_322' title='bbox 560 1801 643 1822; x_wconf 86' lang='lat' dir='ltr'><strong>nunc</strong></span> <span class='ocrx_word' id='word_1_323' title='bbox 659 1796 786 1834; x_wconf 87' lang='lat' dir='ltr'><strong>peracto</strong></span> <span class='ocrx_word' id='word_1_324' title='bbox 803 1791 879 1823; x_wconf 89' lang='lat' dir='ltr'><strong>ludo</strong></span> <span class='ocrx_word' id='word_1_325' title='bbox 894 1793 957 1823; x_wconf 90' lang='lat' dir='ltr'><strong>hue</strong></span> <span class='ocrx_word' id='word_1_326' title='bbox 981 1792 1149 1823; x_wconf 79' lang='lat' dir='ltr'><strong>adventare</strong></span> <span class='ocrx_word' id='word_1_327' title='bbox 1165 1792 1320 1824; x_wconf 75' lang='lat' dir='ltr'><strong>videntur.</strong></span> <span class='ocrx_word' id='word_1_328' title='bbox 1342 1792 1469 1823; x_wconf 82' lang='lat' dir='ltr'><strong>adverte</strong></span> <span class='ocrx_word' id='word_1_329' title='bbox 1484 1796 1598 1832; x_wconf 27' lang='lat' dir='ltr'><strong>*utrum</strong></span> 
     </span>
     <span class='ocr_line' id='line_1_29' title="bbox 131 1844 1598 1888; baseline 0 -12"><span class='ocrx_word' id='word_1_330' title='bbox 131 1855 281 1887; x_wconf 80' lang='lat' dir='ltr'><strong>agnoscas</strong></span> <span class='ocrx_word' id='word_1_331' title='bbox 303 1855 416 1877; x_wconf 87' lang='lat' dir='ltr'><strong>necne.</strong></span> <span class='ocrx_word' id='word_1_332' title='bbox 459 1844 516 1876; x_wconf 89' lang='lat' dir='ltr'><strong>So.</strong></span> <span class='ocrx_word' id='word_1_333' title='bbox 541 1844 691 1887; x_wconf 90' lang='lat' dir='ltr'><strong>Agnosco</strong></span> <span class='ocrx_word' id='word_1_334' title='bbox 719 1845 878 1888; x_wconf 88' lang='lat' dir='ltr'><strong>equidem.</strong></span> <span class='ocrx_word' id='word_1_335' title='bbox 923 1846 1084 1877; x_wconf 83' lang='lat' dir='ltr'><strong>Suniensis</strong></span> <span class='ocrx_word' id='word_1_336' title='bbox 1109 1846 1282 1888; x_wconf 79' lang='lat' dir='ltr'><strong>Euplrronii</strong></span> <span class='ocrx_word' id='word_1_337' title='bbox 1311 1846 1394 1877; x_wconf 90' lang='lat' dir='ltr'><strong>filius</strong></span> <span class='ocrx_word' id='word_1_338' title='bbox 1418 1850 1478 1882; x_wconf 81' lang='lat' dir='ltr'><strong>est,</strong></span> <span class='ocrx_word' id='word_1_339' title='bbox 1495 1845 1562 1882; x_wconf 88' lang='lat' dir='ltr'><strong>viri,</strong></span> <span class='ocrx_word' id='word_1_340' title='bbox 1579 1856 1598 1876; x_wconf 91' lang='lat' dir='ltr'><strong>o</strong></span> 
     </span>
     <span class='ocr_line' id='line_1_30' title="bbox 131 1898 1600 1942; baseline -0.002 -10"><span class='ocrx_word' id='word_1_341' title='bbox 131 1900 242 1936; x_wconf 87' lang='lat' dir='ltr'><strong>amice,</strong></span> <span class='ocrx_word' id='word_1_342' title='bbox 259 1899 368 1941; x_wconf 86' lang='lat' dir='ltr'><strong>procul</strong></span> <span class='ocrx_word' id='word_1_343' title='bbox 383 1899 482 1930; x_wconf 88' lang='lat' dir='ltr'><strong>dubio</strong></span> <span class='ocrx_word' id='word_1_344' title='bbox 498 1898 581 1936; x_wconf 86' lang='lat' dir='ltr'><strong>talis,</strong></span> <span class='ocrx_word' id='word_1_345' title='bbox 598 1899 722 1941; x_wconf 85' lang='lat' dir='ltr'><strong>qualem</strong></span> <span class='ocrx_word' id='word_1_346' title='bbox 739 1905 772 1931; x_wconf 90' lang='lat' dir='ltr'><strong>tu</strong></span> <span class='ocrx_word' id='word_1_347' title='bbox 787 1900 886 1931; x_wconf 87' lang='lat' dir='ltr'><strong>filium</strong></span> <span class='ocrx_word' id='word_1_348' title='bbox 914 1901 1065 1942; x_wconf 85' lang='lat' dir='ltr'><strong>figurasti,</strong></span> <span class='ocrx_word' id='word_1_349' title='bbox 1080 1900 1290 1942; x_wconf 84' lang='lat' dir='ltr'><strong>probatissimi</strong></span> <span class='ocrx_word' id='word_1_350' title='bbox 1310 1906 1387 1941; x_wconf 38' lang='lat' dir='ltr'><strong>ante,</strong></span> <span class='ocrx_word' id='word_1_351' title='bbox 1408 1910 1528 1937; x_wconf 89' lang='lat' dir='ltr'><strong>omnes,</strong></span> <span class='ocrx_word' id='word_1_352' title='bbox 1543 1898 1600 1941; x_wconf 86' lang='lat' dir='ltr'><strong>qui</strong></span> 
     </span>
     <span class='ocr_line' id='line_1_31' title="bbox 131 1953 1598 1996; baseline -0.001 -11"><span class='ocrx_word' id='word_1_353' title='bbox 131 1953 354 1996; x_wconf 82' lang='lat' dir='ltr'><strong>patrimonium</strong></span> <span class='ocrx_word' id='word_1_354' title='bbox 378 1953 517 1995; x_wconf 90' lang='lat' dir='ltr'><strong>amplum</strong></span> <span class='ocrx_word' id='word_1_355' title='bbox 534 1953 669 1995; x_wconf 90' lang='lat' dir='ltr'><strong>reliquit.</strong></span> <span class='ocrx_word' id='word_1_356' title='bbox 692 1954 746 1985; x_wconf 88' lang='lat' dir='ltr'><strong>sed</strong></span> <span class='ocrx_word' id='word_1_357' title='bbox 763 1964 877 1985; x_wconf 88' lang='lat' dir='ltr'><strong>nomen</strong></span> <span class='ocrx_word' id='word_1_358' title='bbox 894 1954 983 1996; x_wconf 89' lang='lat' dir='ltr'><strong>pueri</strong></span> <span class='ocrx_word' id='word_1_359' title='bbox 998 1966 1062 1985; x_wconf 89' lang='lat' dir='ltr'><strong>non</strong></span> <span class='ocrx_word' id='word_1_360' title='bbox 1077 1955 1196 1986; x_wconf 88' lang='lat' dir='ltr'><strong>audivi.</strong></span> <span class='ocrx_word' id='word_1_361' title='bbox 1240 1954 1351 1986; x_wconf 72' lang='lat' dir='ltr'><strong>Tnzo.</strong></span> <span class='ocrx_word' id='word_1_362' title='bbox 1373 1953 1564 1991; x_wconf 60' lang='lat' dir='ltr'><strong>Theaetetus,</strong></span> <span class='ocrx_word' id='word_1_363' title='bbox 1579 1964 1598 1983; x_wconf 95' lang='lat' dir='ltr'><strong>o</strong></span> 
     </span>
     <span class='ocr_line' id='line_1_32' title="bbox 108 2007 1599 2050; baseline -0.001 -11"><span class='ocrx_word' id='word_1_364' title='bbox 108 2030 110 2033; x_wconf 88' lang='lat'><em>-</em></span> <span class='ocrx_word' id='word_1_365' title='bbox 132 2008 286 2045; x_wconf 81' lang='lat' dir='ltr'><strong>Socrates,</strong></span> <span class='ocrx_word' id='word_1_366' title='bbox 303 2017 418 2038; x_wconf 90' lang='lat' dir='ltr'><strong>nomen</strong></span> <span class='ocrx_word' id='word_1_367' title='bbox 433 2012 492 2039; x_wconf 86' lang='lat' dir='ltr'><strong>est.</strong></span> <span class='ocrx_word' id='word_1_368' title='bbox 516 2007 738 2048; x_wconf 86' lang='lat' dir='ltr'><strong>patrimonium</strong></span> <span class='ocrx_word' id='word_1_369' title='bbox 755 2014 858 2039; x_wconf 83' lang='lat' dir='ltr'><strong>autem</strong></span> <span class='ocrx_word' id='word_1_370' title='bbox 881 2008 950 2050; x_wconf 84' lang='lat' dir='ltr'><strong>ejus</strong></span> <span class='ocrx_word' id='word_1_371' title='bbox 967 2013 1084 2040; x_wconf 87' lang='lat' dir='ltr'><strong>tutores</strong></span> <span class='ocrx_word' id='word_1_372' title='bbox 1106 2008 1273 2050; x_wconf 84' lang='lat' dir='ltr'><strong>dissipasse</strong></span> <span class='ocrx_word' id='word_1_373' title='bbox 1294 2008 1461 2039; x_wconf 85' lang='lat' dir='ltr'><strong>videntur:</strong></span> <span class='ocrx_word' id='word_1_374' title='bbox 1487 2018 1599 2038; x_wconf 88' lang='lat' dir='ltr'><strong>verun-</strong></span> 
     </span>
     <span class='ocr_line' id='line_1_33' title="bbox 133 2060 1598 2103; baseline 0 -11"><span class='ocrx_word' id='word_1_375' title='bbox 133 2066 238 2094; x_wconf 86' lang='lat' dir='ltr'><strong>tamen</strong></span> <span class='ocrx_word' id='word_1_376' title='bbox 263 2061 450 2092; x_wconf 81' lang='lat' dir='ltr'><strong>liberalitate</strong></span> <span class='ocrx_word' id='word_1_377' title='bbox 474 2060 603 2092; x_wconf 85' lang='lat' dir='ltr'><strong>mirifice</strong></span> <span class='ocrx_word' id='word_1_378' title='bbox 630 2061 740 2103; x_wconf 80' lang='lat' dir='ltr'><strong>pollet.</strong></span> <span class='ocrx_word' id='word_1_379' title='bbox 785 2062 841 2093; x_wconf 89' lang='lat' dir='ltr'><strong>So.</strong></span> <span class='ocrx_word' id='word_1_380' title='bbox 866 2061 1062 2095; x_wconf 89' lang='lat' dir='ltr'><strong>Generosum</strong></span> <span class='ocrx_word' id='word_1_381' title='bbox 1088 2062 1248 2094; x_wconf 88' lang='lat' dir='ltr'><strong>hominem</strong></span> <span class='ocrx_word' id='word_1_382' title='bbox 1278 2072 1393 2094; x_wconf 73' lang='lat' dir='ltr'><strong>narraS.</strong></span> <span class='ocrx_word' id='word_1_383' title='bbox 1427 2061 1507 2103; x_wconf 88' lang='lat' dir='ltr'><strong>jube</strong></span> <span class='ocrx_word' id='word_1_384' title='bbox 1536 2062 1598 2092; x_wconf 87' lang='lat' dir='ltr'><strong>huc</strong></span> 
     </span>
     <span class='ocr_line' id='line_1_34' title="bbox 128 2115 1600 2154; baseline -0.001 -7"><span class='ocrx_word' id='word_1_385' title='bbox 128 2116 215 2147; x_wconf 88' lang='lat' dir='ltr'><strong>illum</strong></span> <span class='ocrx_word' id='word_1_386' title='bbox 232 2116 382 2148; x_wconf 86' lang='lat' dir='ltr'><strong>accedere</strong></span> <span class='ocrx_word' id='word_1_387' title='bbox 394 2120 427 2147; x_wconf 89' lang='lat' dir='ltr'><strong>et</strong></span> <span class='ocrx_word' id='word_1_388' title='bbox 439 2115 601 2146; x_wconf 90' lang='lat' dir='ltr'><strong>nobiscum</strong></span> <span class='ocrx_word' id='word_1_389' title='bbox 617 2116 738 2148; x_wconf 87' lang='lat' dir='ltr'><strong>sedere.</strong></span> <span class='ocrx_word' id='word_1_390' title='bbox 782 2116 890 2147; x_wconf 73' lang='lat' dir='ltr'><strong>Tnao.</strong></span> <span class='ocrx_word' id='word_1_391' title='bbox 913 2116 994 2148; x_wconf 85' lang='lat' dir='ltr'><strong>Fiat.</strong></span> <span class='ocrx_word' id='word_1_392' title='bbox 1039 2117 1068 2148; x_wconf 96' lang='grc' dir='ltr'><strong>Ο</strong></span> <span class='ocrx_word' id='word_1_393' title='bbox 1084 2116 1259 2154; x_wconf 82' lang='lat' dir='ltr'><strong>Theaetete,</strong></span> <span class='ocrx_word' id='word_1_394' title='bbox 1271 2116 1390 2148; x_wconf 83' lang='lat' dir='ltr'><strong>accede</strong></span> <span class='ocrx_word' id='word_1_395' title='bbox 1405 2117 1466 2147; x_wconf 89' lang='lat' dir='ltr'><strong>huc</strong></span> <span class='ocrx_word' id='word_1_396' title='bbox 1483 2116 1523 2146; x_wconf 89' lang='lat' dir='ltr'><strong>ad</strong></span> <span class='ocrx_word' id='word_1_397' title='bbox 1538 2116 1600 2146; x_wconf 90' lang='lat' dir='ltr'><strong>So-</strong></span> 
     </span>
     <span class='ocr_line' id='line_1_35' title="bbox 132 2169 1598 2213; baseline -0.001 -12"><span class='ocrx_word' id='word_1_398' title='bbox 132 2174 259 2202; x_wconf 83' lang='lat' dir='ltr'><strong>cratem.</strong></span> <span class='ocrx_word' id='word_1_399' title='bbox 304 2169 359 2201; x_wconf 90' lang='lat' dir='ltr'><strong>So.</strong></span> <span class='ocrx_word' id='word_1_400' title='bbox 381 2169 477 2206; x_wconf 90' lang='lat' dir='ltr'><strong>Veni,</strong></span> <span class='ocrx_word' id='word_1_401' title='bbox 494 2170 634 2206; x_wconf 87' lang='lat' dir='ltr'><strong>obsecro,</strong></span> <span class='ocrx_word' id='word_1_402' title='bbox 650 2170 823 2208; x_wconf 82' lang='lat' dir='ltr'><strong>Theaetete,</strong></span> <span class='ocrx_word' id='word_1_403' title='bbox 839 2175 874 2202; x_wconf 89' lang='lat' dir='ltr'><strong>ut</strong></span> <span class='ocrx_word' id='word_1_404' title='bbox 889 2171 1043 2213; x_wconf 86' lang='lat' dir='ltr'><strong>meipsum</strong></span> <span class='ocrx_word' id='word_1_405' title='bbox 1059 2171 1318 2209; x_wconf 84' lang='lat' dir='ltr'><strong>animadvertam,</strong></span> <span class='ocrx_word' id='word_1_406' title='bbox 1335 2170 1460 2212; x_wconf 89' lang='lat' dir='ltr'><strong>qualem</strong></span> <span class='ocrx_word' id='word_1_407' title='bbox 1475 2169 1598 2200; x_wconf 87' lang='lat' dir='ltr'><strong>vultum</strong></span> 
     </span>
     <span class='ocr_line' id='line_1_36' title="bbox 132 2222 1598 2266; baseline 0 -12"><span class='ocrx_word' id='word_1_408' title='bbox 132 2222 305 2266; x_wconf 83' lang='lat' dir='ltr'><strong>prael&#39;eram.</strong></span> <span class='ocrx_word' id='word_1_409' title='bbox 327 2223 431 2264; x_wconf 88' lang='lat' dir='ltr'><strong>inquit</strong></span> <span class='ocrx_word' id='word_1_410' title='bbox 445 2222 528 2255; x_wconf 88' lang='lat' dir='ltr'><strong>enim</strong></span> <span class='ocrx_word' id='word_1_411' title='bbox 551 2223 746 2262; x_wconf 86' lang='lat' dir='ltr'><strong>Theodorus,</strong></span> <span class='ocrx_word' id='word_1_412' title='bbox 763 2224 852 2256; x_wconf 90' lang='lat' dir='ltr'><strong>vultu</strong></span> <span class='ocrx_word' id='word_1_413' title='bbox 868 2236 917 2256; x_wconf 88' lang='lat' dir='ltr'><strong>me</strong></span> <span class='ocrx_word' id='word_1_414' title='bbox 933 2225 990 2256; x_wconf 85' lang='lat' dir='ltr'><strong>tibi</strong></span> <span class='ocrx_word' id='word_1_415' title='bbox 1007 2225 1140 2256; x_wconf 87' lang='lat' dir='ltr'><strong>similem</strong></span> <span class='ocrx_word' id='word_1_416' title='bbox 1155 2235 1234 2257; x_wconf 89' lang='lat' dir='ltr'><strong>esse.</strong></span> <span class='ocrx_word' id='word_1_417' title='bbox 1282 2225 1379 2262; x_wconf 83' lang='lat' dir='ltr'><strong>Quod</strong></span> <span class='ocrx_word' id='word_1_418' title='bbox 1394 2223 1420 2255; x_wconf 86' lang='lat' dir='ltr'><strong>si</strong></span> <span class='ocrx_word' id='word_1_419' title='bbox 1438 2224 1598 2266; x_wconf 86' lang='lat' dir='ltr'><strong>utriusque</strong></span> 
     </span>
     <span class='ocr_line' id='line_1_37' title="bbox 134 2277 1599 2320; baseline 0.001 -12"><span class='ocrx_word' id='word_1_420' title='bbox 134 2282 274 2308; x_wconf 86' lang='lat' dir='ltr'><strong>nostrum</strong></span> <span class='ocrx_word' id='word_1_421' title='bbox 290 2277 389 2319; x_wconf 79' lang='lat' dir='ltr'><strong>lyram</strong></span> <span class='ocrx_word' id='word_1_422' title='bbox 405 2277 548 2312; x_wconf 79' lang='lat' dir='ltr'><strong>similiter</strong></span> <span class='ocrx_word' id='word_1_423' title='bbox 563 2282 765 2320; x_wconf 86' lang='lat' dir='ltr'><strong>temperatam</strong></span> <span class='ocrx_word' id='word_1_424' title='bbox 781 2286 941 2318; x_wconf 84' lang='lat' dir='ltr'><strong>assereret,</strong></span> <span class='ocrx_word' id='word_1_425' title='bbox 958 2285 1059 2310; x_wconf 90' lang='lat' dir='ltr'><strong>utrum</strong></span> <span class='ocrx_word' id='word_1_426' title='bbox 1074 2279 1238 2311; x_wconf 88' lang='lat' dir='ltr'><strong>confestim</strong></span> <span class='ocrx_word' id='word_1_427' title='bbox 1255 2279 1286 2310; x_wconf 91' lang='lat' dir='ltr'><strong>id</strong></span> <span class='ocrx_word' id='word_1_428' title='bbox 1302 2279 1497 2318; x_wconf 82' lang='lat' dir='ltr'><strong>crederemus</strong></span> <span class='ocrx_word' id='word_1_429' title='bbox 1510 2279 1522 2309; x_wconf 88' lang='lat'>?</span> <span class='ocrx_word' id='word_1_430' title='bbox 1545 2289 1599 2315; x_wconf 89' lang='lat' dir='ltr'><strong>an,</strong></span> 
     </span>
     <span class='ocr_line' id='line_1_38' title="bbox 133 2331 1600 2376; baseline 0.001 -14"><span class='ocrx_word' id='word_1_431' title='bbox 133 2331 310 2376; x_wconf 75' lang='lat' dir='ltr'><strong>musicusue</strong></span> <span class='ocrx_word' id='word_1_432' title='bbox 327 2336 420 2369; x_wconf 87' lang='lat' dir='ltr'><strong>esset,</strong></span> <span class='ocrx_word' id='word_1_433' title='bbox 436 2332 522 2374; x_wconf 89' lang='lat' dir='ltr'><strong>prius</strong></span> <span class='ocrx_word' id='word_1_434' title='bbox 537 2333 783 2375; x_wconf 89' lang='lat' dir='ltr'><strong>inquireremus?</strong></span> <span class='ocrx_word' id='word_1_435' title='bbox 827 2334 915 2365; x_wconf 74' lang='lat' dir='ltr'><strong>Tna-</strong></span> <span class='ocrx_word' id='word_1_436' title='bbox 936 2334 1178 2376; x_wconf 88' lang='lat' dir='ltr'><strong>Inquireremus.</strong></span> <span class='ocrx_word' id='word_1_437' title='bbox 1223 2334 1279 2365; x_wconf 92' lang='lat' dir='ltr'><strong>So.</strong></span> <span class='ocrx_word' id='word_1_438' title='bbox 1304 2333 1345 2364; x_wconf 90' lang='lat' dir='ltr'><strong>Et</strong></span> <span class='ocrx_word' id='word_1_439' title='bbox 1360 2334 1386 2364; x_wconf 88' lang='lat' dir='ltr'><strong>si</strong></span> <span class='ocrx_word' id='word_1_440' title='bbox 1402 2333 1493 2365; x_wconf 85' lang='lat' dir='ltr'><strong>talem</strong></span> <span class='ocrx_word' id='word_1_441' title='bbox 1509 2343 1600 2375; x_wconf 79' lang='lat' dir='ltr'><strong>repe-</strong></span> 
     </span>
     <span class='ocr_line' id='line_1_39' title="bbox 131 2386 1600 2430; baseline 0.001 -13"><span class='ocrx_word' id='word_1_442' title='bbox 131 2386 272 2424; x_wconf 80' lang='lat' dir='ltr'><strong>riremus,</strong></span> <span class='ocrx_word' id='word_1_443' title='bbox 287 2387 482 2418; x_wconf 85' lang='lat' dir='ltr'><strong>crederemus</strong></span> <span class='ocrx_word' id='word_1_444' title='bbox 498 2387 629 2430; x_wconf 87' lang='lat' dir='ltr'><strong>utique:</strong></span> <span class='ocrx_word' id='word_1_445' title='bbox 655 2387 703 2419; x_wconf 85' lang='lat' dir='ltr'><strong>sin</strong></span> <span class='ocrx_word' id='word_1_446' title='bbox 719 2393 823 2420; x_wconf 87' lang='lat' dir='ltr'><strong>autem</strong></span> <span class='ocrx_word' id='word_1_447' title='bbox 839 2389 967 2420; x_wconf 59' lang='lat' dir='ltr'><strong>musicae</strong></span> <span class='ocrx_word' id='word_1_448' title='bbox 982 2393 1153 2430; x_wconf 82' lang='lat' dir='ltr'><strong>expertem,</strong></span> <span class='ocrx_word' id='word_1_449' title='bbox 1169 2388 1296 2420; x_wconf 88' lang='lat' dir='ltr'><strong>minime</strong></span> <span class='ocrx_word' id='word_1_450' title='bbox 1309 2389 1320 2418; x_wconf 87' lang='lat'>?</span> <span class='ocrx_word' id='word_1_451' title='bbox 1364 2388 1452 2420; x_wconf 66' lang='lat' dir='ltr'><strong>Tm.</strong></span> <span class='ocrx_word' id='word_1_452' title='bbox 1477 2388 1527 2419; x_wconf 88' lang='lat' dir='ltr'><strong>Ita</strong></span> <span class='ocrx_word' id='word_1_453' title='bbox 1542 2393 1600 2419; x_wconf 87' lang='lat' dir='ltr'><strong>est.</strong></span> 
     </span>
     <span class='ocr_line' id='line_1_40' title="bbox 132 2439 1599 2482; baseline 0.001 -12"><span class='ocrx_word' id='word_1_454' title='bbox 132 2440 189 2471; x_wconf 91' lang='lat' dir='ltr'><strong>So.</strong></span> <span class='ocrx_word' id='word_1_455' title='bbox 211 2439 244 2471; x_wconf 90' lang='lat' dir='ltr'>N</span> <span class='ocrx_word' id='word_1_456' title='bbox 247 2450 308 2472; x_wconf 84' lang='lat' dir='ltr'><strong>unc</strong></span> <span class='ocrx_word' id='word_1_457' title='bbox 321 2450 406 2482; x_wconf 84' lang='lat' dir='ltr'><strong>ergo.</strong></span> <span class='ocrx_word' id='word_1_458' title='bbox 422 2440 448 2471; x_wconf 89' lang='lat' dir='ltr'><strong>si</strong></span> <span class='ocrx_word' id='word_1_459' title='bbox 462 2451 544 2472; x_wconf 84' lang='lat' dir='ltr'><strong>curae</strong></span> <span class='ocrx_word' id='word_1_460' title='bbox 559 2442 651 2473; x_wconf 88' lang='lat' dir='ltr'><strong>nobis</strong></span> <span class='ocrx_word' id='word_1_461' title='bbox 666 2447 714 2473; x_wconf 89' lang='lat' dir='ltr'><strong>est</strong></span> <span class='ocrx_word' id='word_1_462' title='bbox 734 2448 909 2474; x_wconf 85' lang='lat' dir='ltr'><strong>nostrorum</strong></span> <span class='ocrx_word' id='word_1_463' title='bbox 926 2443 1069 2473; x_wconf 88' lang='lat' dir='ltr'><strong>vultuum</strong></span> <span class='ocrx_word' id='word_1_464' title='bbox 1090 2442 1273 2480; x_wconf 84' lang='lat' dir='ltr'><strong>similitudo,</strong></span> <span class='ocrx_word' id='word_1_465' title='bbox 1288 2442 1473 2482; x_wconf 88' lang='lat' dir='ltr'><strong>videndum,</strong></span> <span class='ocrx_word' id='word_1_466' title='bbox 1495 2447 1599 2473; x_wconf 88' lang='lat' dir='ltr'><strong>utrum</strong></span> 
     </span>
     <span class='ocr_line' id='line_1_41' title="bbox 132 2493 1600 2538; baseline 0.002 -15"><span class='ocrx_word' id='word_1_467' title='bbox 132 2493 230 2535; x_wconf 72' lang='lat'>[145]</span> <span class='ocrx_word' id='word_1_468' title='bbox 255 2493 356 2535; x_wconf 90' lang='lat' dir='ltr'><strong>pictor</strong></span> <span class='ocrx_word' id='word_1_469' title='bbox 370 2493 411 2524; x_wconf 83' lang='lat' dir='ltr'><strong>sit</strong></span> <span class='ocrx_word' id='word_1_470' title='bbox 425 2495 480 2536; x_wconf 92' lang='lat' dir='ltr'><strong>qui</strong></span> <span class='ocrx_word' id='word_1_471' title='bbox 503 2495 596 2536; x_wconf 83' lang='lat' dir='ltr'><strong>dicit,</strong></span> <span class='ocrx_word' id='word_1_472' title='bbox 608 2506 720 2528; x_wconf 89' lang='lat' dir='ltr'><strong>necne.</strong></span> <span class='ocrx_word' id='word_1_473' title='bbox 753 2496 855 2533; x_wconf 18' lang='lat' dir='ltr'><strong>,Tr-m.</strong></span> <span class='ocrx_word' id='word_1_474' title='bbox 880 2497 932 2529; x_wconf 87' lang='lat' dir='ltr'><strong>Sic</strong></span> <span class='ocrx_word' id='word_1_475' title='bbox 948 2497 1083 2528; x_wconf 90' lang='lat' dir='ltr'><strong>videtur.</strong></span> <span class='ocrx_word' id='word_1_476' title='bbox 1101 2530 1104 2535; x_wconf 67' lang='grc'><strong>,</strong></span> <span class='ocrx_word' id='word_1_477' title='bbox 1129 2497 1186 2528; x_wconf 87' lang='lat' dir='ltr'><strong>So.</strong></span> <span class='ocrx_word' id='word_1_478' title='bbox 1209 2496 1362 2538; x_wconf 91' lang='lat' dir='ltr'><strong>Nunquid</strong></span> <span class='ocrx_word' id='word_1_479' title='bbox 1379 2496 1482 2538; x_wconf 86' lang='lat' dir='ltr'><strong>pictor</strong></span> <span class='ocrx_word' id='word_1_480' title='bbox 1496 2495 1600 2527; x_wconf 87' lang='lat' dir='ltr'><strong>Theo-</strong></span> 
     </span>
     <span class='ocr_line' id='line_1_42' title="bbox 133 2547 1601 2592; baseline 0.002 -15"><span class='ocrx_word' id='word_1_481' title='bbox 133 2547 249 2578; x_wconf 79' lang='lat' dir='ltr'><strong>dorus?</strong></span> <span class='ocrx_word' id='word_1_482' title='bbox 294 2547 381 2579; x_wconf 71' lang='lat' dir='ltr'><strong>Tun.</strong></span> <span class='ocrx_word' id='word_1_483' title='bbox 404 2547 480 2579; x_wconf 90' lang='lat' dir='ltr'><strong>Non</strong></span> <span class='ocrx_word' id='word_1_484' title='bbox 505 2549 637 2582; x_wconf 83' lang='lat' dir='ltr'><strong>adverti.</strong></span> <span class='ocrx_word' id='word_1_485' title='bbox 682 2551 739 2582; x_wconf 91' lang='lat' dir='ltr'><strong>So.</strong></span> <span class='ocrx_word' id='word_1_486' title='bbox 763 2550 983 2583; x_wconf 86' lang='lat' dir='ltr'><strong>Geometricus</strong></span> <span class='ocrx_word' id='word_1_487' title='bbox 1010 2551 1136 2583; x_wconf 85' lang='lat' dir='ltr'><strong>autem?</strong></span> <span class='ocrx_word' id='word_1_488' title='bbox 1181 2551 1269 2582; x_wconf 69' lang='lat' dir='ltr'><strong>Tmz.</strong></span> <span class='ocrx_word' id='word_1_489' title='bbox 1292 2550 1433 2582; x_wconf 83' lang='lat' dir='ltr'><strong>Maxime</strong></span> <span class='ocrx_word' id='word_1_490' title='bbox 1458 2549 1601 2592; x_wconf 88' lang='lat' dir='ltr'><strong>quidem,</strong></span> 
     </span>
     <span class='ocr_line' id='line_1_43' title="bbox 132 2599 1600 2646; baseline 0.002 -15"><span class='ocrx_word' id='word_1_491' title='bbox 132 2610 150 2631; x_wconf 85' lang='lat' dir='ltr'><strong>o</strong></span> <span class='ocrx_word' id='word_1_492' title='bbox 167 2599 321 2632; x_wconf 84' lang='lat' dir='ltr'><strong>Socrates.</strong></span> <span class='ocrx_word' id='word_1_493' title='bbox 366 2601 419 2634; x_wconf 90' lang='lat' dir='ltr'><strong>So.</strong></span> <span class='ocrx_word' id='word_1_494' title='bbox 444 2602 499 2632; x_wconf 87' lang='lat' dir='ltr'><strong>An</strong></span> <span class='ocrx_word' id='word_1_495' title='bbox 514 2607 548 2633; x_wconf 87' lang='lat' dir='ltr'><strong>et</strong></span> <span class='ocrx_word' id='word_1_496' title='bbox 561 2608 769 2643; x_wconf 86' lang='lat' dir='ltr'><strong>astronomus,</strong></span> <span class='ocrx_word' id='word_1_497' title='bbox 785 2605 983 2642; x_wconf 88' lang='lat' dir='ltr'><strong>dialecticus,</strong></span> <span class='ocrx_word' id='word_1_498' title='bbox 1000 2605 1150 2642; x_wconf 83' lang='lat' dir='ltr'><strong>musicus,</strong></span> <span class='ocrx_word' id='word_1_499' title='bbox 1165 2609 1198 2636; x_wconf 90' lang='lat' dir='ltr'><strong>et</strong></span> <span class='ocrx_word' id='word_1_500' title='bbox 1212 2605 1399 2646; x_wconf 88' lang='lat' dir='ltr'><strong>reliquarum</strong></span> <span class='ocrx_word' id='word_1_501' title='bbox 1415 2604 1600 2645; x_wconf 89' lang='lat' dir='ltr'><strong>disciplina-</strong></span> 
     </span>
     <span class='ocr_line' id='line_1_44' title="bbox 132 2654 1600 2700; baseline 0.003 -16"><span class='ocrx_word' id='word_1_502' title='bbox 132 2665 198 2685; x_wconf 90' lang='lat' dir='ltr'><strong>rum</strong></span> <span class='ocrx_word' id='word_1_503' title='bbox 226 2654 342 2696; x_wconf 84' lang='lat' dir='ltr'><strong>peritus</strong></span> <span class='ocrx_word' id='word_1_504' title='bbox 357 2655 367 2685; x_wconf 88' lang='lat'>?</span> <span class='ocrx_word' id='word_1_505' title='bbox 412 2655 498 2687; x_wconf 75' lang='lat' dir='ltr'><strong>Tne.</strong></span> <span class='ocrx_word' id='word_1_506' title='bbox 521 2656 607 2689; x_wconf 87' lang='lat' dir='ltr'><strong>Mihi</strong></span> <span class='ocrx_word' id='word_1_507' title='bbox 630 2659 758 2699; x_wconf 85' lang='lat' dir='ltr'><strong>quidem</strong></span> <span class='ocrx_word' id='word_1_508' title='bbox 782 2659 916 2691; x_wconf 88' lang='lat' dir='ltr'><strong>videtur.</strong></span> <span class='ocrx_word' id='word_1_509' title='bbox 962 2659 1018 2690; x_wconf 91' lang='lat' dir='ltr'><strong>So.</strong></span> <span class='ocrx_word' id='word_1_510' title='bbox 1049 2658 1137 2690; x_wconf 89' lang='lat' dir='ltr'><strong>Dum</strong></span> <span class='ocrx_word' id='word_1_511' title='bbox 1165 2669 1238 2700; x_wconf 84' lang='lat' dir='ltr'><strong>ergo</strong></span> <span class='ocrx_word' id='word_1_512' title='bbox 1267 2659 1300 2689; x_wconf 86' lang='lat' dir='ltr'><strong>in</strong></span> <span class='ocrx_word' id='word_1_513' title='bbox 1327 2659 1433 2700; x_wconf 88' lang='lat' dir='ltr'><strong>aliqua</strong></span> <span class='ocrx_word' id='word_1_514' title='bbox 1462 2657 1600 2699; x_wconf 86' lang='lat' dir='ltr'><strong>corporis</strong></span> 
     </span>
     <span class='ocr_line' id='line_1_45' title="bbox 132 2708 1600 2755; baseline 0.001 -16"><span class='ocrx_word' id='word_1_515' title='bbox 132 2713 220 2750; x_wconf 84' lang='lat' dir='ltr'><strong>parte</strong></span> <span class='ocrx_word' id='word_1_516' title='bbox 235 2708 415 2739; x_wconf 89' lang='lat' dir='ltr'><strong>consimiles</strong></span> <span class='ocrx_word' id='word_1_517' title='bbox 430 2719 496 2740; x_wconf 90' lang='lat' dir='ltr'><strong>esse</strong></span> <span class='ocrx_word' id='word_1_518' title='bbox 512 2720 569 2741; x_wconf 89' lang='lat' dir='ltr'><strong>nos</strong></span> <span class='ocrx_word' id='word_1_519' title='bbox 585 2712 749 2754; x_wconf 84' lang='lat' dir='ltr'><strong>praedicat,</strong></span> <span class='ocrx_word' id='word_1_520' title='bbox 764 2713 896 2744; x_wconf 86' lang='lat' dir='ltr'><strong>laudans</strong></span> <span class='ocrx_word' id='word_1_521' title='bbox 910 2713 1143 2755; x_wconf 89' lang='lat' dir='ltr'><strong>quodammodo</strong></span> <span class='ocrx_word' id='word_1_522' title='bbox 1159 2713 1209 2744; x_wconf 85' lang='lat' dir='ltr'><strong>vel</strong></span> <span class='ocrx_word' id='word_1_523' title='bbox 1231 2713 1422 2754; x_wconf 85' lang='lat' dir='ltr'><strong>vituperans,</strong></span> <span class='ocrx_word' id='word_1_524' title='bbox 1439 2722 1503 2749; x_wconf 87' lang='lat' dir='ltr'><strong>non</strong></span> <span class='ocrx_word' id='word_1_525' title='bbox 1520 2711 1600 2741; x_wconf 92' lang='lat' dir='ltr'><strong>mul-</strong></span> 
     </span>
     <span class='ocr_line' id='line_1_46' title="bbox 132 2762 1601 2809; baseline 0.002 -17"><span class='ocrx_word' id='word_1_526' title='bbox 132 2767 198 2792; x_wconf 86' lang='lat' dir='ltr'><strong>tum</strong></span> <span class='ocrx_word' id='word_1_527' title='bbox 215 2762 258 2793; x_wconf 88' lang='lat' dir='ltr'><strong>illi</strong></span> <span class='ocrx_word' id='word_1_528' title='bbox 271 2762 346 2793; x_wconf 87' lang='lat' dir='ltr'><strong>fidei</strong></span> <span class='ocrx_word' id='word_1_529' title='bbox 362 2762 587 2797; x_wconf 86' lang='lat' dir='ltr'><strong>adhibendum.</strong></span> <span class='ocrx_word' id='word_1_530' title='bbox 631 2765 720 2797; x_wconf 66' lang='lat' dir='ltr'><strong>Tne.</strong></span> <span class='ocrx_word' id='word_1_531' title='bbox 743 2767 831 2805; x_wconf 90' lang='lat' dir='ltr'><strong>Non,</strong></span> <span class='ocrx_word' id='word_1_532' title='bbox 848 2773 883 2799; x_wconf 87' lang='lat' dir='ltr'><strong>ut</strong></span> <span class='ocrx_word' id='word_1_533' title='bbox 906 2773 1048 2809; x_wconf 83' lang='lat' dir='ltr'><strong>apparet.</strong></span> <span class='ocrx_word' id='word_1_534' title='bbox 1095 2768 1151 2798; x_wconf 92' lang='lat' dir='ltr'><strong>So.</strong></span> <span class='ocrx_word' id='word_1_535' title='bbox 1175 2766 1209 2798; x_wconf 83' lang='lat' dir='ltr'><strong>Si</strong></span> <span class='ocrx_word' id='word_1_536' title='bbox 1233 2777 1326 2808; x_wconf 87' lang='lat' dir='ltr'><strong>quem</strong></span> <span class='ocrx_word' id='word_1_537' title='bbox 1341 2777 1413 2798; x_wconf 86' lang='lat' dir='ltr'><strong>vero</strong></span> <span class='ocrx_word' id='word_1_538' title='bbox 1440 2766 1478 2796; x_wconf 90' lang='lat' dir='ltr'><strong>ab</strong></span> <span class='ocrx_word' id='word_1_539' title='bbox 1505 2764 1601 2795; x_wconf 86' lang='lat' dir='ltr'><strong>animi</strong></span> 
     </span>
     <span class='ocr_line' id='line_1_47' title="bbox 132 2816 1601 2863; baseline 0.002 -17"><span class='ocrx_word' id='word_1_540' title='bbox 132 2816 245 2847; x_wconf 86' lang='lat' dir='ltr'><strong>virtute</strong></span> <span class='ocrx_word' id='word_1_541' title='bbox 261 2816 477 2858; x_wconf 81' lang='lat' dir='ltr'><strong>sapientiaque</strong></span> <span class='ocrx_word' id='word_1_542' title='bbox 492 2817 646 2856; x_wconf 84' lang='lat' dir='ltr'><strong>laudaret,</strong></span> <span class='ocrx_word' id='word_1_543' title='bbox 662 2830 769 2852; x_wconf 84' lang='lat' dir='ltr'><strong>nonne</strong></span> <span class='ocrx_word' id='word_1_544' title='bbox 784 2822 966 2863; x_wconf 79' lang='lat' dir='ltr'><strong>conveniret</strong></span> <span class='ocrx_word' id='word_1_545' title='bbox 981 2823 1048 2853; x_wconf 86' lang='lat' dir='ltr'><strong>haec</strong></span> <span class='ocrx_word' id='word_1_546' title='bbox 1063 2821 1215 2859; x_wconf 85' lang='lat' dir='ltr'><strong>audienti,</strong></span> <span class='ocrx_word' id='word_1_547' title='bbox 1231 2821 1392 2852; x_wconf 80' lang='lat' dir='ltr'><strong>laudatum</strong></span> <span class='ocrx_word' id='word_1_548' title='bbox 1407 2820 1508 2861; x_wconf 88' lang='lat' dir='ltr'><strong>ipsum</strong></span> <span class='ocrx_word' id='word_1_549' title='bbox 1524 2829 1601 2850; x_wconf 89' lang='lat' dir='ltr'><strong>con-</strong></span> 
     </span>
     <span class='ocr_line' id='line_1_48' title="bbox 135 2868 1600 2913; baseline 0.001 -13"><span class='ocrx_word' id='word_1_550' title='bbox 135 2868 280 2906; x_wconf 84' lang='lat' dir='ltr'><strong>siderare,</strong></span> <span class='ocrx_word' id='word_1_551' title='bbox 294 2870 424 2901; x_wconf 85' lang='lat' dir='ltr'><strong>laudato</strong></span> <span class='ocrx_word' id='word_1_552' title='bbox 439 2875 544 2902; x_wconf 87' lang='lat' dir='ltr'><strong>autem</strong></span> <span class='ocrx_word' id='word_1_553' title='bbox 562 2882 628 2904; x_wconf 89' lang='lat' dir='ltr'><strong>sese</strong></span> <span class='ocrx_word' id='word_1_554' title='bbox 643 2876 832 2906; x_wconf 83' lang='lat' dir='ltr'><strong>ostendere?</strong></span> <span class='ocrx_word' id='word_1_555' title='bbox 876 2875 963 2907; x_wconf 72' lang='lat' dir='ltr'><strong>Tar..</strong></span> <span class='ocrx_word' id='word_1_556' title='bbox 988 2875 1139 2913; x_wconf 87' lang='lat' dir='ltr'><strong>Omnino,</strong></span> <span class='ocrx_word' id='word_1_557' title='bbox 1153 2886 1172 2906; x_wconf 94' lang='lat' dir='ltr'><strong>o</strong></span> <span class='ocrx_word' id='word_1_558' title='bbox 1192 2876 1345 2907; x_wconf 86' lang='lat' dir='ltr'><strong>Socrates.</strong></span> <span class='ocrx_word' id='word_1_559' title='bbox 1391 2875 1446 2905; x_wconf 90' lang='lat' dir='ltr'><strong>So.</strong></span> <span class='ocrx_word' id='word_1_560' title='bbox 1468 2873 1566 2912; x_wconf 86' lang='lat' dir='ltr'><strong>Vide,</strong></span> <span class='ocrx_word' id='word_1_561' title='bbox 1581 2883 1600 2902; x_wconf 91' lang='lat' dir='ltr'><strong>o</strong></span> 
     </span>
     <span class='ocr_line' id='line_1_49' title="bbox 139 2922 1599 2970; baseline 0.005 -14"><span class='ocrx_word' id='word_1_562' title='bbox 139 2922 238 2956; x_wconf 72' lang='lat' dir='ltr'><strong>amice</strong></span> <span class='ocrx_word' id='word_1_563' title='bbox 253 2923 430 2966; x_wconf 73' lang='lat' dir='ltr'><strong>Theaeteto,</strong></span> <span class='ocrx_word' id='word_1_564' title='bbox 445 2929 500 2956; x_wconf 84' lang='lat' dir='ltr'><strong>tua</strong></span> <span class='ocrx_word' id='word_1_565' title='bbox 515 2925 646 2958; x_wconf 86' lang='lat' dir='ltr'><strong>interest</strong></span> <span class='ocrx_word' id='word_1_566' title='bbox 660 2929 839 2967; x_wconf 85' lang='lat' dir='ltr'><strong>ostendere,</strong></span> <span class='ocrx_word' id='word_1_567' title='bbox 854 2929 1170 2967; x_wconf 55' lang='lat' dir='ltr'><strong>mea-considerare„</strong></span> <span class='ocrx_word' id='word_1_568' title='bbox 1202 2928 1301 2970; x_wconf 80' lang='lat' dir='ltr'><strong>Scito,</strong></span> <span class='ocrx_word' id='word_1_569' title='bbox 1325 2938 1395 2960; x_wconf 90' lang='lat' dir='ltr'><strong>cum</strong></span> <span class='ocrx_word' id='word_1_570' title='bbox 1418 2926 1599 2962; x_wconf 73' lang='lat' dir='ltr'><strong>Theodorus</strong></span> 
     </span>
    </p>
   </div>
   <div class='ocr_carea' id='block_1_3' title="bbox 136 2974 1601 3069">
    <p class='ocr_par' dir='ltr' id='par_1_3' title="bbox 136 2974 1601 3069">
     <span class='ocr_line' id='line_1_50' title="bbox 136 2974 1601 3062; baseline 0.003 -52"><span class='ocrx_word' id='word_1_571' title='bbox 136 2974 343 3062; x_wconf 58' lang='grc' dir='ltr'><strong>ωυῙῑοΙξῑῐηίὶιὶ</strong></span> <span class='ocrx_word' id='word_1_572' title='bbox 361 2982 422 3009; x_wconf 79' lang='lat' dir='ltr'><strong>tam</strong></span> <span class='ocrx_word' id='word_1_573' title='bbox 439 2979 619 3022; x_wconf 84' lang='lat' dir='ltr'><strong>peregrinos</strong></span> <span class='ocrx_word' id='word_1_574' title='bbox 634 2992 728 3024; x_wconf 87' lang='lat' dir='ltr'><strong>quam</strong></span> <span class='ocrx_word' id='word_1_575' title='bbox 743 2982 829 3015; x_wconf 84' lang='lat' dir='ltr'><strong>cives</strong></span> <span class='ocrx_word' id='word_1_576' title='bbox 853 2983 999 3027; x_wconf 83' lang='lat' dir='ltr'><strong>laudarit,</strong></span> <span class='ocrx_word' id='word_1_577' title='bbox 1012 2983 1132 3021; x_wconf 81' lang='lat' dir='ltr'><strong>nullum</strong></span> <span class='ocrx_word' id='word_1_578' title='bbox 1160 2982 1327 3024; x_wconf 87' lang='lat' dir='ltr'><strong>majoribus</strong></span> <span class='ocrx_word' id='word_1_579' title='bbox 1349 2992 1386 3013; x_wconf 86' lang='lat' dir='ltr'><strong>ac</strong></span> <span class='ocrx_word' id='word_1_580' title='bbox 1411 2985 1440 3011; x_wconf 90' lang='lat' dir='ltr'><strong>te</strong></span> <span class='ocrx_word' id='word_1_581' title='bbox 1456 2978 1601 3015; x_wconf 78' lang='lat' dir='ltr'><strong>laudibus</strong></span> 
     </span>
     <span class='ocr_line' id='line_1_51' title="bbox 269 3031 1515 3069; baseline 0.01 -6"><span class='ocrx_word' id='word_1_582' title='bbox 269 3034 315 3063; x_wconf 79' lang='lat' dir='ltr'><strong>at.</strong></span> <span class='ocrx_word' id='word_1_583' title='bbox 336 3032 391 3064; x_wconf 81' lang='lat' dir='ltr'><strong>Tr.</strong></span> <span class='ocrx_word' id='word_1_584' title='bbox 850 3037 878 3069; x_wconf 91' lang='lat'><strong>1.</strong></span> <span class='ocrx_word' id='word_1_585' title='bbox 1439 3035 1460 3064; x_wconf 86' lang='lat'><strong>2</strong></span> <span class='ocrx_word' id='word_1_586' title='bbox 1484 3031 1515 3063; x_wconf 83' lang='lat' dir='ltr'>G</span> 
     </span>
    </p>
   </div>
  </div>
 </body>
</html>
