1846 3268
254 301 329 340 328
843 276 1109 339 PLArroms
1622 302 1717 355 [421

253 403 358 435 influit
372 405 575 444 extrinsecus,
591 414 694 447 neque
707 403 832 446 propria
847 409 894 436 est
914 403 1043 435 habenti
1067 402 1154 445 rhoe,
1166 403 1200 436 id
1217 407 1264 435 est
1278 403 1375 436 fluxio
1388 403 1461 446 ista,
1476 404 1533 437 sed
1546 403 1650 437 infusa
1664 415 1722 447 per

253 459 375 491 oculos.
399 465 590 501 quapropter
612 459 651 490 ab
676 457 794 498 esrhin,
808 457 841 488 id
864 462 913 488 est
932 457 1074 494 influere,
1090 467 1185 496 esros,
1201 458 1233 489 id
1257 463 1305 489 est
1327 458 1469 496 influxio,
1484 469 1571 490 amor
1585 459 1625 490 ab
1640 458 1723 490 anti-

254 513 324 555 quis
339 514 449 544 nostris
464 513 691 555 appellabatur.
714 523 787 544 nam
802 512 943 543 omicron
958 522 1014 553 pro
1031 522 1143 554 omega
1156 513 1335 545 utebantur.
1358 523 1443 544 nunc
1465 518 1569 544 autem
1585 523 1653 544 eros
1668 512 1718 544 di-

254 567 347 603 citur,
363 577 475 608 omega
490 577 545 608 pro
560 567 698 598 omicron
715 566 912 608 interposito.
957 566 1073 598 Verum
1095 566 1171 607 quid
1197 567 1350 609 deinceps
1365 567 1628 599 considerandum
1641 577 1720 610 prae-

254 621 356 662 cipis?
401 621 524 652 HERM.
548 621 652 658 Doxa,
667 620 701 652 id
714 627 761 652 est
776 620 897 664 opinio,
912 625 944 652 et
960 619 1034 651 talia
1057 620 1212 662 quaedam,
1229 621 1315 652 unde
1338 632 1454 653 nomen
1477 621 1617 653 habent?
1664 622 1720 654 So.

256 674 352 705 Doxa
365 675 414 706 vel
431 685 450 706 a
465 675 563 717 dioxi,
577 675 610 706 id
626 681 674 707 est
690 675 907 717 persecutione
922 675 1047 712 dicitur,
1064 685 1126 716 qua
1142 675 1244 717 pergit
1257 681 1290 707 et
1305 677 1500 718 prosequitur
1515 675 1630 713 anima,
1645 686 1722 708 con-

253 729 408 761 ditionem
420 740 519 762 rerum
533 730 743 772 investigans:
768 729 818 760 vel
834 740 853 760 a
869 735 942 760 toxu
959 729 1041 770 vole,
1055 729 1088 760 id
1105 735 1152 761 est
1167 740 1255 761 arcus
1265 728 1367 771 jactu.
1390 730 1512 762 vIdetur
1527 735 1631 762 autem
1646 730 1720 763 hinc

255 783 362 825 potius
375 785 565 826 dependere.
588 785 691 823 oiesis,
707 785 740 816 id
755 790 803 816 est
817 785 1019 827 existimatio,
1035 785 1108 817 huic
1120 790 1285 818 consonat.
1312 786 1451 816 ostendit
1465 785 1585 827 quippe
1601 785 1674 823 isin,
1689 786 1722 817 id

253 843 303 869 est
324 839 495 880 ingressum
522 840 632 871 animae
655 840 688 870 in
712 840 960 881 unumquodque
983 839 1259 892 cgnfiderandum,
1289 840 1376 877 oion,
1398 840 1430 871 id
1458 845 1506 871 est
1528 840 1622 882 quale
1656 839 1718 871 sit:

256 893 523 933 quemadmodum
546 899 579 926 et
594 895 678 932 vule,
704 894 737 925 id
757 899 805 926 est
820 895 975 932 voluntas,
993 905 1011 925 a
1025 894 1108 935 vole,
1121 894 1154 926 id
1181 900 1230 926 est
1247 894 1337 936 jactu
1353 895 1489 926 dicitur:
1513 899 1547 926 et
1561 894 1725 932 vulestliae,

255 946 290 977 id
317 952 366 978 est
390 948 482 985 velle,
507 953 633 990 propter
656 949 760 990 ipsum
787 949 966 990 attingendi
989 949 1096 980 nixum
1121 949 1276 990 significat.
1297 949 1392 979 etiam
1412 948 1597 991 ephiesthae,
1621 949 1655 980 id
1677 953 1726 980 est

255 1010 392 1042 cupere:
416 1007 448 1033 et
463 1002 667 1040 vuleuesthae,
682 1002 716 1033 id
741 1008 790 1034 est
815 1003 988 1034 consulere.
1012 1003 1115 1034 omnia
1138 1004 1205 1034 haee
1227 1003 1407 1044 opinionem
1433 1004 1607 1044 sequentia,
1631 1004 1721 1036 voles

254 1053 366 1095 ipsius,
381 1055 414 1086 id
439 1061 487 1087 est
505 1056 611 1098 jactus
633 1061 664 1087 et
686 1057 789 1093 nixus,
803 1056 960 1097 imagines
988 1067 1056 1087 esse
1073 1057 1230 1087 videntur.
1253 1056 1518 1097 quemadmodum
1534 1059 1724 1091 contrarium

253 1109 369 1146 avulia,
389 1109 424 1141 id
448 1115 496 1140 est
523 1110 655 1151 privatio
671 1109 854 1146 voluntatis,
878 1109 1019 1141 defectus
1046 1110 1173 1151 quidam
1198 1109 1415 1152 consequendi
1441 1110 1542 1152 impos
1566 1118 1722 1155 apparett

254 1163 344 1205 quasi
359 1173 422 1194 non
439 1164 631 1202 contendat3
654 1174 757 1206 neque
773 1164 867 1194 etiam
884 1164 968 1205 quod
985 1164 1136 1201 intendit,
1154 1164 1234 1204 vult,
1248 1164 1348 1206 cupit,
1365 1164 1547 1207 investigat,
1562 1167 1725 1210 adipisca-

255 1222 316 1249 tur.
359 1218 482 1250 Hssmu.
507 1218 729 1259 Frequentiora
745 1219 812 1250 haec
825 1228 994 1260 congerere
1010 1217 1137 1258 videris,
1153 1229 1171 1249 o
1186 1219 1341 1250 Socrates.
1388 1219 1494 1257 Quare
1509 1219 1580 1252 finis
1601 1220 1669 1263 jam
1686 1221 1726 1253 sit

253 1272 385 1303 ‘favente
400 1272 473 1304 deo.
516 1272 600 1303 Volo
613 1277 719 1304 tamen
741 1273 845 1304 adhuc
861 1283 1014 1304 anancem
1029 1277 1062 1303 et
1077 1273 1217 1310 ecusion,
1233 1273 1265 1303 id
1287 1278 1334 1304 est
1347 1274 1554 1305 necessarium
1568 1279 1602 1306 et
1615 1275 1727 1307 volun·

257 1326 369 1357 tarium
395 1326 558 1358 declarari.
582 1336 695 1369 nempe
725 1327 936 1368 superioribus
956 1326 1017 1358 ista
1042 1327 1228 1360 succedunt.
1275 1327 1329 1360 So.
1355 1327 1492 1360 Ecusion
1515 1329 1662 1371 equidem
1678 1336 1727 1362 est

255 1380 342 1423 icon,
355 1380 390 1411 id
406 1386 454 1412 est
468 1381 583 1412 cedens
601 1391 705 1422 neque
719 1381 866 1412 renitens.
891 1381 951 1412 hoc
971 1381 1126 1422 siquidem
1154 1381 1283 1414 nomine
1309 1382 1484 1414 declaratur
1497 1383 1570 1415 icon
1585 1384 1676 1424 ionti,
1691 1385 1726 1417 id

257 1439 305 1466 est
318 1435 434 1467 cedens
449 1435 551 1477 eunti,
567 1436 692 1477 quodve
707 1446 745 1466 ex
760 1435 922 1466 voluntate
939 1435 1109 1477 perficitur.
1154 1435 1338 1468 Anancaeon
1355 1447 1440 1478 vero,
1458 1437 1490 1468 id
1512 1443 1561 1469 est
1583 1445 1727 1471 necessa·

254 1490 333 1521 rium
349 1495 382 1521 et
397 1490 562 1527 obsistens,
576 1501 647 1522 cum
665 1495 775 1532 praeter
791 1490 985 1522 voluntatem
1002 1491 1052 1528 sit,
1067 1490 1151 1522 circa
1166 1501 1297 1522 errorem
1311 1490 1529 1534 inscitiamque
1541 1492 1726 1526 versabitur.

257 1544 442 1576 describitur
456 1550 560 1576 autern
576 1556 612 1576 ex
628 1555 774 1586 processu
789 1545 962 1576 secuudum
978 1545 1211 1585 necessitatem,
1226 1544 1374 1587 quoniam
1385 1545 1484 1584 invia,
1495 1557 1616 1589 aspera,
1627 1547 1727 1579 densa

255 1599 410 1631 incessum
436 1600 611 1641 prohibent.
636 1601 721 1631 unde
740 1610 911 1631 anancaeon
935 1600 1054 1631 dictum
1080 1604 1138 1637 est,
1155 1601 1244 1642 quasi
1267 1612 1322 1642 per
1345 1611 1442 1633 ancus
1465 1601 1532 1642 ion,
1547 1602 1581 1633 id
1608 1607 1656 1634 est
1669 1614 1728 1646 per

256 1653 370 1684 vallem
386 1653 516 1685 vadens.
561 1654 735 1696 Quousque
751 1664 822 1685 vero
838 1654 924 1695 viget
949 1655 1051 1691 robur,
1068 1665 1108 1686 ne
1131 1655 1320 1687 deseramus.
1346 1655 1548 1697 quamobrem
1571 1656 1728 1699 interroga

256 1709 381 1745 amabo,
396 1719 500 1750 neque
515 1709 658 1740 desistas.
701 1708 825 1740 HERM.
849 1708 946 1746 Ecce,
961 1719 1036 1750 rogo
1053 1719 1124 1751 quae
1150 1709 1284 1740 maxima
1309 1715 1381 1740 sunt
1405 1709 1502 1752 [421]
1526 1714 1560 1742 et
1581 1710 1728 1753 pulcher-

257 1763 355 1794 rima:
380 1762 540 1804 alethiam‚
553 1762 586 1794 id
603 1767 651 1794 est
667 1763 840 1800 veritatem,
855 1767 889 1793 et
912 1763 1061 1804 pseudos,
1077 1763 1112 1794 id
1136 1769 1184 1795 est
1207 1763 1416 1801 mendacium,
1433 1769 1465 1795 et
1478 1774 1531 1802 on,
1545 1764 1579 1796 id
1595 1769 1643 1796 est
1658 1775 1727 1803 ens,

258 1821 290 1848 et
305 1827 401 1859 quare
424 1818 459 1848 id
481 1828 544 1859 quo
567 1819 608 1849 de
634 1817 685 1849 hic
709 1817 842 1860 agimus,
858 1828 983 1854 onoma,
1000 1817 1031 1848 id
1059 1823 1107 1849 est
1128 1829 1257 1859 nomen,
1281 1818 1407 1852 dicitur.
1451 1819 1506 1851 So.
1531 1818 1618 1856 Quid
1634 1829 1727 1851 vocas

256 1871 441 1903 maiesthae?
485 1871 609 1904 HEnM.
630 1872 723 1904 Voco
748 1872 894 1914 equidem
919 1872 1086 1914 inquirere.
1130 1873 1184 1904 So.
1209 1872 1346 1905 Videtur
1371 1883 1487 1904 nomen
1513 1873 1573 1905 hoc
1599 1884 1637 1905 ex
1663 1884 1726 1905 ser-

255 1935 350 1957 mone
365 1926 419 1956 illo
435 1927 618 1968 conflatum,
633 1937 696 1968 quo
723 1926 839 1958 dicitur
864 1937 918 1964 on,
933 1926 967 1957 id
989 1932 1037 1957 est
1061 1937 1115 1958 ens
1139 1937 1218 1964 esse,
1245 1926 1336 1968 cujus
1361 1937 1476 1959 nomen
1492 1927 1655 1969 inquisitio
1669 1932 1728 1962 est.

257 1979 354 2016 Quod
369 1980 482 2011 clarius
497 1985 580 2012 certe
596 1981 843 2022 comprehendes
859 1981 891 2011 in
915 1991 953 2012 eo
975 1981 1059 2022 quod
1083 1981 1217 2012 dicimus
1239 1987 1436 2020 onomaston,
1451 1982 1483 2013 id
1499 1987 1548 2014 est
1560 1982 1725 2014 nominan-

256 2034 343 2065 dum.
365 2034 416 2066 hic
432 2034 514 2066 enim
532 2035 713 2077 exprimitur
727 2046 841 2067 nornen
858 2035 933 2077 quid
952 2035 1003 2072 sit,
1018 2035 1101 2066 entis
1118 2034 1265 2067 videlicet
1279 2035 1454 2077 inquisitio.
1500 2035 1630 2068 Alei-hia
1639 2047 1726 2074 vero,

256 2088 338 2120 sicut
352 2093 385 2119 et
398 2088 471 2126 alia,
488 2089 637 2131 componi
652 2089 786 2122 videtur.
811 2099 883 2120 nam
899 2089 1005 2121 divina
1019 2089 1088 2131 ejus
1103 2089 1189 2131 quod
1205 2094 1253 2120 est
1269 2089 1343 2120 latio
1359 2090 1485 2121 nomine
1500 2090 1561 2122 hoc
1588 2090 1726 2122 includi·

255 2147 306 2173 tur
321 2142 447 2184 alethia,
463 2143 551 2184 quasi
566 2144 702 2175 existens
716 2144 782 2175 thia
797 2144 857 2182 ale,
879 2143 914 2175 id
940 2149 988 2175 est
1010 2144 1118 2175 divina
1140 2144 1284 2185 quaedam
1300 2145 1436 2186 vagatio.
1459 2145 1597 2187 pseudos
1619 2150 1724 2176 autem

256 2198 442 2229 contrarium
460 2198 620 2230 motionis.
643 2209 747 2230 rursus
771 2199 823 2230 hic
840 2198 1033 2240 vituperatur
1054 2199 1232 2241 agitationis
1253 2199 1461 2236 obstaculum,
1477 2194 1602 2242 quodve
1617 2199 1725 2231 sistere

255 2250 353 2293 cogit.
375 2262 448 2283 nam
464 2253 664 2290 acatheudo,
678 2253 711 2284 id
728 2258 776 2284 est
795 2254 929 2291 dormio,
942 2253 1076 2285 ducitur.
1100 2263 1137 2295 ps
1159 2264 1233 2285 vero
1256 2253 1416 2295 adjectum
1439 2264 1564 2286 sensnm
1589 2254 1725 2286 nominis

258 2305 387 2338 occulit.
432 2307 485 2338 On
501 2317 574 2338 vero
590 2312 622 2338 et
638 2307 719 2345 usia,
735 2308 767 2338 id
783 2312 832 2339 est
847 2319 903 2339 ens
925 2313 959 2339 et
981 2307 1130 2345 essentia,
1145 2318 1215 2339 cum
1233 2307 1360 2346 alethia,
1375 2308 1409 2339 id
1431 2313 1479 2339 est
1490 2308 1634 2346 veritate,
1649 2318 1727 2339 con·

256 2366 382 2403 gruunt,
395 2361 422 2392 si
435 2361 447 2392 i
461 2367 648 2403 apponatur.
673 2373 744 2393 nam
761 2361 828 2405 ion,
844 2362 875 2393 id
892 2366 940 2393 est
953 2362 1083 2402 vadens,
1095 2361 1263 2403 significat.
1307 2361 1354 2393 At
1370 2372 1464 2400 ucon,
1476 2362 1509 2394 id
1521 2367 1643 2394 estnon
1654 2373 1723 2400 ens,

255 2416 382 2457 quidam
398 2416 563 2447 nominant
580 2417 685 2455 ucion,
701 2417 733 2448 id
749 2422 797 2448 est
812 2427 877 2448 non
893 2417 1021 2448 vadens.
1065 2415 1189 2448 HERM.
1212 2415 1291 2447 Haec
1308 2416 1383 2447 mihi
1398 2417 1524 2458 videris,
1537 2427 1555 2447 ο
1567 2417 1724 2455 Socrates,

253 2470 376 2502 fortiter
390 2471 559 2502 admodum
574 2470 766 2503 discussisse.
812 2461 933 2502 Verum
955 2470 980 2501 si
993 2470 1064 2512 quis
1082 2474 1112 2501 te
1127 2475 1338 2511 percontetur,
1354 2481 1425 2513 quae
1440 2470 1481 2501 sit
1496 2476 1580 2503 recta
1593 2471 1723 2503 istorum

253 2525 480 2567 interpretatio,
497 2535 567 2567 quae
593 2525 742 2557 dicuntur
764 2525 831 2562 ion,
847 2525 879 2556 id
903 2530 951 2556 est
966 2525 1096 2562 vadens,
1110 2525 1220 2563 rheon,
1235 2524 1270 2555 id
1287 2530 1334 2556 est
1349 2525 1461 2568 fluens,
1478 2525 1558 2566 dun,
1573 2526 1605 2557 id
1620 2530 1670 2558 est
1684 2525 1722 2556 li-

254 2589 331 2621 gans
359 2589 395 2611 ac
425 2580 582 2617 detinens,
610 2580 686 2622 quid
712 2580 759 2611 illi
781 2579 976 2621 potissimum
1003 2578 1286 2620 respondebimus?
1320 2580 1457 2611 habesne
1471 2580 1482 2611 ?
1527 2580 1585 2611 So.
1606 2579 1720 2612 Habeo

254 2634 411 2676 equidem.
435 2634 576 2676 profecto
591 2645 692 2676 nuper
707 2634 858 2666 succurrit
882 2634 972 2665 nobis
997 2633 1128 2676 aliquid,
1146 2633 1238 2675 eujus
1265 2634 1467 2676 responsione
1491 2634 1658 2677 quicquam
1675 2634 1722 2666 vi-

255 2688 384 2719 deamur
398 2687 517 2721 afferre.
561 2688 685 2721 Hmm.
709 2688 812 2726 Quale
828 2688 911 2720 istud
925 2688 936 2719 ?
982 2688 1040 2720 So.
1063 2688 1109 2719 Ut
1124 2689 1208 2730 quod
1226 2689 1352 2719 minime
1367 2689 1598 2730 cognoscimus,
1610 2687 1718 2720 barba-

254 2742 352 2774 ricum
368 2752 434 2773 esse
451 2742 603 2774 dicamus.
627 2743 707 2775 sorte
722 2743 805 2774 enim
821 2741 934 2784 partim
950 2753 982 2774 re
998 2753 1070 2774 vera
1085 2742 1160 2773 talia
1175 2747 1259 2775 sunt.
1282 2742 1362 2774 forte
1375 2753 1445 2774 vero
1460 2742 1572 2784 partim
1584 2753 1621 2774 ac
1637 2752 1718 2786 prae-

254 2796 356 2828 sertim
373 2796 502 2827 nomina
516 2797 615 2838 prima
632 2802 807 2839 temporum
822 2796 1006 2828 confusione
1031 2796 1256 2829 inscrutabilia.
1299 2796 1425 2828 Etenim
1446 2807 1517 2828 cum
1533 2796 1647 2838 passim
1663 2807 1719 2828 vo-

254 2850 366 2883 cabula
381 2850 602 2887 distrabantur,
618 2851 696 2883 nihil
715 2851 822 2882 mirum
839 2857 933 2890 esset,
949 2852 975 2883 si
991 2852 1094 2894 prisca
1109 2852 1217 2893 lingua
1238 2862 1309 2883 cum
1331 2856 1435 2883 nostra
1456 2849 1570 2883 collata
1583 2849 1683 2881 nihilo
1699 2861 1718 2883 a

253 2905 414 2937 barbarica
429 2915 505 2937 voce
530 2905 678 2936 differret.
723 2905 845 2937 HERM.
868 2905 964 2937 Haud
990 2906 1126 2938 alienum
1151 2911 1200 2937 est
1226 2915 1245 2936 a
1269 2905 1387 2937 ratione
1410 2904 1496 2947 quod
1521 2903 1613 2936 dicis.
1658 2904 1718 2937 So.

255 2959 477 2992 Consentanea
490 2959 616 3002 quidem
638 2959 746 2991 affero.
770 2971 833 2991 nou
861 2965 964 2992 tamen
980 2960 1094 2993 iccirco
1111 2965 1267 2992 certamen
1283 2959 1515 2991 excusationem
1529 2958 1651 2990 videtur
1664 2960 1721 2990 ad-

254 3014 387 3049 mittere.
430 3014 492 3047 Sed
519 3024 667 3047 couemur
690 3014 748 3046 ista
775 3013 958 3057 disquirere,
983 3021 1077 3058 atque
1101 3015 1145 3047 ita
1171 3014 1403 3048 consideremus
1417 3026 1424 3045 :
1449 3014 1474 3044 si
1499 3013 1570 3056 quis
1597 3023 1719 3059 semper
