1846 3268
166 265 259 316 176]
587 231 589 234 Α
741 260 1088 304 CHARMIDES.
1570 268 1622 306 95

161 372 230 404 aliis
245 370 383 404 scientiis
397 370 479 402 hanc
495 369 653 411 excipere,
667 368 772 400 minus
784 372 818 400 et
831 367 905 410 ipsa
919 367 1077 400 medicina
1095 378 1187 401 sanos
1210 368 1348 402 efficiet?
1372 373 1404 402 et
1418 371 1546 403 coriaria
1561 372 1625 404 cal-

161 437 233 458 oeos
249 426 349 462 minus
363 423 596 466 suppeditabit?
619 423 784 464 minusque
809 422 942 454 textoria
955 423 1080 455 vestes?
1104 424 1322 465 gubematoria
1336 424 1488 455 maritima
1504 425 1627 466 pericu-

160 481 204 518 la,
232 477 372 511 militaris
397 478 472 510 belli
493 477 674 509 discrimina
701 476 883 515 declinabit,
908 477 1105 519 servabitque
1130 478 1255 509 minus?
1301 478 1382 510 Gru.
1405 477 1493 509 Nihil
1510 479 1623 511 minus.

162 534 219 567 So.
245 532 290 564 At
305 543 387 569 vero,
404 543 423 564 ο
439 532 537 564 amice
562 531 675 574 Critia,
689 532 812 563 sublata
830 532 889 563 hac
912 531 981 572 ipsa
1003 532 1147 569 scientia,
1175 532 1253 563 boni
1273 531 1404 570 scilicet,
1430 537 1525 574 atque
1541 533 1628 569 mali,

160 587 236 619 nihil
252 588 361 618 horum
376 587 456 618 bene
471 586 628 618 utiliterve
642 591 764 628 agetur.
811 585 891 618 Cur.
914 585 999 617 Vera
1014 586 1163 628 loqueris.
1208 586 1267 620 So.
1291 586 1389 618 Haud
1404 587 1483 624 haec,
1494 592 1530 618 ut
1539 586 1628 618 vide-

162 646 221 679 tur,
238 641 443 683 temperantia
457 645 516 682 est,
530 641 585 672 sed
601 650 638 671 ea
653 639 744 682 cujus
760 650 839 681 opus
854 645 902 671 est
913 640 1005 671 nobis
1019 640 1178 682 prodesse.
1200 651 1265 671 non
1281 641 1365 672 enim
1381 640 1579 673 scientiarum
1595 645 1629 672 et

161 696 354 727 inscitiamm
376 695 506 726 scientia
521 699 579 731 est,
606 695 662 726 sed
679 694 752 725 boni
769 694 882 725 malive
903 694 1057 736 cognitio.
1081 693 1228 736 quocirca
1242 694 1269 726 si
1283 695 1368 726 utilis
1382 695 1473 726 nobis
1487 699 1535 726 est
1549 700 1629 727 tem-

162 749 314 792 perantia,
340 749 380 780 ad
399 749 484 780 aliud
507 748 659 791 quiddam
682 748 816 781 confert.
863 748 944 781 Cur.
969 747 1024 779 An
1045 758 1110 779 non
1135 749 1264 790 prodest
1287 754 1320 780 et
1342 750 1438 781 haec?
1460 759 1574 791 nempe
1602 749 1630 780 si

162 803 359 836 scientiarum
375 803 506 835 scientia
520 808 568 834 est
581 803 800 845 temperantia,
815 802 987 845 ceterisque
1003 802 1142 834 scientiis
1158 803 1317 844 praesidet,
1339 804 1413 835 huic
1429 814 1555 845 quoque
1569 803 1629 834 sci-

162 858 255 889 entiae
271 859 387 888 bonurn
411 857 565 888 malumve
590 857 781 888 discernenti
802 857 942 888 similiter
961 857 1130 898 imperans,
1154 857 1244 888 nobis
1267 858 1417 898 proderit.
1460 857 1513 888 So.
1537 857 1630 887 Nun-

162 911 239 953 quid
256 912 367 942 bonam
383 911 520 953 corporis
535 911 748 942 valetudinem
775 911 936 953 praestabit
961 912 1029 943 haec
1053 911 1169 952 potius,
1194 922 1287 953 quam
1309 912 1488 943 medicina?
1511 916 1631 943 cetera-

164 975 225 1007 que
241 965 351 996 artium
367 965 495 997 aliarum
515 976 610 1007 opera
624 966 692 998 haec
709 965 834 1002 efficiet,
850 965 983 997 artifices
1008 970 1112 997 autem
1129 965 1245 1007 singuli
1269 977 1287 997 a
1311 965 1444 1008 propriis
1464 967 1632 998 cessabunt

164 1019 332 1061 operibus?
355 1030 395 1050 an
411 1031 474 1050 non
486 1019 676 1062 jampridem
692 1020 772 1052 inter
793 1031 850 1051 nos
867 1020 1022 1057 constitit,
1039 1019 1277 1061 temperantiam
1292 1031 1359 1052 esse
1374 1021 1513 1052 scientiae
1534 1021 1631 1053 insci-

164 1072 256 1104 tiaeve
280 1073 457 1111 scientiam,
481 1085 540 1106 nec
564 1074 657 1106 ullius
681 1075 807 1106 alterius
829 1074 1035 1106 facultatem?
1059 1084 1099 1104 an
1123 1085 1187 1105 nou
1212 1075 1283 1106 ita?
1328 1075 1409 1106 Cm.
1429 1075 1479 1106 Ita
1505 1086 1630 1118 prorsus

164 1131 306 1168 apparet.
351 1128 406 1160 So.
430 1127 506 1159 Non
537 1139 610 1170 ergo
635 1130 694 1160 erit
719 1129 826 1171 opifex
853 1129 1005 1160 sanitatis.
1052 1129 1133 1161 Cm.
1156 1129 1243 1160 Non.
1289 1130 1345 1161 So.
1377 1130 1516 1162 Alterius
1545 1132 1631 1163 enim

165 1181 238 1211 artis
254 1191 334 1223 opus
349 1187 397 1213 est
420 1182 517 1224 [175]
541 1183 668 1215 sanitas.
715 1184 795 1216 Car.
819 1183 958 1215 Alterius
974 1188 1068 1215 certe.
1115 1184 1171 1215 So.
1195 1183 1309 1226 Neque
1324 1184 1468 1215 utilitatis
1482 1185 1587 1226 igitur,
1609 1196 1629 1216 o

166 1235 275 1266 amice.
321 1235 403 1266 Nam
424 1237 512 1268 alteri
536 1238 596 1269 hoc
618 1248 698 1279 opus
724 1238 782 1268 arti
797 1238 891 1279 paulo
908 1242 980 1269 ante
996 1238 1171 1269 tribuimus.
1195 1239 1327 1270 nonne?
1373 1238 1453 1271 cm.
1476 1239 1631 1272 Maxime.

165 1287 220 1319 So.
246 1288 319 1325 Quo
335 1294 426 1330 pacto
442 1290 548 1332 itaque
564 1290 649 1322 utilis
665 1292 755 1322 nobis
769 1292 976 1334 temperantia
990 1291 1061 1327 erit,
1077 1302 1148 1322 curn
1165 1292 1308 1323 utilitatis
1317 1292 1433 1324 nullius
1445 1293 1484 1324 sit
1497 1293 1631 1325 artifex?

165 1341 245 1373 Cm.
270 1341 368 1374 Nullo
385 1345 477 1375 modo
493 1345 627 1382 videtur,
643 1356 661 1376 ο
677 1346 830 1378 Socrates.
875 1346 932 1378 So.
957 1345 1112 1383 Videsne,
1129 1345 1242 1383 Critia,
1255 1357 1306 1378 me
1321 1358 1415 1389 supra
1430 1359 1494 1379 non
1516 1349 1632 1390 injuria

164 1395 315 1436 timuisse,
331 1408 441 1439 meque
457 1399 560 1440 ipsum
575 1399 731 1442 culpasse,
754 1401 840 1442 quod
854 1400 933 1431 nihil
958 1410 1105 1441 magnum
1128 1405 1161 1431 et
1172 1400 1249 1432 utile
1263 1401 1303 1432 de
1319 1403 1526 1444 temperantia
1540 1413 1631 1445 sape-

165 1451 252 1482 rem?
274 1462 435 1494 nunquam
450 1454 533 1484 enirn
549 1455 633 1496 quod
650 1454 788 1485 omniurn
808 1455 942 1486 habetur
966 1455 1220 1496 pulcherrimum,
1242 1456 1302 1486 hoc
1325 1454 1416 1487 nobis
1438 1457 1634 1498 apparuisset

163 1503 286 1541 inutile,
301 1506 327 1536 si
342 1517 404 1548 quo
421 1513 513 1548 pacto
529 1509 569 1540 ad
584 1514 667 1540 recte
682 1508 902 1551 inquirendum
930 1509 998 1551 ipse
1025 1509 1108 1540 utilis
1125 1520 1236 1542 essem.
1282 1509 1378 1542 Nunc
1394 1516 1499 1542 autem
1515 1512 1631 1553 passim

167 1560 408 1603 succumbimus,
431 1573 534 1604 neque
555 1564 696 1595 invenire
712 1564 863 1601 valemus,
888 1564 928 1594 ad
955 1564 1031 1605 quid
1048 1563 1241 1605 potissimum
1258 1564 1498 1606 significandum
1514 1570 1634 1607 tempe-

167 1613 275 1644 rantiae
290 1625 404 1646 nomen
418 1615 554 1647 instituit
567 1618 635 1658 ipse
651 1618 812 1649 nominum
839 1622 948 1649 auctor
962 1628 969 1649 :
994 1628 1174 1660 quanquam
1189 1619 1287 1649 multa
1301 1619 1512 1650 concessimus
1527 1630 1545 1650 a
1560 1620 1634 1653 rati-

167 1678 230 1699 one
251 1673 356 1700 tamen
380 1671 504 1711 penitus
527 1671 736 1703 abhorrentia.
781 1672 908 1703 Etenim
926 1672 1068 1704 scientiae
1091 1673 1252 1704 scientiam
1271 1683 1338 1704 esse
1358 1673 1571 1712 convenimus,
1587 1685 1634 1706 re-

169 1720 310 1754 luctante
326 1723 456 1762 ratione,
480 1724 578 1767 idque
599 1726 741 1767 protinus
758 1727 931 1758 refellente.
978 1721 1065 1764 Quin
1089 1726 1184 1757 etiarn
1199 1728 1257 1758 hac
1271 1726 1340 1768 ipsa
1355 1728 1485 1759 scientia
1499 1727 1634 1769 reliqua-

169 1785 235 1806 rum
252 1776 448 1809 scientiarum
462 1789 556 1820 opera
573 1780 660 1811 nosci
676 1781 898 1818 concessimus,
914 1780 1035 1812 ratione
1051 1780 1192 1812 similiter
1206 1786 1421 1823 repugnante:
1444 1786 1480 1813 u't
1496 1782 1540 1812 vir
1556 1787 1634 1813 tem-

171 1840 282 1871 perans
297 1831 368 1862 talis
383 1838 475 1873 esset,
491 1838 528 1864 ut
541 1845 611 1876 quae
627 1834 728 1876 novit,
751 1835 828 1866 sciat
847 1845 882 1866 se
898 1834 999 1876 ipsum
1023 1845 1127 1872 nosse,
1152 1840 1184 1867 et
1207 1846 1278 1878 quae
1293 1846 1356 1866 non
1370 1836 1469 1873 novit,
1493 1836 1636 1878 ignorare

171 1894 276 1915 rursus
291 1885 457 1927 intelligat.
503 1887 574 1919 Hoc
592 1889 700 1931 utique
715 1889 882 1931 magnifice
902 1890 1031 1921 nimium
1055 1889 1214 1931 libereque
1233 1890 1455 1928 concessimus,
1481 1891 1564 1921 haud
1579 1891 1636 1921 ad-

172 1943 325 1970 vertentes
345 1940 537 1982 impossibile
557 1953 637 1985 esse,
660 1948 696 1974 ut
716 1954 787 1986 quae
809 1943 896 1974 nullo
923 1945 1018 1974 modo
1041 1944 1111 1986 quis
1128 1944 1241 1981 noscit,
1266 1950 1376 1976 noscat
1391 1945 1636 1986 quodammodo.

171 1991 211 2023 In
236 1992 297 2024 hoc
324 1999 428 2026 autem
452 2006 509 2027 nos
533 1998 759 2035 consensimus,
786 1997 934 2030 videlicet
950 1997 1086 2040 aliquem
1105 1997 1302 2040 ignorantem
1327 1999 1442 2041 aliqua,
1463 1999 1548 2041 quod
1572 2009 1637 2030 non

172 2052 344 2087 cognoscat
357 2049 425 2090 ipsa
450 2060 661 2092 cognoscere:
686 2052 746 2083 etsi
769 2052 846 2083 nihil
867 2057 926 2090 est,
950 2057 986 2083 ut
1006 2063 1074 2084 mea
1088 2053 1148 2084 fert
1169 2052 1288 2094 opinio,
1312 2054 1397 2094 quod
1420 2054 1479 2084 hoc
1495 2053 1638 2084 videatur

173 2100 345 2133 absurdius.
391 2103 614 2137 Verumtamen
636 2106 679 2137 ita
703 2117 763 2137 nos
788 2106 912 2149 ineptos
939 2107 1044 2149 potius
1068 2117 1161 2149 quam
1185 2108 1278 2138 duros
1308 2107 1545 2149 pertinacesque
1570 2108 1638 2139 haee

172 2154 335 2197 indagatio
350 2162 452 2195 nacta,
470 2159 568 2190 nihilo
584 2161 681 2201 magis
697 2160 857 2192 veritatem
872 2161 1014 2192 invenire
1038 2166 1164 2202 potest:
1187 2162 1241 2192 sed
1264 2171 1365 2203 usque
1380 2162 1460 2193 adeo
1481 2172 1513 2192 se
1536 2161 1636 2203 ipsam

172 2208 274 2246 irrisit,
297 2215 333 2241 ut
345 2212 430 2253 quod
442 2212 509 2254 jam
525 2214 581 2244 diu
597 2225 654 2246 nos
670 2216 831 2247 communi
846 2226 1000 2247 consensu
1021 2215 1240 2252 confinximus,
1261 2220 1295 2247 et
1320 2214 1555 2257 temperantiam
1570 2225 1639 2246 esse

175 2263 347 2306 posuimus,
358 2266 418 2297 hoc
434 2267 561 2299 tandem
577 2268 687 2300 inutile
702 2269 853 2311 quiddam
867 2269 1038 2301 insolenter
1053 2274 1084 2300 et
1101 2269 1326 2301 contumeliose
1338 2269 1469 2300 nimium
1485 2279 1639 2311 apparue-

175 2317 225 2350 rit.
269 2317 339 2350 Tua
361 2320 489 2362 quidem
513 2322 545 2352 id
571 2333 666 2354 causa
690 2323 795 2366 potius
820 2334 914 2366 quam
939 2334 1018 2362 mea,
1042 2335 1061 2355 ο
1078 2323 1273 2360 Charmides,
1295 2334 1375 2366 aegre
1390 2323 1468 2362 fero,
1484 2324 1511 2355 si
1526 2329 1560 2355 tu
1576 2327 1640 2354 tam

175 2372 300 2414 egregia
314 2373 420 2406 indole
436 2385 473 2407 ac
487 2378 697 2419 temperantia
712 2378 805 2409 animi
832 2378 994 2420 praeditus,
1014 2378 1092 2409 nihil
1115 2382 1203 2409 tanta
1219 2378 1330 2409 virtute
1354 2377 1482 2419 juveris,
1498 2378 1641 2419 nihilque

174 2425 244 2467 ipsa
256 2426 291 2458 in
307 2427 371 2459 vita
383 2429 440 2460 tibi
459 2431 566 2471 prosit.
611 2431 780 2463 Molestius
796 2443 923 2474 quoque
939 2433 1003 2464 fero
1019 2431 1242 2464 incantationis
1257 2432 1366 2474 gratia,
1381 2443 1475 2474 quam
1489 2443 1508 2463 a
1521 2432 1641 2462 Thrace

175 2478 230 2510 illo
246 2480 354 2520 didici,
371 2483 396 2513 si
411 2483 444 2514 in
459 2495 491 2515 re
513 2485 631 2517 nullius
652 2487 745 2528 pretii
765 2487 970 2529 percipienda
994 2491 1114 2518 tantum
1136 2487 1274 2518 studium
1288 2487 1394 2529 posui.
1439 2487 1518 2519 Haec
1533 2487 1641 2528 itaque

177 2532 222 2564 sic
236 2544 270 2565 se
284 2535 397 2567 habere
423 2538 506 2569 haud
531 2540 605 2571 satis
627 2541 744 2572 credo:
768 2541 862 2573 immo
882 2542 1032 2584 ignavum
1055 2552 1123 2573 esse
1145 2552 1195 2572 me
1218 2541 1468 2583 investigatorem
1490 2541 1642 2573 arbitror:

177 2587 297 2629 quippe
313 2589 367 2630 qui
382 2593 619 2633 temperantiam
635 2605 782 2636 magnum
798 2596 959 2638 quoddam
976 2596 1091 2626 bonum
1107 2595 1304 2635 existimem3
1326 2597 1411 2638 quod
1428 2596 1453 2627 si
1475 2596 1582 2633 habes,
1609 2599 1641 2627 te

178 2641 305 2673 beatum
321 2653 399 2677 esse.
440 2645 556 2678 Verum
582 2647 680 2691 [176]
705 2650 824 2691 cogita,
845 2655 947 2681 utrum
971 2650 1142 2691 possideas,
1165 2654 1198 2681 et
1219 2650 1433 2682 incantatione
1457 2660 1521 2681 non
1537 2660 1641 2691 egeas.

178 2705 251 2727 nam
268 2697 293 2728 si
309 2699 436 2741 habeas,
461 2700 517 2731 tibi
531 2701 678 2743 equidem
694 2704 868 2742 consulam,
894 2709 928 2735 ut
943 2715 992 2736 me
1009 2704 1140 2736 delirum
1156 2709 1259 2747 putes,
1276 2710 1308 2736 et
1322 2704 1547 2747 investigandas
1563 2703 1643 2734 veri-

179 2751 251 2782 tatIs
265 2752 415 2793 impotem
432 2765 440 2785 ε
464 2758 496 2786 te
511 2766 596 2793 vero,
612 2766 675 2798 quo
691 2768 725 2789 es
741 2759 976 2800 temperantior,
1000 2770 1038 2790 eo
1054 2759 1236 2791 beatiorem.
1282 2758 1348 2791 Cn.
1369 2758 1487 2790 Nescio
1510 2768 1565 2799 per
1584 2757 1642 2789 Jo-

179 2815 261 2842 vem,
278 2816 297 2836 o
311 2806 464 2845 Socrates,
480 2813 581 2840 utrum
596 2810 740 2849 habeam,
756 2823 869 2856 necne.
892 2823 963 2843 narn
979 2824 1043 2855 quo
1058 2818 1152 2854 pacto
1167 2813 1246 2844 illud
1261 2813 1447 2854 intelligam,
1473 2812 1557 2853 quod
1574 2821 1640 2847 vos,

181 2863 217 2889 ut
230 2859 275 2890 ais
290 2860 367 2902 ipse,
393 2862 469 2905 quid
485 2863 525 2894 sit
538 2863 676 2896 invenire
692 2867 832 2897 nondum
855 2866 1010 2908 potestis?
1056 2866 1212 2909 Equidem
1228 2866 1286 2898 tibi
1301 2877 1364 2898 non
1380 2866 1511 2897 multum
1534 2864 1641 2904 credo,

180 2911 333 2948 Socrates.
355 2915 449 2948 immo
463 2917 604 2959 indigere
619 2918 833 2951 incantatione
850 2930 899 2951 me
913 2920 1053 2959 arbitror,
1069 2925 1101 2952 et
1117 2926 1268 2964 quantum
1285 2922 1324 2953 ad
1344 2931 1393 2952 me
1415 2918 1537 2955 attinet,
1563 2916 1642 2948 nihil

180 2966 282 2998 obstat
295 2978 357 3011 quo
373 2970 474 3003 minus
489 2972 630 3015 quotidie
655 2972 734 3005 nihil
756 2974 1026 3008 incantationibus
1042 2975 1206 3018 medearis,
1229 2974 1332 3017 quoad
1349 2974 1416 3015 ipse
1432 2972 1505 3004 satis
1528 2971 1642 3002 habere
