1846 3268
179 323 249 373 65]
802 317 1022 358 PHAEDO.
1563 320 1637 361 431

180 423 376 466 praebiturus.
423 423 503 457 Car.
526 422 568 454 Et
582 426 675 454 antea
696 422 825 464 quidem
850 423 946 454 ferme
968 422 1000 452 id
1023 430 1240 463 responsurum
1263 420 1411 454 sciebam,
1433 418 1487 453 sed
1514 432 1563 453 me
1586 420 1641 452 illo

172 478 361 520 jamdudum
376 478 523 510 stimulat.
567 478 623 508 So.
646 476 743 508 Mitte
758 477 873 519 ipsum.
917 475 986 518 Ego
1001 486 1086 513 vero,
1102 486 1121 506 0
1143 475 1281 518 judices,
1294 476 1446 507 rationem
1462 475 1549 506 vobis
1567 475 1635 516 jam

178 532 308 563 reddere
322 532 405 569 volo,
420 532 461 563 ob
475 542 569 573 quam
584 531 659 562 mihi
674 531 815 562 videatur
830 531 887 568 vir,
904 530 958 572 qui
972 541 1028 572 per
1044 540 1167 561 omnem
1182 530 1278 561 vitam
1303 529 1478 561 incubuerit
1500 529 1639 570 philoso-

180 585 275 626 phiae,
291 585 399 617 merito
414 596 527 628 magna
538 596 609 617 cum
625 585 743 616 fiducia
766 584 841 626 [64]
862 584 1078 615 imminentem
1094 588 1274 625 exspectare
1290 588 1430 620 mortem,
1446 589 1540 625 atque
1556 584 1640 614 bona

180 649 237 680 spe
251 649 331 676 esse,
346 649 379 670 se
391 639 447 676 ibi,
462 644 627 682 postquam
640 639 713 671 hinc
729 639 916 681 migraverit,
933 638 1066 669 maxima
1080 638 1163 669 bona
1177 642 1414 680 reportaturum.
1438 638 1640 679 quemadmo-

174 693 253 723 ,dum
269 692 364 735 igitur
378 693 410 724 id
426 693 471 724 ita
479 704 512 725 se
523 694 648 735 habeat,
663 704 682 724 o
697 693 825 724 Simmia
841 698 936 734 atque
952 693 1066 730 Cebes,
1080 693 1219 723 conabor
1233 692 1378 733 equidem
1394 691 1523 733 aperire.
1559 691 1640 729 Qui-

179 756 304 788 cunque
321 747 552 789 philosophiam
569 751 652 779 recte
668 747 839 789 aliquando
855 747 1038 788 attigerunt,
1053 746 1198 777 nimirum
1218 746 1363 776 videntur
1377 745 1504 777 latuisse
1520 750 1640 777 ceteros

177 799 331 837 homines,
346 801 433 842 quod
448 800 526 831 nihil
540 800 626 832 aliud
641 801 701 842 ipsi
716 805 997 832 commentaremur
1011 810 1104 842 quam
1130 799 1207 830 mori
1229 804 1325 841 atque
1348 810 1415 831 esse
1437 810 1470 830 se
1491 803 1640 831 mortuos.

178 853 275 890 Quod
287 854 311 885 si
326 853 361 884 id
377 864 481 885 verum
496 859 555 891 est,
571 854 792 896 perabsurdum
808 853 901 891 foret,
916 853 954 891 si,
967 863 1037 884 cum
1053 853 1131 884 nihil
1147 858 1257 895 praeter
1271 853 1330 885 hoc
1345 852 1430 884 aliud
1449 864 1503 895 per
1517 863 1640 884 omnem

177 907 272 938 vitam
288 907 476 945 studuerint,
492 908 553 939 hoc
567 907 638 950 ipso
653 907 855 948 adveniente,
872 907 958 947 quod
969 905 1036 948 jam
1051 906 1106 938 diu
1122 907 1284 949 agitabant
1298 907 1556 948 exercebantque,
1573 917 1642 948 gra-

179 961 258 993 viter
272 962 397 994 ferrent.
443 961 529 994 Hinc
545 962 689 994 Simmias
706 962 855 999 arridens,
870 972 926 1003 per
941 962 961 994 J
965 972 1066 999 ovem,
1081 961 1194 1003 inquit,
1210 972 1229 992 o
1254 962 1406 998 Socrates,
1423 962 1498 992 mihi
1511 962 1639 1003 quidem

179 1015 416 1046 haudmultum
437 1015 535 1047 ridere
560 1015 699 1058 cupienti
720 1015 813 1046 risum
838 1015 1026 1056 expressisti.
1071 1014 1154 1046 Nam
1171 1015 1284 1046 multos
1300 1016 1428 1047 arbitror
1441 1016 1518 1052 fore,
1533 1015 1599 1057 qui,
1616 1016 1642 1046 si

179 1067 213 1099 id
229 1068 414 1104 audiverint,
430 1069 590 1110 aptissime
614 1068 646 1099 in
671 1068 875 1110 philosophos
899 1068 1020 1099 dictum
1043 1073 1178 1110 putent:
1204 1074 1385 1111 nostrosque
1408 1069 1549 1100 homines
1563 1079 1639 1101 con-

179 1132 322 1154 sensuros
337 1126 370 1154 et
383 1123 474 1154 valde
489 1123 628 1164 quidem,
645 1122 850 1164 philosophos
866 1133 920 1153 eos
946 1133 1051 1153 revera
1076 1133 1109 1153 se
1132 1123 1218 1164 ipsos
1234 1123 1323 1154 morti
1338 1123 1474 1165 praebere
1488 1137 1496 1163 ;
1519 1133 1578 1155 nec
1595 1127 1641 1154 ta-

181 1187 253 1208 men
269 1187 302 1207 se
317 1176 456 1214 latuisse,
472 1187 565 1219 quam
582 1177 670 1219 digni
686 1177 749 1208 sint
761 1182 870 1208 morte.
915 1177 972 1208 So.
996 1176 1087 1208 Forte
1112 1177 1146 1207 id
1168 1182 1264 1215 recte,
1281 1188 1299 1207 o
1322 1177 1461 1214 Simruia,
1487 1177 1639 1217 dicerent,

182 1235 296 1272 praeter
310 1231 343 1262 id
359 1231 445 1272 quod
461 1242 494 1262 se
509 1242 573 1263 non
589 1230 715 1262 latuisse
738 1231 870 1262 addunt.
894 1230 986 1262 latuit
1001 1240 1074 1262 sane
1090 1241 1156 1268 eos,
1171 1241 1232 1272 qua
1247 1230 1366 1262 ratione
1380 1230 1445 1262 veri
1460 1230 1641 1272 philosophi

183 1289 217 1316 et
231 1284 308 1316 mori
322 1285 469 1316 studeant
483 1290 516 1317 et
541 1290 638 1317 morte
664 1285 727 1316 sint
753 1285 852 1327 digni.
897 1284 959 1316 Sed
979 1283 1046 1326 jam
1073 1285 1282 1327 relinquamus
1302 1284 1388 1323 illos,
1400 1284 1551 1326 nobisque
1565 1284 1641 1325 ipsis

181 1337 355 1381 loquamur.
399 1339 595 1371 Putamusne
610 1339 728 1381 aliquid
744 1349 811 1370 esse
827 1339 978 1369 mortem?
1022 1337 1102 1370 Suu.
1125 1337 1255 1380 Aliquid
1266 1343 1360 1370 certe.
1407 1338 1463 1369 So.
1485 1336 1642 1378 Nunquid

179 1391 266 1424 aliud
279 1403 372 1434 quarn
387 1394 498 1424 animae
513 1404 532 1425 a
546 1404 674 1435 corpore
689 1392 877 1424 solutionem
890 1393 901 1423 ?
924 1403 1054 1434 esseque
1066 1393 1100 1424 id
1116 1397 1270 1423 mortuum
1284 1402 1363 1429 esse,
1372 1390 1492 1423 scilicet
1506 1391 1641 1422 solutum

181 1446 222 1477 ab
235 1445 338 1477 anima
353 1458 464 1488 corpus
481 1458 536 1489 per
550 1458 583 1478 se
599 1458 734 1479 seorsum
752 1447 841 1478 esse?
866 1457 1002 1478 seorsum
1026 1457 1152 1488 quoque
1167 1457 1186 1477 a
1201 1457 1331 1488 corpore
1345 1446 1478 1477 animam
1493 1445 1640 1483 solutam,

179 1499 280 1540 ipsam
294 1510 352 1542 per
365 1501 498 1543 seipsam
514 1501 664 1533 existere?
688 1500 830 1543 nunquid
845 1510 924 1533 mors
937 1505 1047 1543 praeter
1054 1502 1114 1532 hoc
1127 1500 1212 1532 aliud
1228 1500 1296 1532 est?
1340 1500 1418 1533 Sm.
1440 1499 1528 1530 Nihil
1544 1499 1642 1530 allud.

182 1552 239 1585 So.
262 1554 445 1592 Considera,
460 1556 542 1587 bone
557 1555 614 1597 vir,
628 1566 702 1586 num
719 1555 776 1587 tibi
792 1555 874 1586 idem
901 1566 1027 1597 quoque
1049 1560 1082 1586 et
1102 1555 1179 1586 milri
1194 1554 1348 1586 videatur.
1370 1565 1408 1585 ex
1423 1553 1471 1584 his
1485 1553 1567 1584 enirn
1582 1563 1642 1583 nos

140 1639 145 1641 t
182 1607 311 1640 arbitror
325 1608 461 1650 planius,
478 1620 549 1651 quae
565 1609 782 1651 perquirimus,
797 1609 987 1642 inventuros.
1033 1609 1208 1641 Videturne
1234 1608 1291 1640 tibi
1307 1607 1489 1650 philosophi
1504 1607 1639 1639 officium

179 1671 247 1693 esse
262 1662 373 1694 sectari
397 1673 461 1700 eas,
476 1673 546 1705 quae
570 1663 769 1705 appellantur
784 1663 972 1705 voluptates,
988 1662 1096 1706 quales
1119 1668 1191 1694 sunt
1211 1662 1372 1705 epularum
1395 1667 1490 1704 atque
1513 1661 1642 1703 poculo-

181 1716 274 1746 rum?
318 1715 398 1747 Sur.
420 1716 557 1748 Minime
570 1717 710 1759 quidem,
727 1728 746 1748 ο
767 1717 921 1749 Socrates.
966 1717 1022 1748 So.
1045 1717 1107 1749 Sed
1133 1717 1275 1759 nunquid
1292 1716 1515 1748 venereorum?
1559 1715 1642 1747 Srrtr.

180 1768 280 1801 Nullo
296 1771 402 1802 modo.
449 1771 504 1802 So.
528 1771 639 1808 Quid?
663 1771 815 1813 reliquum
837 1772 975 1813 corporis
990 1771 1110 1803 cultum
1135 1782 1175 1802 an
1200 1771 1289 1803 multi
1311 1771 1413 1803 facere
1435 1770 1640 1812 philosophus

182 1822 239 1854 tibi
251 1823 396 1855 videtur?
418 1830 453 1856 ut
475 1825 588 1856 habere
603 1830 704 1857 vestes
720 1825 860 1867 egregias
883 1825 1071 1867 calceosque
1094 1831 1125 1857 et
1151 1825 1223 1863 alia,
1239 1835 1309 1868 quae
1331 1824 1415 1856 circa
1439 1834 1551 1865 corpus
1567 1827 1640 1854 sunt

180 1883 384 1919 ornamenta3
408 1884 508 1911 utrum
525 1879 614 1910 multi
628 1879 730 1911 facere
743 1879 797 1910 tibi
812 1879 945 1916 videtur.
962 1889 1002 1909 an
1017 1879 1105 1910 nihili
1122 1880 1271 1920 pendere,
1286 1879 1345 1910 nisi
1359 1882 1513 1920 quatenus
1528 1887 1642 1918 magna

182 1936 277 1973 cogat
299 1931 468 1963 necessitas
491 1931 554 1964 illis
579 1932 649 1963 uti?
708 1932 787 1963 Sim.
812 1932 894 1963 Mihi
920 1932 1046 1973 quidem
1075 1933 1198 1964 videtur
1227 1943 1316 1964 verus
1338 1932 1543 1974 philosophus
1572 1931 1641 1962 haec

183 1985 289 2017 omnia
303 1986 544 2028 floccipendere.
591 1986 649 2018 So,
674 1986 727 2018 An
750 1997 814 2018 non
837 1986 894 2018 tibi
909 1987 1031 2017 videtur
1049 1987 1206 2029 ejusmodi
1221 1987 1357 2018 studium
1372 1986 1456 2017 haud
1472 1985 1512 2016 ad
1527 1995 1642 2026 corpus

180 2039 309 2081 quidem
325 2040 492 2077 declinare,
508 2041 574 2078 sed,
589 2047 739 2083 quantum
756 2041 822 2072 fieri
838 2046 954 2082 potest,
969 2041 1008 2072 ab
1024 2041 1079 2072 illo
1096 2041 1256 2072 discedere
1279 2047 1373 2083 atque
1393 2040 1432 2071 ad
1449 2039 1586 2071 animum
1604 2049 1636 2070 se

178 2094 381 2125 convertere?
427 2094 506 2125 Suu.
531 2094 613 2125 Mihi
635 2094 774 2137 quidem.
818 2095 875 2126 So.
898 2094 1014 2126 Nonne
1032 2094 1126 2137 igitur
1149 2095 1180 2126 in
1202 2095 1360 2136 ejusmodi
1389 2095 1480 2126 rebus
1505 2094 1639 2135 primum

178 2146 343 2179 manifeste
359 2154 489 2189 apparet
504 2148 708 2191 philosophus
723 2154 834 2191 praeter
845 2155 964 2181 ceteros
978 2149 1118 2180 homines
1142 2148 1218 2191 [65]
1242 2149 1391 2190 animum,
1403 2158 1496 2190 quam
1509 2147 1639 2178 maxime

179 2204 297 2242 potest,
311 2211 330 2232 a
345 2202 532 2234 commercio
555 2202 694 2245 corporis
716 2204 900 2245 segregare?
946 2203 1025 2234 Suu.
1048 2203 1202 2245 Apparet.
1246 2202 1301 2234 So.
1326 2203 1444 2234 Putant
1459 2212 1529 2234 vero
1545 2201 1639 2243 pleri-

179 2263 254 2296 que,
270 2265 289 2286 ο
302 2254 442 2293 Simmia,
458 2266 528 2287 eum
544 2256 713 2294 hominem,
729 2257 781 2289 cui
796 2256 874 2288 nihil
890 2256 999 2288 talium
1013 2257 1106 2288 dulce
1122 2256 1162 2287 sit
1182 2267 1285 2298 neque
1306 2256 1369 2288 illis
1391 2256 1520 2297 fruatur,
1534 2265 1639 2286 revera

179 2308 282 2340 vivere
297 2309 536 2341 existimandum
562 2320 625 2341 non
652 2321 732 2351 esse,
748 2311 803 2342 sed
827 2321 918 2352 paene
939 2315 1106 2352 mortuum,
1128 2321 1199 2343 curn
1215 2311 1391 2352 voluptates
1416 2309 1552 2351 eorporis
1573 2319 1638 2339 non

178 2361 343 2404 percipiat.
387 2364 466 2396 Sm.
493 2363 659 2395 Verissima
674 2375 788 2396 narras.
833 2365 889 2396 So.
914 2365 1000 2402 Quid
1017 2369 1121 2396 autem
1136 2365 1218 2397 circa
1233 2364 1394 2406 sapientiae
1415 2363 1514 2406 ipsius
1530 2362 1638 2404 acqui-

178 2415 321 2447 sitionem
335 2417 347 2447 ἓ
370 2422 472 2448 utrum
489 2417 712 2460 impedimento
729 2424 776 2450 est
791 2429 917 2461 corpus,
932 2419 958 2451 si
974 2419 1044 2461 quis
1059 2419 1295 2462 ipsumlsocium
1319 2419 1359 2450 ad
1381 2418 1635 2459 investigandum

178 2470 399 2511 assumpserit:
421 2472 547 2503 necne?
570 2472 662 2514 quale
678 2473 798 2515 utique,
814 2472 877 2504 tale
898 2472 1017 2515 aliquid
1042 2473 1127 2504 dico.
1171 2472 1341 2504 Habentne
1355 2472 1438 2503 visus
1459 2477 1492 2503 et
1513 2471 1639 2503 auditus

178 2523 338 2555 veritatem
354 2524 388 2556 in
402 2525 754 2569 >hominibus-aliquam?
779 2538 818 2558 an
842 2526 918 2558 talia
939 2527 1083 2569 quaedam
1110 2527 1170 2569 ipsi
1187 2537 1313 2569 quoque
1330 2531 1432 2568 poetae
1447 2536 1568 2567 semper
1583 2536 1636 2557 ca-

178 2582 271 2617 nunt,
287 2577 366 2609 nihil
380 2587 437 2610 nos
451 2579 570 2617 audire,
584 2579 662 2611 nihil
678 2581 782 2612 videre
798 2580 952 2612 sincerum
965 2581 976 2612 ἓ
1024 2580 1126 2622 Atqui
1151 2580 1176 2611 si
1187 2580 1222 2617 vii
1245 2580 1382 2621 corporis
1405 2589 1512 2611 sensus
1526 2577 1638 2610 sinceri

177 2630 316 2672 certique
338 2641 403 2662 non
426 2637 511 2674 sunt,
526 2643 628 2675 neque
650 2633 743 2665 etiam
765 2633 840 2665 alii:
866 2635 986 2677 quippe
1009 2645 1080 2666 cum
1099 2634 1196 2666 ceteri
1220 2644 1327 2665 omnes
1341 2633 1389 2664 his
1404 2632 1635 2675 quodammodo

179 2684 347 2716 deteriores
361 2685 433 2717 sint.
455 2695 495 2717 an
511 2697 575 2718 non
600 2687 656 2718 tibi
672 2688 840 2720 videntur?
886 2688 966 2720 Stra.
991 2688 1131 2720 Prorsus.
1176 2687 1235 2719 So.
1255 2687 1392 2724 Quando
1416 2687 1510 2728 igitur
1532 2685 1634 2716 animo

177 2738 337 2770 veritatem
362 2739 510 2782 attingit?
533 2742 660 2782 quando
682 2742 765 2773 enim
788 2742 907 2784 aliquid
929 2753 1000 2774 eum
1023 2752 1152 2784 corpore
1175 2746 1276 2773 tentat
1300 2740 1498 2782 investigare,
1527 2737 1637 2779 procul

178 2792 276 2823 dubio
302 2793 460 2835 decipitur
482 2804 501 2825 a
522 2804 662 2836 corpore.
707 2795 787 2827 Sm.
811 2795 893 2827 Vere
917 2795 1063 2837 loqueris.
1107 2795 1164 2826 So.
1187 2794 1238 2825 An
1261 2804 1326 2825 non
1351 2792 1450 2825 sicubi
1466 2791 1588 2834 proprie
1603 2791 1636 2821 in

180 2845 250 2887 ipsa
265 2846 501 2879 ratiocinatione
524 2848 560 2878 fit
581 2848 639 2879 sibi
665 2849 784 2891 aliquid
807 2859 925 2887 eorum,
942 2859 1013 2891 quae
1028 2859 1098 2880 vere
1115 2853 1197 2886 sunt,
1221 2847 1442 2879 manifestum?
1486 2844 1564 2875 Suu.
1587 2843 1637 2874 Ita

182 2905 240 2931 est.
285 2899 340 2934 So.
363 2901 583 2933 Ratiocinatur
605 2907 709 2934 autem
735 2908 809 2935 tunc
837 2904 968 2945 optime,
984 2903 1110 2944 quando
1136 2904 1244 2934 horum
1271 2901 1349 2933 nihil
1370 2910 1442 2931 eum
1466 2898 1636 2940 perturbat,

183 2962 286 2994 neque
309 2955 434 2987 auditus
459 2967 562 2998 neque
578 2957 671 2995 visus,
688 2967 790 2999 neque
813 2957 901 2989 dolor
924 2968 1026 2999 neque
1041 2958 1184 2998 voluptas
1198 2969 1203 2986 :
1230 2957 1283 2988 sed
1299 2965 1392 2997 quam
1409 2953 1536 2983 maxime
1553 2951 1635 2992 scip-

184 3015 250 3037 sum
265 3006 299 3038 in
312 3018 342 3040 se
359 3010 524 3052 recipiens,
541 3011 652 3044 deserit
681 3022 805 3054 corpus,
821 3022 921 3053 neque
947 3011 1124 3055 quicquam,
1147 3012 1250 3053 quoad
1275 3009 1338 3041 ficri
1356 3011 1469 3050 potest,
1486 3015 1555 3038 cum
1570 3003 1634 3048 *illo
