1846 3268
256 250 307 288 88
854 247 1121 296 PLAToms
1630 256 1727 307 [163

258 354 323 385 bat.
366 351 454 384 Dum
467 351 514 384 ita
529 351 721 394 loqueretur,
737 350 865 383 subrisit
879 351 1078 391 Charmides,
1095 353 1289 396 Critiamque
1304 355 1438 398 aspexit.
1483 355 1596 389 Critias
1610 363 1728 396 autem.

255 407 333 439 licet
345 412 420 439 ante
431 407 471 438 ad
484 406 701 438 disserendum
716 406 864 437 adversus
876 405 1077 438 Charmidem
1090 407 1231 450 aliosque
1240 409 1417 450 cupiditate
1429 409 1536 451 gloriae
1548 410 1730 452 instigatus,

251 472 284 494 se
299 462 451 494 hactenus
465 460 674 498 continuerat,
687 461 743 492 sed
760 460 889 492 ulterius
909 460 950 491 ad
963 458 1032 492 haec
1048 471 1080 492 se
1094 462 1256 494 continere
1270 473 1336 494 non
1349 463 1454 505 potuit
1471 475 1479 495 ι
1503 464 1667 507 visumque
1677 469 1728 497 est

253 516 330 548 mihi
344 526 451 548 verum
465 526 545 553 esse,
572 516 658 558 quod
674 515 792 546 fueram
807 514 996 555 suspicatus,
1021 513 1106 546 illam
1122 515 1244 547 scilicet
1259 516 1300 548 de
1314 518 1523 559 temperantia
1537 519 1728 561 superiorem

253 571 441 603 sententiam
457 581 476 601 a
489 570 592 603 Critia
616 569 818 602 Charmidem
845 568 1016 610 accepisse.
1061 570 1170 608 Quare
1186 570 1372 603 Charmides
1390 571 1502 603 nolens
1515 572 1584 615 ipse
1597 582 1731 615 respon·

253 636 321 657 sum
335 625 442 668 tutari,
465 630 499 657 et
514 626 599 657 hunc
625 625 658 656 in
679 624 809 657 Critiam
831 623 968 655 laborem
992 623 1122 666 rejicere
1146 624 1290 666 cupiens,
1317 635 1389 657 eum
1411 625 1502 667 quasi
1526 627 1727 669 redargutum

252 680 413 712 ostendit:
437 681 524 722 quod
550 680 604 711 ille
630 679 758 710 minime
784 678 939 714 toleravit,
966 677 1030 709 imo
1058 679 1204 710 adversus
1234 689 1307 710 eum
1329 680 1414 710 haud
1437 690 1527 712 secus
1548 680 1729 722 indignatus

252 734 348 766 fuisse
363 734 498 772 videtur,
524 744 562 766 ac
587 733 686 775 poeta
710 733 859 764 adversus
885 731 1067 763 histrionem
1094 731 1206 774 inepte
1235 743 1293 764 sua
1321 731 1471 774 poeinata
1499 739 1728 768 recensentem.

251 787 396 830 Ideoque
409 788 499 820 illum
513 786 660 826 intuitus,
684 787 778 818 Itane
800 791 905 828 putas,
930 786 1127 824 Charmides,
1153 786 1178 817 si
1206 791 1240 818 tn
1255 797 1455 830 nequaquam
1471 787 1636 830 intelligis,
1656 789 1729 832 quis

252 842 322 884 ejus
336 842 431 874 fuerit
444 853 566 883 sensus,
582 842 637 884 qui
652 851 743 883 agere
759 851 815 872 sua
826 840 1063 882 temperantiam
1080 851 1147 872 esse
1161 842 1304 879 asseruit,
1332 852 1437 884 neque
1450 842 1554 884 ipsum
1569 842 1666 875 etiam
1679 843 1730 875 in·

250 896 418 939 telligere?
464 897 494 929 Ο
512 897 558 928 vir
567 897 699 938 optime,
709 896 852 938 inquam,
863 895 941 926 nihil
955 895 1066 926 mirum
1082 900 1144 937 est,
1167 896 1252 928 hunc
1267 896 1538 929 adolescentulum
1553 908 1618 930 non
1631 898 1726 930 intel·

249 952 360 994 ligere.
384 956 416 983 te
431 962 504 983 vero
520 951 636 983 decens
651 954 700 982 est
714 950 782 981 haec
797 959 1000 991 cognoscere,
1016 955 1049 981 et
1062 949 1176 987 aetatis,
1201 955 1234 982 et
1250 950 1346 982 studii
1360 961 1466 984 causa.
1510 951 1544 983 Si
1559 962 1634 994 ergo
1649 962 1726 984 con·

249 1006 352 1037 firmas
367 1011 400 1037 et
413 1005 494 1047 ipse,
509 1004 748 1046 temperantiam
764 1014 832 1035 esse
847 1003 934 1045 quod
950 1003 1003 1035 hic
1017 1003 1108 1041 dixit,
1119 1014 1357 1047 sermonemque
1367 1006 1453 1038 hunc
1468 1006 1614 1048 suscipis,
1624 1006 1726 1039 liben-

250 1060 312 1091 tius
327 1064 445 1097 tecum,
461 1064 564 1090 utrum
579 1059 612 1090 id
628 1068 734 1090 verum
751 1058 803 1096 sit,
819 1068 932 1095 necne,
947 1057 1118 1100 indagabo.
1164 1059 1245 1091 em.
1269 1058 1430 1091 Confirmo
1445 1060 1594 1103 equidem
1609 1065 1643 1092 et
1656 1071 1727 1094 sus·

248 1114 347 1157 cipio.
380 1115 438 1147 So.
456 1113 559 1146 Recte
574 1113 651 1155 agis.
668 1113 732 1150 dic,
748 1113 891 1150 obsecro,
903 1112 1017 1144 Utrum
1034 1123 1104 1155 quae
1121 1113 1215 1154 paulo
1231 1118 1304 1145 ante
1315 1113 1726 1156 quaerebam,admitfls,ar·

248 1169 350 1201 tifices
365 1168 515 1200 videlicet
529 1179 636 1200 omnes
652 1167 772 1210 aliquid
782 1167 905 1199 facere?
942 1167 1023 1200 Ciu.
1047 1167 1216 1210 Equidem.
1255 1169 1311 1200 So.
1335 1168 1496 1201 Videntur
1510 1168 1568 1200 tibi
1582 1178 1640 1202 sua
1654 1175 1725 1202 tan-

248 1228 327 1262 tum,
342 1223 439 1266 [163]
455 1234 495 1254 an
505 1223 609 1255 aliena
623 1223 753 1265 insuper
765 1222 890 1254 facere?
919 1222 1000 1256 Car.
1024 1221 1142 1254 Aliena
1152 1232 1293 1265 quoque·
1324 1223 1382 1255 So.
1392 1222 1616 1266 Temperanter
1627 1228 1727 1266 agunt

248 1278 370 1320 itaque,
385 1278 514 1320 quinon
525 1288 582 1309 sna
594 1282 717 1309 tantum
726 1277 870 1308 faciunt?
893 1276 975 1308 ΟΜ.
993 1277 1081 1315 Quid
1094 1277 1262 1319 prohibet?
1299 1277 1358 1310 So.
1373 1277 1470 1315 Quod
1481 1277 1522 1310 ad
1531 1288 1582 1310 me
1590 1283 1725 1320 spectat,

249 1333 330 1365 nihil
344 1345 351 1364 ε
377 1333 432 1364 sed
447 1333 532 1370 vide,
557 1343 598 1363 ne
614 1332 691 1374 quid
708 1332 794 1374 apud
809 1342 882 1363 eum
897 1331 1074 1374 prohibeat,
1101 1331 1156 1373 qui
1171 1342 1242 1363 eum
1259 1332 1472 1374 supposuerit,
1486 1332 1726 1374 temperantiam

250 1398 318 1420 esse
334 1398 426 1430 agere
436 1398 503 1424 sua,
519 1387 636 1419 deinde
652 1391 757 1418 tamen
773 1385 818 1417 ait
830 1386 911 1418 nihil
926 1386 1062 1424 obstare,
1078 1387 1155 1428 quin
1169 1391 1203 1418 et
1216 1386 1278 1427 illi,
1292 1386 1349 1429 qui
1363 1387 1466 1418 aliena
1477 1391 1590 1428 agunt,
1602 1391 1727 1429 tempe·

248 1442 306 1474 rati
322 1442 396 1474 sint.
422 1441 502 1474 Cur.
525 1441 681 1474 concessi
691 1440 851 1483 equidem,
861 1451 927 1478 eoa,
940 1441 996 1484 qui
1006 1441 1108 1472 aliena
1121 1446 1231 1483 agunt,
1241 1445 1430 1483 temperatos
1444 1451 1532 1474 esse:
1557 1451 1598 1472 an
1610 1446 1644 1472 et
1657 1451 1724 1480 eos,

251 1497 306 1539 qui
321 1496 455 1534 faciunt,
471 1502 519 1528 est
533 1495 740 1528 concessum?
786 1495 843 1527 So.
866 1494 931 1526 Dic
947 1495 1035 1532 mihi,
1052 1495 1165 1536 Crifia,
1181 1506 1246 1527 non
1260 1496 1343 1528 idem
1359 1506 1453 1527 vocas
1467 1506 1560 1537 agere
1575 1500 1671 1537 atque
1679 1495 1726 1528 fa-

249 1551 343 1583 cere?
392 1550 474 1582 Car.
495 1550 573 1593 Non
586 1555 669 1582 certe
684 1561 691 1581 ε
716 1560 820 1592 neque
835 1549 919 1580 idem
936 1549 1058 1591 operari
1074 1560 1111 1581 ac
1123 1550 1236 1581 facere.
1260 1560 1332 1582 nam
1347 1549 1381 1581 id
1396 1550 1436 1582 ab
1452 1549 1596 1582 Hesiodo
1611 1549 1724 1589 didici,

248 1606 303 1648 qui
320 1605 376 1643 ait,
397 1605 489 1647 Opus
502 1604 624 1636 nullum
640 1609 730 1646 turpe
745 1614 823 1636 esse.
870 1603 922 1635 An
939 1614 1061 1642 censeS,
1087 1604 1203 1646 ipsum,
1219 1604 1246 1636 si
1261 1604 1337 1636 talia
1351 1605 1497 1647 quaedam
1511 1615 1609 1646 opera
1622 1604 1726 1637 nomi-

248 1665 366 1698 nasset,
385 1659 568 1702 operarique
583 1664 617 1691 et
631 1669 734 1701 agere,
755 1658 861 1700 qualia
871 1663 907 1691 tu
917 1662 1013 1701 sup'ra
1023 1659 1181 1701 narrabas,
1201 1659 1296 1691 fuisse
1308 1659 1478 1696 dicturum,
1503 1669 1586 1702 opus
1599 1658 1723 1692 nullum

250 1715 398 1758 cuiquam
415 1720 518 1756 turpe,
534 1725 590 1746 seu
612 1713 696 1760 coria
717 1713 884 1751 incidenti,
908 1723 967 1745 ceu
982 1713 1122 1756 cauponi
1137 1713 1341 1745 condimenta
1353 1714 1549 1756 obsoniaque
1563 1713 1726 1752 vendenti,

246 1770 359 1802 sivein
374 1771 502 1802 taberna
522 1768 666 1801 sedenti?
710 1768 807 1799 Haud
833 1768 878 1799 ita
901 1769 1106 1806 censendum,
1131 1779 1150 1800 o
1175 1768 1329 1800 Socrates.
1351 1768 1446 1800 immo
1461 1778 1535 1800 vero
1559 1767 1626 1805 ille,
1649 1778 1722 1801 meo

247 1825 376 1867 quidem
388 1824 525 1866 judicio,
540 1823 741 1856 effectionem
757 1823 843 1854 aliud
867 1833 962 1865 quam
986 1822 1143 1855 actionem
1163 1829 1196 1854 et
1219 1824 1433 1865 operationem
1457 1822 1667 1855 existimavit:
1691 1827 1725 1855 et

245 1879 445 1912 effectionem
461 1879 588 1921 quidem
612 1878 768 1910 interdum
795 1877 967 1920 opprobrio
991 1888 1071 1915 esse,
1093 1878 1221 1920 quando
1245 1877 1320 1919 quid
1337 1882 1449 1919 praeter
1462 1878 1628 1909 honestum
1642 1876 1722 1909 faci-

247 1945 328 1976 mus,
342 1945 422 1976 opus
438 1939 542 1965 autem
559 1933 679 1964 nullum
700 1943 840 1975 unquam
867 1932 1016 1964 dedecori
1032 1933 1120 1964 nobis
1137 1932 1331 1974 contingere.
1354 1942 1425 1973 quae
1440 1931 1526 1963 enim
1541 1932 1673 1963 honeste
1687 1935 1722 1963 et

247 1988 367 2020 utiliter
381 1988 474 2025 fiunt,
491 1998 586 2030 opera
608 1987 830 2029 nuncupavit;
853 1986 1114 2029 operationesque
1131 1987 1164 2018 et
1177 1985 1331 2022 actiones,
1358 1985 1543 2017 effectiones
1563 1985 1718 2027 quasdam

246 2043 439 2085 hujusmodi.
484 2041 736 2074 Existimandum
764 2046 927 2084 praeterea,
948 2040 1036 2072 illum
1062 2041 1129 2073 sola
1152 2041 1220 2072 haec
1235 2040 1363 2083 propria
1375 2050 1443 2071 esse
1455 2050 1602 2072 censere:
1626 2039 1721 2071 noxia

245 2108 318 2129 vero
330 2098 447 2139 omnia,
463 2097 589 2139 penitus
604 2096 718 2129 aliena.
764 2096 977 2134 Quamobrem
999 2095 1139 2126 arbitrari
1155 2100 1291 2137 oportet,
1317 2100 1350 2127 et
1363 2094 1551 2132 Hesiodum,
1576 2098 1609 2126 et
1620 2093 1718 2126 alium

245 2162 502 2194 unumquemque
518 2161 602 2183 sanae
619 2151 731 2182 mentis
746 2150 858 2191 virum,
873 2150 1032 2182 hominem
1047 2150 1091 2181 ita
1106 2160 1163 2181 sua
1185 2155 1343 2191 agentem.
1369 2153 1578 2190 temperatum
1594 2158 1716 2180 vocare.

246 2208 302 2240 So.
328 2206 358 2238 Ο
374 2206 484 2243 Critia,
500 2216 571 2238 cum
588 2206 719 2248 primum
737 2205 825 2247 loqui
840 2205 986 2247 coepisti,
1002 2205 1141 2246 percepi,
1155 2209 1186 2236 te
1199 2204 1323 2246 propria
1333 2209 1365 2235 et
1375 2213 1431 2234 sua
1443 2202 1611 2245 cujusque,
1634 2203 1719 2234 bona

245 2261 363 2299 dicere,
387 2261 602 2303 bonorumque
627 2259 822 2297 effectiones,
846 2259 985 2291 actiones
1010 2258 1222 2290 denominare.
1245 2257 1362 2289 etenim
1388 2267 1530 2299 persaepe
1546 2257 1717 2289 Prodicum

244 2315 365 2353 audivi,
380 2316 464 2347 hunc
474 2315 506 2346 in
522 2315 649 2346 modurn
659 2314 788 2346 nomina
801 2314 1060 2356 distinguentem.
1104 2312 1256 2345 Concedo
1272 2312 1419 2354 equidem
1435 2311 1492 2343 tibi
1515 2321 1573 2354 pro
1588 2311 1716 2342 arbitrio

245 2369 424 2401 nominibus
447 2369 513 2400 uti:
538 2369 633 2399 modo
656 2368 688 2399 id
712 2368 863 2406 declares,
886 2367 964 2410 quid
986 2367 1112 2398 nomine
1135 2377 1262 2408 quoque
1285 2366 1459 2408 significare
1483 2365 1573 2398 velis.
1617 2365 1715 2397 Nunc

243 2425 338 2466 igitur
350 2424 462 2455 iterum
479 2434 498 2454 a
513 2423 670 2465 principio
686 2422 799 2454 clarius
814 2423 959 2460 definito,
974 2426 1076 2453 utrum
1088 2422 1240 2452 bonorum
1255 2420 1424 2460 actionem,
1439 2419 1489 2452 vel
1504 2418 1717 2456 effectionem,

243 2480 294 2512 vel
317 2479 604 2521 quomodocunque
629 2478 705 2509 velis
730 2478 820 2509 aliter
843 2477 1016 2518 nominare,
1040 2476 1279 2518 temperantiam
1305 2486 1373 2506 esse
1397 2475 1494 2507 dicas.
1539 2475 1619 2506 Car.
1642 2473 1716 2505 Hoc

243 2535 345 2576 ipsum
362 2533 522 2575 equidem,
566 2533 622 2564 So.
647 2532 723 2564 Non
745 2542 818 2574 ergo
846 2535 1054 2574 temperanter
1079 2531 1156 2572 agit,
1182 2530 1238 2572 qui
1263 2529 1355 2567 mala,
1370 2530 1426 2560 sed
1442 2529 1496 2571 qui
1513 2529 1596 2560 bona
1611 2527 1717 2573 potius

244 2589 321 2631 agit.
367 2588 448 2620 Cas.
471 2587 543 2619 Tibi
560 2597 643 2624 vcro,
659 2597 678 2618 o
695 2587 776 2618 bone
794 2586 849 2624 vir,
864 2595 970 2617 nonne
984 2584 1017 2616 id
1033 2584 1181 2616 videtur?
1226 2584 1283 2616 So.
1307 2584 1404 2615 Mitte
1421 2584 1504 2615 istud
1519 2584 1555 2616 in
1577 2593 1714 2626 praesen-

242 2644 298 2674 tia.
320 2642 461 2674 nondum
488 2642 573 2684 quod
599 2642 677 2672 mihi
704 2641 840 2682 videtur,
871 2650 977 2671 verum
1005 2639 1092 2682 quod
1120 2639 1189 2681 ipse
1219 2639 1311 2677 dicis,
1341 2638 1585 2670 consideramus.
1629 2636 1712 2670 Cu-

242 2698 411 2729 Enimvero
438 2706 598 2738 nunquam
616 2701 787 2736 temperate
813 2695 902 2727 illurn
923 2705 1014 2736 agere
1029 2693 1244 2736 praedicarem,
1271 2694 1327 2735 qui
1343 2704 1406 2724 non
1423 2693 1518 2731 bona,
1536 2692 1593 2724 sed
1618 2691 1715 2728 mala.

243 2757 327 2794 agat.
349 2761 422 2782 nam
440 2750 537 2792 [164]
563 2750 719 2789 actionem
743 2750 841 2792 ipsam
859 2750 1011 2781 bonorum
1036 2748 1275 2790 temperantiam
1298 2758 1366 2780 esse
1389 2747 1553 2779 manifeste
1578 2745 1715 2778 definio.

243 2807 301 2838 So.
323 2806 417 2838 Forte
430 2805 509 2836 nihil
525 2804 679 2846 prohibet,
695 2804 774 2846 quin
787 2815 858 2836 vere
883 2803 1030 2846 loquaris.
1053 2803 1114 2835 hoc
1140 2808 1245 2834 tamen
1261 2802 1410 2844 admiror,
1434 2801 1461 2833 si
1475 2800 1617 2832 homines
1633 2805 1714 2832 tem·

241 2865 350 2904 pcrate
377 2863 505 2902 agentes
532 2859 673 2901 ignorare
699 2864 802 2900 putas,
827 2859 912 2901 quod
935 2863 1106 2901 temperate
1127 2862 1232 2900 agant.
1279 2858 1360 2890 Car.
1381 2855 1592 2898 Nequaquam
1618 2859 1714 2897 puto.

242 2917 299 2949 So.
321 2915 374 2947 An
397 2925 461 2946 non
486 2914 582 2956 paulo
609 2918 682 2944 ante
704 2914 759 2944 abs
782 2918 812 2945 te
835 2914 955 2946 dictum
976 2918 1035 2953 est,
1061 2913 1149 2955 quod
1164 2912 1243 2943 nihil
1267 2911 1399 2943 artifices
1422 2909 1580 2953 prohibet,
1607 2908 1711 2941 aliena

244 2971 339 3003 etiam
363 2969 526 3008 facientes,
563 2973 772 3011 temperanter
795 2968 923 3001 vivere?
981 2968 1062 3003 ΟΜ.
1098 2967 1231 3000 Dictum
1258 2965 1400 3011 profecto
1414 2976 1424 2998 ι
1457 2965 1515 2999 aed
1537 2963 1616 3008 quid
1645 2969 1712 2997 tum
