1846 3268
613 605 1203 658 CHARMIDES.

356 789 598 830 SOCRATES,
621 788 934 833 CHAEREPHON,
958 788 1154 825 CRITIAS,
1179 787 1461 821 CHARMIDES.

171 1034 270 1077 [153]
294 1033 389 1065 Haar
412 1044 484 1066 cum
511 1033 552 1064 ad
578 1042 740 1075 vesperam
764 1032 909 1064 Potidaea
938 1032 978 1062 ab
1006 1031 1146 1063 exercitu
1175 1029 1348 1072 rediissem,
1374 1030 1516 1072 protinus
1542 1030 1643 1062 solitas

170 1088 400 1120 exercitationis
423 1088 506 1125 loca,
531 1091 642 1130 utpote
665 1087 721 1129 qui
745 1087 801 1118 diu
821 1087 1003 1126 abfuissem,
1027 1095 1199 1127 properans
1213 1084 1360 1126 repetivi,
1388 1094 1425 1116 ac
1450 1083 1562 1116 Taurei
1588 1095 1642 1125 pa-

171 1142 319 1183 laestmm,
335 1151 406 1184 quae
423 1152 441 1173 e
456 1145 628 1183 conspectu
652 1145 701 1172 est
725 1140 897 1182 majestatis
921 1139 1015 1181 regiae
1040 1138 1163 1180 templi,
1179 1146 1247 1169 sum
1264 1139 1432 1180 ingressus.
1457 1138 1511 1169 ubi
1525 1138 1642 1169 multos

171 1196 311 1238 comperi
325 1196 436 1238 partim
454 1195 578 1237 ignotos
593 1195 681 1232 mibi,
706 1194 820 1237 partim
841 1198 946 1232 notos,
972 1198 1005 1225 et
1029 1192 1158 1234 quidem
1185 1193 1312 1234 primos.
1357 1192 1513 1230 Quicum
1540 1203 1589 1223 me
1605 1203 1643 1223 ex

171 1250 331 1292 insperato
347 1250 511 1288 vidissent,
528 1249 622 1291 longe
637 1249 847 1291 congratulati
863 1253 937 1279 sunt
951 1247 1079 1278 aliunde
1095 1247 1174 1278 alius
1190 1252 1398 1278 occurrentes.
1443 1246 1642 1288 Chaerephon

169 1304 340 1346 praecipue,
365 1307 478 1345 utpote
500 1307 611 1333 natura
633 1302 831 1338 concitatior,
858 1314 875 1332 e
897 1301 999 1332 medio
1026 1300 1127 1331 statim
1145 1301 1311 1342 prosiliens
1326 1300 1470 1342 accurrit,
1494 1311 1531 1332 ac
1546 1311 1641 1331 manu

169 1368 220 1389 me
235 1357 444 1399 prehendens,
461 1356 490 1388 Ο
510 1357 666 1396 Socrates,
680 1356 797 1397 inquit,
823 1365 887 1397 quo
904 1359 997 1396 pacto
1014 1354 1180 1386 incolumis
1196 1355 1322 1386 evasisti
1338 1355 1348 1385 ?
1372 1365 1444 1386 narn
1460 1355 1555 1397 paulo
1570 1360 1645 1387 ante

169 1422 262 1454 quam
277 1411 444 1452 abiremus,
458 1410 543 1452 apud
559 1410 735 1442 Potidaeam
758 1420 865 1451 pugna
888 1409 1053 1441 commissa
1076 1413 1136 1446 est,
1164 1419 1258 1450 quam
1285 1409 1318 1440 hi
1339 1420 1442 1451 nuper
1465 1409 1640 1441 audierant.

169 1466 214 1497 At
229 1466 272 1496 illi
288 1476 348 1507 ego
362 1465 570 1506 respondens,
583 1463 647 1505 Ita,
662 1463 807 1505 inquam,
822 1468 857 1495 ut
872 1463 984 1500 cernis,
997 1463 1093 1494 evasi.
1138 1462 1329 1494 Nuntiatum
1344 1463 1436 1495 nobis
1451 1469 1511 1506 est,
1526 1463 1642 1506 inquit,

168 1530 306 1562 pugnam
322 1519 501 1551 acerrimam
516 1518 672 1559 extitisse,
699 1523 794 1560 atque
813 1519 845 1549 iu
869 1528 906 1550 ea
922 1518 1073 1560 plurimos
1089 1517 1180 1548 nobis
1194 1522 1287 1549 notos
1303 1518 1498 1551 occubuisse.
1543 1518 1640 1556 Vera,

168 1574 309 1616 inquam,
338 1573 428 1605 vobis
453 1572 599 1604 nuntiata
621 1573 759 1604 fuerunt.
814 1571 868 1603 An
898 1577 944 1610 tu,
974 1571 1092 1614 inquit,
1120 1572 1230 1613 proelio
1255 1571 1450 1604 interfuisti?
1494 1572 1642 1606 Interfui.

168 1629 252 1660 Sede
265 1628 329 1666 hic,
346 1628 502 1670 nobisque
519 1637 640 1660 enarra.
663 1627 805 1658 nondum
828 1627 913 1659 enim
941 1631 1049 1668 aperte
1072 1626 1177 1658 omnia
1191 1626 1414 1658 intelleximus.
1458 1625 1518 1658 His
1533 1626 1640 1664 dictis,

166 1693 218 1715 me
241 1693 339 1725 prope
365 1681 496 1715 Critiam
520 1681 700 1714 Callaeschri
724 1682 823 1712 filium
839 1682 947 1713 sedere
957 1680 1064 1722 jussit.
1107 1681 1231 1712 Sedens
1254 1681 1375 1724 itaque,
1401 1680 1508 1713 Critiae
1523 1686 1556 1712 et
1570 1680 1639 1712 aliis

167 1737 402 1780 congratulatus
419 1747 486 1767 sum
502 1737 601 1778 primo
616 1747 625 1767 ε
647 1736 764 1767 deinde
778 1747 849 1778 quae
861 1737 896 1768 in
911 1735 986 1768 belli
1000 1735 1204 1777 expeditione
1220 1735 1428 1777 contigerant,
1454 1739 1490 1765 ut
1505 1735 1639 1777 quisque

167 1790 346 1833 requirebat
361 1790 458 1834 (alius
481 1791 565 1822 enim
592 1790 678 1822 aliud
706 1790 896 1833 appetebat)
921 1790 1075 1822 recensui.
1099 1800 1169 1821 cum
1190 1800 1262 1821 vero
1278 1790 1319 1820 de
1333 1790 1381 1820 his
1395 1789 1486 1820 rebus
1511 1789 1638 1820 abunde

167 1845 267 1877 locuti
281 1855 430 1883 essemus,
455 1855 557 1876 mrsus
584 1856 644 1887 ego
659 1844 731 1876 illos
745 1844 947 1887 interrogavi,
970 1854 1115 1886 quaenam
1131 1848 1215 1876 esset
1229 1844 1276 1874 his
1292 1843 1482 1885 temporibus
1498 1843 1638 1884 philoso-

166 1899 251 1942 phiae
276 1899 429 1936 conditio,
457 1904 489 1931 et
515 1899 571 1941 qui
591 1904 696 1931 essent
718 1899 936 1931 adolescentes
949 1899 1001 1930 vel
1025 1898 1191 1941 sapientia,
1206 1898 1256 1930 vel
1271 1898 1390 1935 indole,
1416 1898 1465 1929 vel
1485 1898 1640 1939 utrisque,

165 1953 318 1996 praeclari.
363 1953 454 1986 Tunc
484 1953 599 1985 Critias
625 1963 731 1985 versus
758 1953 840 1985 fores
867 1953 1053 1995 inspiciens,
1077 1954 1175 1996 [154]
1198 1952 1393 1994 intuitusque
1421 1951 1638 1983 adolescentes

165 2007 322 2051 quosdam
337 2007 549 2050 ingredientes
564 2008 815 2050 altercantesque
830 2007 978 2045 invicem,
1006 2012 1039 2039 et
1053 2008 1175 2039 turbam
1193 2012 1266 2049 post
1285 2017 1340 2038 eos
1359 2006 1465 2047 aliam,
1479 2006 1636 2047 Socrates,

163 2061 281 2104 inquit,
297 2062 384 2104 quod
398 2062 438 2094 de
453 2062 595 2094 honestis
611 2062 857 2104 percontabaris,
884 2073 955 2094 mox
982 2062 1164 2104 cogniturus
1178 2062 1305 2093 videris.
1331 2071 1403 2092 nam
1419 2061 1475 2102 qui
1490 2070 1574 2091 nunc
1589 2060 1639 2091 in-

157 2115 358 2158 grediuntur,
387 2126 588 2158 praecursores
604 2122 677 2148 sunt
690 2122 907 2159 amatoresque
930 2116 1109 2158 cujusdam,
1137 2116 1193 2158 qui
1218 2115 1357 2147 omnium
1372 2115 1467 2157 hujus
1490 2114 1637 2156 temporis

163 2169 402 2201 honestissimus
417 2174 450 2201 et
464 2170 715 2212 speciosissimus
737 2171 908 2213 judicatur.
933 2171 1021 2213 atqui
1044 2171 1169 2202 videtur
1193 2175 1225 2202 et
1250 2171 1319 2212 ipse
1344 2169 1571 2211 propemodum
1586 2168 1639 2198 in-

164 2223 264 2265 gredi.
307 2224 463 2263 Quisnam
483 2224 556 2262 iste,
579 2229 612 2256 et
634 2224 725 2266 cujus
739 2225 835 2263 filius,
859 2225 1014 2267 inquam?
1059 2224 1167 2262 Nosti,
1191 2224 1306 2266 inquit,
1330 2223 1467 2265 quodam
1491 2223 1586 2253 modo
1602 2226 1635 2253 et

163 2282 211 2309 tu.
235 2277 290 2309 sed
305 2289 375 2310 cum
392 2279 466 2310 hinc
491 2278 610 2317 abiisti,
637 2280 777 2310 nondum
792 2279 983 2312 adoleverat.
1028 2279 1229 2311 Charmidem
1254 2288 1395 2315 noveras,
1421 2277 1519 2308 filiurn
1535 2276 1635 2308 Glau-

162 2331 250 2363 conis
265 2332 367 2373 patrui
393 2333 504 2371 nostri,
529 2334 703 2375 patruelem
718 2334 848 2366 meum?
893 2333 1040 2375 Cognovi
1061 2333 1222 2375 equidem.
1246 2342 1350 2374 neque
1372 2342 1451 2373 puer
1465 2336 1540 2362 tunc
1555 2341 1631 2362 cou-

163 2386 351 2417 temnendus
373 2392 465 2419 erat:
490 2398 575 2419 nunc
591 2397 664 2419 vero
690 2388 833 2419 adultum
854 2398 921 2419 esse
944 2388 1032 2419 illum
1054 2387 1122 2429 jam
1148 2387 1287 2418 arbitror.
1332 2386 1443 2417 Statim
1467 2385 1638 2427 intelliges,

163 2438 220 2480 ait,
233 2445 368 2481 quantus
382 2445 415 2472 et
426 2441 527 2483 qualis
543 2442 687 2475 evaserit.
732 2442 819 2473 Dum
834 2443 903 2474 haec
919 2442 972 2473 ille
987 2442 1080 2484 dicit,
1106 2442 1290 2474 Charmides
1305 2440 1490 2483 ingreditur.
1533 2439 1635 2481 Apud

164 2503 215 2524 me
230 2493 371 2535 quidem,
386 2504 406 2525 o
422 2494 534 2532 amice,
550 2495 636 2526 nulla
650 2496 870 2538 perpendendi
884 2495 1148 2538 discernendique
1170 2495 1314 2527 facultas.
1338 2495 1479 2537 profecto
1505 2493 1637 2536 perinde

165 2557 233 2578 sum
258 2557 332 2588 erga
352 2548 485 2579 honesta
510 2549 619 2581 indole
640 2549 751 2588 claros,
772 2561 810 2582 ac
835 2550 940 2582 album
965 2550 1052 2582 filum
1076 2550 1109 2581 in
1135 2550 1241 2592 lapide
1267 2549 1361 2581 albo:
1385 2549 1481 2580 ferme
1496 2558 1633 2589 namque

165 2610 273 2633 omnes
286 2601 442 2642 ejusmodi
453 2602 595 2634 homines
609 2603 687 2634 mihi
710 2604 881 2635 admodum
903 2604 1042 2646 placent.
1090 2604 1255 2646 Praecipue
1269 2614 1343 2635 vero
1359 2608 1434 2634 tunc
1448 2602 1503 2634 ille
1518 2607 1550 2633 et
1564 2611 1632 2633 cor-

165 2655 249 2697 poris
266 2655 462 2698 proceritate,
488 2661 520 2687 et
534 2658 660 2699 egregia
682 2658 804 2697 indole,
828 2658 987 2690 mirandus
1011 2659 1169 2701 apparuit.
1194 2659 1290 2690 ceteri
1306 2666 1410 2690 autem
1426 2667 1534 2689 omnes
1549 2655 1636 2698 capti

164 2709 235 2751 ejus
263 2720 365 2741 amore
395 2710 603 2742 videbantur:
626 2722 726 2754 usque
757 2714 838 2744 adeo
863 2713 949 2745 illius
974 2713 1116 2755 ingressu
1146 2714 1375 2756 obstupuerunt
1402 2710 1637 2755 perturbatique

165 2767 250 2795 sunt.
274 2764 364 2795 multi
380 2769 530 2806 praeterea
544 2769 625 2797 retro
641 2772 794 2799 amatores
808 2769 893 2799 hunc
910 2768 1133 2810 sequebantur.
1178 2767 1221 2798 Et
1235 2772 1387 2809 quantum
1409 2767 1450 2798 ad
1466 2766 1546 2797 viros
1561 2764 1636 2796 atti-

165 2822 232 2855 net,
247 2818 292 2848 nil
307 2817 419 2849 mirum
434 2823 482 2850 est
495 2829 503 2850 :
529 2819 584 2850 sed
601 2820 686 2860 quod
703 2825 751 2851 est
762 2821 917 2864 mirabile,
941 2832 1056 2864 pueros
1072 2822 1166 2853 etiam
1182 2821 1390 2862 consideravi,
1416 2830 1548 2862 quorum
1562 2818 1634 2849 nul-

165 2870 225 2908 lus,
245 2871 296 2903 vel
315 2872 461 2904 minimus
476 2873 590 2914 quivis,
606 2873 702 2906 aliurn
728 2885 907 2918 quenquam
933 2877 1136 2916 intuebatur3
1160 2877 1254 2907 immo
1278 2876 1369 2907 illum
1394 2875 1499 2916 ipsum
1514 2872 1632 2909 cuncti,

167 2929 314 2967 tanquam
330 2926 383 2957 dei
396 2927 564 2969 imaginem
580 2929 751 2970 quandam,
776 2931 1080 2972 contemplabantur.
1127 2930 1191 2962 Hic
1206 2931 1246 2962 ad
1261 2941 1311 2962 me
1326 2938 1492 2962 conversus
1508 2927 1633 2958 Chaere-

168 2978 266 3020 phou.
313 2980 425 3018 Qualis
442 2981 500 3014 tibi
515 2981 699 3015 adolescens
714 2983 851 3023 videtur,
878 2996 898 3017 o
912 2984 1055 3018 Socrates
1070 2985 1081 3016 ἓ
1105 2996 1145 3017 an
1168 2995 1231 3018 non
1254 2984 1423 3027 speciosam
1440 2991 1503 3025 prae
1518 2990 1550 3012 se
1566 2978 1634 3011 vul-
