1846 3268
171 298 273 351 286]
753 295 1056 338 murreus,
1562 303 1641 344 383

169 402 246 434 mibi
257 402 380 435 videtur
394 411 494 434 sermo
509 400 568 433 iste
583 407 784 443 magnopere,
798 400 883 443 quod
897 399 1046 433 videlicet
1055 399 1296 434 existimandum
1306 406 1368 444 est,
1378 402 1519 436 similiter
1527 416 1636 440 omnes

170 461 250 491 artes
265 467 332 489 sese
346 457 461 489 habere
475 454 641 497 majusque
656 453 748 486 simul
770 459 803 486 et
823 454 926 486 minus
947 455 1187 488 commensurari
1201 466 1266 487 non
1280 456 1415 490 invlcem
1429 462 1516 490 tantu
1522 470 1564 502 m,
1578 462 1635 493 sed

169 511 265 543 etiarn
279 510 320 543 ad
335 509 499 543 mediocris
512 508 611 551 ipsius
626 508 871 550 generationem.
893 519 966 541 cum
981 508 1065 541 enim
1081 509 1142 541 hoc
1156 514 1216 548 est,
1230 509 1287 541 illa
1303 515 1397 542 sunt:
1420 516 1454 543 et
1475 522 1547 544 curn
1562 518 1637 544 sunt

168 564 234 606 illa,
249 565 317 597 hac
330 570 424 596 sunt:
447 563 659 605 alterutroque
682 563 792 594 horum
817 562 952 600 sublato,
968 567 1133 605 utrumque
1152 562 1282 597 tollitur.
1326 564 1384 597 So.
1406 564 1480 598 Hoc
1505 566 1634 608 quidem

167 623 263 651 recte.
285 627 390 650 verum
404 616 483 660 quid
498 616 648 659 deinceps
662 616 674 648 ?
719 616 829 649 Hosr.
853 615 1057 658 Distinguere
1073 617 1167 649 decet
1175 621 1272 650 artem
1284 617 1471 651 dimetiendi
1480 619 1635 659 bifariam,

166 670 431 714 quemadmodum
452 679 548 712 supra
570 669 726 703 diximus:
750 679 908 712 unamque
931 669 1016 702 illius
1040 674 1160 712 partem
1182 681 1300 712 ponere
1314 676 1395 704 artes
1409 683 1531 715 omnes,
1546 684 1635 716 quae.

166 734 291 766 cunque
305 734 479 762 numerum,
495 723 738 766 longitudinem,
753 723 965 762 latitudinem,
981 723 1227 765 profunditatem
1241 730 1275 756 et
1287 726 1485 758 velocitatem
1500 729 1541 760 ad
1557 739 1635 762 con-

166 778 291 810 trarium
302 778 473 811 metiuntur
487 789 495 810 ε
519 778 646 810 alteram
661 788 734 810 vero
749 782 830 809 artes
844 776 930 815 illas,
943 787 1016 819 quae
1031 777 1070 809 ad
1087 777 1244 811 mediocre
1256 779 1515 822 moderatumque
1535 782 1633 824 respi-

166 832 267 874 ciunt,
279 833 458 874 decensque
471 836 505 863 et
519 837 732 874 opportunum
749 835 845 873 atque
860 831 1016 870 debitum,
1029 837 1062 864 et
1075 831 1252 863 summatim
1266 832 1307 863 ad
1323 833 1440 870 omnia,
1455 845 1538 876 quae,
1552 836 1636 867 vita.

166 886 206 917 tis
221 885 375 924 extremis,
390 886 422 917 in
437 885 575 918 medium
602 884 825 926 confugerunt.
868 884 925 918 So.
949 884 1066 927 Ampla
1090 885 1221 928 quidem
1243 890 1373 927 utraque
1396 887 1500 928 portio
1525 894 1585 927 est,
1600 895 1634 922 et

166 940 262 972 altera
286 940 379 982 longe
403 940 443 972 ab
469 940 565 972 altera
590 939 760 981 discrepat.
805 938 915 971 Hosr.
937 939 1033 978 Quod
1060 950 1274 981 saepenumero
1300 940 1415 979 ferunt,
1437 953 1456 973 ο
1478 942 1635 983 Socrates,

169 995 270 1027 ornati
284 995 340 1026 viri
354 994 415 1034 illi,
429 995 484 1038 qui
500 1005 646 1036 magnum
671 993 770 1036 [285]
795 993 914 1035 aliquid
937 1003 975 1025 ac
997 994 1121 1036 sapiens
1137 993 1224 1037 loqui
1239 1004 1272 1026 se
1288 999 1414 1036 putant,
1428 996 1503 1028 dum
1518 998 1633 1038 praedi-

166 1053 242 1081 cant
254 1048 439 1081 dimetiendi
454 1048 634 1080 facultatem
647 1047 732 1080 circa.
746 1047 852 1079 omnia
865 1057 937 1090 quas
953 1047 1034 1078 fiunt
1046 1047 1170 1084 versari.
1186 1058 1270 1079 nunc
1294 1048 1425 1081 accidit.
1470 1050 1632 1092 Quicquid

167 1103 250 1135 enim
265 1102 464 1135 artificiosum
480 1107 538 1140 est,
552 1112 704 1134 mensurae
716 1101 949 1143 quodammodo
965 1101 1122 1143 particeps
1136 1112 1203 1134 esse
1217 1102 1376 1144 apparuit.
1397 1103 1547 1144 quoniam
1559 1115 1634 1136 vero

166 1157 295 1198 quidam
309 1157 481 1189 secundum
497 1156 618 1198 species
633 1155 830 1188 considerare
846 1165 1045 1197 nequaquam
1060 1159 1302 1193 consueverunt,
1317 1155 1549 1198 distinguentes
1562 1159 1631 1192 haec

169 1215 232 1242 tam
247 1210 328 1242 inter
338 1220 371 1241 se
385 1210 563 1242 differentia
577 1210 681 1242 statim
697 1209 863 1241 conferunt
877 1209 910 1240 in
933 1209 1028 1247 idem,
1043 1209 1157 1241 simIlia
1173 1208 1365 1250 judicantes.
1409 1210 1516 1253 Atque
1537 1211 1632 1254 hujus

166 1263 354 1297 contrarium
374 1275 476 1296 rursus
501 1264 654 1305 efficiunt,
670 1274 741 1306 qua>
757 1263 853 1295 altera
868 1268 953 1302 sunt,
974 1274 1031 1306 per
1044 1268 1147 1305 partes
1162 1263 1288 1295 minime
1303 1263 1544 1306 distinguentes,
1558 1276 1632 1298 cum

165 1323 323 1360 oporteat,
337 1318 464 1361 quande
479 1318 549 1360 quis
566 1318 666 1360 primo
682 1317 848 1349 multorum
865 1317 1000 1359 percipit
1014 1317 1277 1355 communiOnem,
1293 1328 1357 1348 non
1369 1318 1453 1359 prius
1467 1319 1632 1357 desistere,

164 1382 260 1413 quam
282 1372 474 1404 differentias
497 1382 605 1403 omnes
626 1372 660 1403 in
685 1382 735 1414 ea,
751 1382 822 1413 quae
844 1371 879 1402 in
901 1371 1068 1413 speclebus
1093 1371 1294 1413 clauduntur,
1318 1371 1511 1413 inspexerit:
1535 1378 1632 1416 atque

164 1425 288 1463 iterum,
303 1425 449 1467 quotiens
464 1423 734 1456 dissimilitudines
750 1424 900 1466 plurimas
919 1424 952 1455 in
967 1423 1169 1456 multitudine
1184 1424 1280 1456 sentit
1294 1430 1327 1455 et
1347 1435 1427 1467 aegre
1443 1427 1550 1464 sentit,
1565 1438 1630 1459 non

165 1477 252 1520 prins
266 1479 306 1510 ab
322 1479 380 1510 hac
402 1484 548 1520 aspectus
573 1477 714 1510 molestIa
736 1478 886 1510 desistere
910 1488 1014 1520 posse,
1032 1487 1126 1519 quam
1148 1483 1277 1516 cuncta,
1296 1488 1367 1520 quae
1393 1485 1529 1522 cognata
1543 1487 1631 1520 sunt,

163 1531 245 1565 intra
260 1531 480 1574 cognationem
497 1541 589 1563 unam
613 1532 901 1574 proprietatemque
924 1532 1130 1573 concludens,
1147 1532 1240 1563 unius
1265 1532 1388 1574 generis
1413 1535 1548 1566 essentia
1563 1547 1631 1568 ves-

164 1586 236 1621 tiat.
280 1585 333 1618 De
353 1586 402 1617 his
425 1586 518 1628 igitur
541 1586 644 1628 deque
670 1585 848 1618 excessibus
873 1590 968 1628 atque
993 1585 1169 1618 defectibus
1194 1586 1261 1617 haec
1287 1586 1375 1617 dicta
1399 1587 1573 1620 sufficiant:
1594 1590 1628 1621 id

164 1644 269 1672 autem
285 1639 448 1671 dumtaxat
470 1639 668 1678 servandum,
684 1640 747 1671 duo
770 1639 919 1672 videlicet
945 1650 1060 1681 genera
1085 1640 1169 1671 circa
1189 1639 1258 1680 ipsa
1283 1650 1434 1671 mensura}
1459 1642 1631 1675 adinventa

163 1693 274 1734 fuisse,
299 1697 332 1724 et
353 1703 423 1735 quae
449 1693 508 1725 ista
533 1693 609 1734 sint,
634 1698 741 1724 mente
764 1693 947 1725 tenendum.
991 1693 1048 1726 So.
1069 1692 1270 1724 Tcnebimus.
1315 1693 1424 1727 Hesp,
1448 1694 1526 1726 Post
1546 1697 1631 1729 hunc

164 1758 335 1780 sermonem
351 1747 446 1779 alium
472 1757 663 1779 assumamus
684 1747 725 1778 de
750 1746 799 1778 his
813 1756 883 1788 quae
899 1746 993 1777 modo
1009 1747 1239 1788 quaerebantur,
1254 1746 1357 1788 deque
1373 1748 1458 1778 omni
1483 1748 1632 1790 hujusce-

166 1801 250 1834 modi
262 1812 438 1834 sermonum
452 1801 650 1836 tractatione.
695 1801 751 1834 So.
776 1801 864 1838 Quid
879 1800 963 1832 istud
977 1800 989 1831 ?
1034 1799 1145 1832 Hosr’.
1167 1801 1202 1832 Si
1217 1800 1286 1842 quis
1301 1801 1380 1832 forte
1394 1811 1450 1832 nos
1465 1808 1629 1843 perconte-

164 1861 214 1887 tur
226 1856 267 1888 de
283 1866 447 1898 puerorum
463 1856 545 1888 circa
559 1855 663 1887 literas
679 1855 914 1896 exercitatione,
928 1854 1056 1896 quando
1081 1854 1321 1896 interrogantur,
1336 1854 1450 1898 quibus
1471 1867 1508 1886 ex
1533 1856 1632 1889 literis

163 1919 279 1942 nomen
290 1909 418 1952 aliquod
433 1914 567 1951 constet,
581 1914 682 1941 utrum
699 1915 843 1951 putemus
858 1914 933 1941 tune
949 1919 1003 1940 eos
1015 1908 1197 1950 interrogari
1212 1908 1305 1939 unius
1319 1908 1480 1940 dumtaxat
1495 1911 1630 1943 nominis

164 1964 248 1996 illius
263 1964 444 1996 declarandi
458 1964 569 2006 gratia,
584 1974 623 1994 an
640 1963 745 2006 potius
762 1968 797 1994 ut
818 1963 852 1994 in
875 1962 960 1994 omui
975 1961 1176 2005 grammatica
1191 1961 1374 1994 eruditiores
1390 1963 1537 2001 evadant,
1552 1965 1631 2006 quid

162 2018 443 2060 respondebituus?
487 2018 544 2050 So.
569 2017 615 2050 Ut
635 2017 670 2049 iu
698 2017 785 2049 omni
811 2017 1024 2060 grammatica.
1068 2016 1176 2047 Hosr‘.
1201 2016 1288 2054 Quid
1311 2016 1424 2058 porto?
1448 2016 1547 2048 civilis
1571 2019 1630 2051 viri

164 2071 324 2114 indagatio
346 2071 437 2102 nobis
453 2071 550 2113 ipsius
572 2072 672 2114 gratia
693 2071 792 2113 magis
814 2071 976 2113 proposita
997 2075 1057 2112 est,
1073 2080 1166 2113 quam
1182 2070 1265 2100 utin
1281 2070 1424 2102 omnibus
1440 2072 1630 2104 disserendis

162 2126 316 2159 acutiores
331 2126 522 2158 efficiamur?
567 2126 622 2159 So.
645 2126 740 2158 Patet
760 2126 794 2158 id
816 2136 955 2167 quoque,
971 2126 1057 2167 quod
1074 2124 1214 2155 omnium
1237 2125 1348 2166 gratia.
1392 2124 1501 2156 Hosv.
1522 2125 1628 2158 Nemo

164 2180 274 2222 utique
297 2179 410 2211 mentis
432 2190 562 2221 compos
583 2180 722 2212 textoriae
747 2179 903 2211 facultatis
927 2179 1079 2210 rationem
1103 2177 1203 2219 ipsius
1226 2178 1388 2209 dumtaxat
1409 2179 1508 2220 gratia
1524 2180 1630 2211 venari

161 2234 377 2268 contenderet.
423 2233 539 2266 Verum
554 2234 702 2275 plurimos
715 2233 803 2271 latet,
819 2238 855 2264 ut
870 2233 1008 2271 arbitror,
1023 2242 1122 2264 rerum
1139 2232 1332 2273 quarundam
1345 2232 1473 2274 cognitu
1488 2232 1628 2264 facilium

164 2288 323 2321 sensIbiles
337 2287 505 2319 nonnullas
520 2287 672 2329 imagines
688 2298 765 2325 esse,
781 2297 859 2329 quas
874 2287 1030 2319 declarare
1046 2296 1246 2327 nequaquam
1262 2286 1392 2317 arduum
1408 2291 1467 2324 est,
1482 2287 1629 2328 quotiens

163 2344 301 2385 ipsorum
317 2342 430 2385 aliquis
445 2342 512 2374 vult
526 2342 618 2374 alicui
635 2341 785 2374 rationein
802 2342 842 2373 de
857 2341 964 2383 aliquo
980 2340 1186 2383 perquirenti,
1202 2350 1266 2370 non
1281 2350 1352 2371 cum
1364 2339 1438 2381 ipsis
1453 2341 1556 2378 rebus,
1571 2341 1627 2372 sed

163 2407 300 2428 seorsum
314 2396 434 2428 ratione
445 2396 537 2428 facile
546 2397 769 2428 demonstrare.
814 2395 932 2428 Rerum
949 2400 1053 2426 autem
1065 2393 1264 2426 maximarum
1277 2393 1628 2436 pretiosissimarumque

163 2451 250 2482 nulla
264 2454 312 2482 est
332 2451 438 2492 imago
462 2450 560 2493 [286]
585 2451 624 2482 ad
646 2450 788 2482 homines
815 2450 979 2493 perspicue
1002 2449 1171 2480 fabricata:
1195 2458 1257 2489 qua
1273 2453 1397 2479 ostensa
1410 2448 1464 2489 qui
1479 2449 1546 2480 vult
1560 2449 1628 2480 ani-

164 2515 250 2536 mum
276 2503 461 2536 sciscitantis
482 2505 618 2546 explere,
645 2505 748 2536 sensui
771 2505 895 2537 cuidam
918 2503 1171 2542 accommodans,
1185 2503 1224 2534 ad
1248 2501 1466 2533 sufficientiam
1491 2503 1628 2544 expleat.

164 2558 580 2601 Quapropter-cogitandum
595 2564 655 2597 est,
670 2564 706 2590 ut
719 2559 764 2591 rei
779 2559 947 2601 cujuslibet
962 2558 1112 2590 rationem
1126 2557 1254 2588 reddere
1264 2561 1296 2587 et
1306 2556 1443 2597 recipere
1455 2557 1628 2590 valeamus.

164 2613 352 2654 Incorporea
367 2622 514 2654 namque,
530 2622 601 2644 cum
617 2612 751 2644 maxima
774 2617 808 2644 et
830 2611 1038 2655 pulcherrima
1057 2611 1130 2653 sint,
1146 2610 1266 2642 ratione
1281 2610 1359 2648 sola,
1373 2610 1435 2641 alio
1452 2621 1523 2642 vero
1538 2611 1628 2643 nullo

165 2666 330 2708 perspicue
345 2665 552 2698 declarantur.
595 2666 716 2697 Horum
732 2654 824 2709 porro
841 2666 940 2708 gratia
955 2666 1050 2697 modo
1063 2665 1152 2696 nobis
1168 2665 1255 2696 dicta
1269 2670 1342 2696 suut
1357 2665 1473 2696 omnia.
1496 2664 1626 2707 cujusli-

165 2720 219 2751 bet
231 2724 336 2751 autem
352 2719 397 2751 rei
411 2719 621 2752 consideratio
643 2720 678 2752 in
701 2721 873 2752 minoribus
888 2720 1021 2757 facilior,
1036 2731 1130 2762 quam
1152 2719 1183 2750 in
1210 2718 1389 2760 majoribus,
1412 2724 1524 2750 exstat.
1567 2719 1625 2753 So.

163 2774 315 2806 Praeclare
330 2774 476 2816 loqueris.
503 2793 507 2797 ·
522 2774 630 2806 Hosr.
653 2774 795 2812 Quorum
810 2774 947 2817 denique
962 2784 1056 2806 causa
1071 2774 1156 2805 dicta
1171 2773 1212 2804 de
1226 2773 1274 2804 his
1296 2773 1402 2804 omnia
1425 2778 1510 2814 sunt,
1525 2783 1625 2804 recor·

164 2828 284 2859 demur.
327 2828 385 2860 So.
409 2828 574 2866 Quorum?
620 2828 729 2860 Hosr.
753 2827 832 2870 Ejus
852 2828 1009 2870 praecipue
1026 2827 1175 2860 molestiae
1190 2837 1296 2864 causa,
1311 2837 1374 2868 qua
1388 2827 1470 2858 circa
1486 2826 1625 2857 textoriae

164 2880 320 2913 facultatis
335 2882 484 2924 prolixam
500 2882 670 2914 orationem
688 2882 791 2914 affecti
808 2893 924 2920 sumus,
940 2893 1000 2915 nec
1016 2892 1080 2914 non
1104 2882 1185 2914 circa
1207 2881 1302 2912 totius
1325 2880 1434 2911 mundi
1457 2880 1625 2911 revolutio-

161 2945 233 2966 nem
248 2947 255 2966 :
279 2940 373 2978 atque
395 2936 550 2978 Sophistae
575 2947 746 2969 sermonem
763 2937 803 2968 de
818 2947 882 2968 non
897 2937 978 2968 entis
994 2935 1128 2968 essentia
1143 2935 1320 2978 putavimus
1336 2945 1410 2965 sanc
1426 2932 1624 2974 prolixiorem

159 2988 266 3028 fuisse,
280 2999 374 3032 quam
389 2990 514 3024 deceret
530 2991 786 3035 disputationem.
834 2990 946 3037 Atque*
964 2991 996 3023 iu
1020 2990 1068 3022 his
1092 2989 1235 3022 omuibus
1249 2988 1458 3029 nosmetipsos
1473 2987 1623 3019 deterrui-
