1846 3268
195 258 294 309 416]
781 252 1077 292 CRATYLUS.
1583 257 1660 294 325

194 361 360 404 quodlibet
387 368 501 390 nomen
523 356 638 398 cuique
664 356 709 388 rei
736 355 950 398 unusquisque
976 356 1135 387 tribueret.
1180 354 1305 388 Hmm.
1329 355 1414 388 Vera
1443 367 1559 390 narras.
1602 359 1661 391 So.

196 416 280 448 Vera
304 416 408 457 plane.
432 413 486 444 sed
510 412 593 443 enim
620 410 864 442 mediocritatem
890 411 1047 453 quandam
1074 416 1170 452 atque
1194 411 1342 443 decorum
1370 422 1490 444 servare
1514 418 1545 443 te
1569 413 1662 447 decet

197 470 360 511 praesidem
385 466 570 509 sapientem.
615 465 738 495 Hanni.
763 465 793 496 O
828 464 958 498 utinam.
1003 465 1059 497 So.
1084 465 1184 506 Atqui
1214 470 1247 496 et
1276 465 1356 507 ipse,
1383 477 1402 497 o
1432 466 1662 508 Hermogenes,

197 528 286 565 opto.
310 531 413 553 verum
430 531 470 551 ne
485 523 595 551 exacta
610 518 740 550 nimium
757 519 963 555 discussione,
975 518 1021 550 vir
1032 519 1120 557 felix,
1132 519 1285 561 exquiras,
1311 519 1408 562 [415]
1433 531 1473 551 ne
1486 520 1547 552 vim
1560 532 1662 552 meam

198 587 319 620 prorsus
334 575 506 607 exhaurias.
545 574 721 605 Ascendam
738 573 858 615 quippe
874 574 914 604 ad
928 584 1020 615 supra
1031 574 1186 606 dictorum
1199 575 1336 616 apicem,
1352 579 1516 616 postquam
1531 580 1604 616 post
1615 586 1664 606 ar-

196 637 259 664 tem
271 629 565 663 consideraverimus
578 628 771 665 mechanem,
786 627 818 659 id
830 633 878 659 est
892 628 1155 659 machinationem
1167 628 1493 671 excogitationemque
1505 630 1660 661 solertem.

196 686 320 717 videtur
334 689 437 715 autem
454 683 626 725 significare
642 682 725 713 idem
741 683 827 724 quod
852 682 983 713 multum
1006 682 1180 724 pertingere
1203 687 1236 714 et
1261 683 1439 714 ascendere.
1462 684 1662 726 componitur

195 750 270 781 ergo
285 750 323 770 ex
337 738 385 769 his
400 738 536 779 duobus,
551 737 691 774 mechus,
706 737 740 767 id
757 742 804 767 est
820 736 914 777 longe
928 742 961 767 et
977 736 1120 774 multum,
1134 742 1167 767 et
1181 737 1271 773 auiti,
1288 738 1318 767 id
1342 742 1390 768 est
1410 739 1590 780 ascendere,
1605 750 1662 781 pe-

196 798 328 831 netrare,
345 792 531 834 pertingere.
576 791 652 828 Sed,
675 796 710 821 ut
732 791 826 822 modo
849 791 1005 828 dicebam,
1022 791 1062 821 ad
1078 802 1229 821 summum
1246 790 1400 822 dictorum
1417 793 1662 834 perveniendum

195 853 243 879 est
257 858 266 880 ι
291 847 566 889 quaerendumque,
582 846 657 887 quid
675 846 802 876 nomina
818 846 876 876 ista
902 845 1092 887 significent,
1116 850 1212 882 arete,
1227 845 1258 876 id
1278 851 1326 877 est
1341 846 1449 887 virtus,
1464 852 1497 878 et
1514 847 1611 886 cacia,
1627 849 1662 879 id

196 906 245 933 est
258 901 405 944 pravitas.
449 900 590 932 Alterum
608 900 734 942 quidem
758 900 898 931 nondum
923 899 1063 941 reperio:
1088 899 1218 931 alterum
1240 906 1348 943 patere
1363 901 1496 934 videtur.
1521 913 1592 933 nam
1608 914 1661 934 su-

196 955 368 998 perioribus
382 955 525 986 omnibus
539 960 703 986 consonat.
726 965 840 996 nempe
866 960 1014 996 tanquam
1035 959 1110 986 eant
1131 954 1247 994 omnia,
1270 966 1361 988 cacos
1384 956 1452 997 ion,
1469 956 1501 988 id
1516 962 1565 988 est
1578 958 1661 990 male

197 1011 326 1048 vadens,
342 1010 440 1046 cacia,
456 1009 487 1040 id
505 1013 553 1040 est
567 1009 703 1051 pravitas
727 1010 797 1041 erit.
820 1020 916 1051 quare
939 1020 1009 1040 curu
1034 1009 1136 1041 anima
1163 1010 1245 1041 male
1270 1010 1310 1041 ad
1333 1021 1381 1042 res
1405 1011 1491 1053 ipsas
1516 1012 1660 1050 accedet,

196 1064 402 1096 communiter
417 1074 511 1105 prava
527 1063 659 1095 dicetur.
684 1062 807 1105 proprie
823 1074 895 1094 vero
912 1074 948 1094 ac
963 1063 1095 1094 maxime
1119 1065 1311 1105 procedendi
1335 1065 1402 1096 haec
1417 1065 1549 1097 facultas
1563 1066 1598 1097 in
1614 1067 1663 1098 di-

196 1119 251 1156 lia,
281 1119 314 1150 id
345 1122 393 1149 est
419 1117 586 1148 timiditate
617 1120 714 1159 patet,
739 1128 832 1159 quam
854 1118 994 1148 nondum
1015 1117 1268 1158 declaravimu33
1292 1119 1542 1160 praetermisimus
1566 1120 1663 1152 enim.

197 1174 363 1215 oportebat
384 1177 486 1203 autem
513 1171 663 1203 continuo
691 1177 764 1213 post
794 1171 1010 1203 fortitudinem
1034 1172 1136 1213 ipsam
1165 1172 1291 1206 inferre.
1316 1174 1414 1205 multa
1440 1174 1568 1216 insuper
1601 1175 1663 1207 alia

196 1227 369 1269 praeterisse
395 1226 545 1257 videmur.
569 1225 646 1257 dilia
669 1226 825 1268 significat
856 1227 968 1257 durum
999 1227 1110 1257 animae
1135 1226 1306 1258 vinculum.
1331 1228 1454 1259 desmos
1483 1229 1567 1260 enim
1593 1229 1662 1260 vin-

195 1282 301 1314 culum
325 1285 384 1313 est.
407 1279 472 1312 lian
501 1291 572 1312 vero
597 1280 677 1311 forte
704 1280 856 1322 quiddam
880 1281 1055 1322 durumque
1082 1280 1248 1322 significat.
1272 1292 1367 1323 quare
1393 1282 1543 1313 timiditas
1567 1284 1660 1315 vehe-

195 1346 283 1366 mens
297 1345 334 1366 ac
349 1334 517 1365 maximum
541 1339 589 1366 est
613 1333 726 1365 animae
741 1334 920 1365 vinculum:
946 1334 1211 1376 quemadmodum
1234 1339 1267 1365 et
1289 1334 1406 1376 aporia,
1422 1334 1457 1365 id
1480 1340 1529 1366 est
1554 1336 1661 1368 defec-

194 1393 256 1426 tus,
271 1388 391 1430 inopia,
407 1388 548 1428 dubium,
564 1389 679 1419 malum
695 1388 846 1430 quiddam
862 1392 922 1424 est,
946 1398 981 1419 ac
998 1388 1172 1419 summatim
1188 1389 1398 1430 quodcunque
1414 1399 1593 1432 progressus
1606 1392 1659 1434 ip-

194 1443 257 1474 sius
272 1441 552 1484 impedimentum:
575 1443 671 1485 idque
697 1442 779 1473 male
802 1453 870 1474 esse
884 1443 1007 1473 videtur
1030 1443 1206 1481 ostendere,
1220 1443 1251 1474 in
1272 1443 1342 1484 ipsa
1358 1443 1506 1475 videlicet
1521 1445 1660 1477 motione

193 1496 337 1539 impediri
353 1502 447 1538 atque
462 1496 606 1529 detineri.
628 1497 714 1538 quod
730 1507 800 1528 cum
818 1496 921 1528 anima
943 1497 1039 1536 subit,
1057 1496 1208 1538 pravitate
1231 1497 1326 1539 plena
1349 1498 1474 1530 dicitur.
1518 1499 1614 1537 Quod
1631 1500 1658 1531 si

191 1551 268 1582 illud
287 1551 445 1593 pravitatis
461 1562 574 1582 nomen
591 1552 704 1582 talibus
718 1552 903 1593 quibusdam
920 1552 1084 1592 competit,
1101 1551 1289 1582 contrarium
1313 1552 1422 1595 ἀρετὴ,
1438 1553 1469 1586 id
1484 1559 1532 1585 est
1548 1554 1656 1593 virtus,

193 1605 392 1647 significabit.
411 1605 445 1635 in
470 1604 577 1646 primis
591 1605 717 1646 quidem
733 1605 914 1636 facultatem
926 1605 1102 1646 agilemque
1118 1615 1326 1647 progressum,
1341 1607 1457 1639 deinde
1472 1608 1608 1640 solutum
1625 1614 1657 1640 et

192 1660 373 1702 expeditum
388 1659 500 1690 animae
516 1660 606 1689 bonae
620 1659 771 1700 impetum
787 1669 853 1690 esse
870 1664 1007 1700 oportet.
1050 1659 1260 1696 Quamobrem
1285 1661 1402 1702 absque
1429 1662 1655 1704 impedimento

194 1714 420 1756 obstaculoque
443 1713 474 1745 ai
495 1714 604 1750 rheon,
621 1713 651 1744 id
675 1719 723 1744 est
747 1723 868 1755 semper
889 1713 1000 1750 fluens,
1013 1712 1084 1755 jure
1109 1715 1322 1755 cognominari
1338 1721 1442 1757 posset
1456 1717 1556 1749 airite.
1579 1718 1659 1749 forte

198 1779 270 1800 vero
285 1773 318 1799 et
333 1769 468 1800 baereten
484 1772 575 1799 vocat
589 1767 671 1810 quis,
688 1768 763 1810 quia
784 1768 823 1799 sit
841 1768 963 1799 habitus
977 1768 1037 1799 iste
1055 1769 1264 1806 haeretotatos,
1279 1769 1311 1800 id
1327 1774 1375 1801 est
1391 1771 1523 1802 maxime
1539 1771 1659 1814 eligen-

196 1823 265 1855 dus.
290 1834 395 1854 verum
410 1823 537 1855 conciso
557 1822 711 1854 vocabulo
738 1827 821 1854 arete
845 1822 1078 1855 denominatur.
1122 1822 1265 1854 Forsitan
1281 1834 1330 1855 me
1346 1824 1462 1866 fingere
1476 1826 1574 1858 dices.
1599 1837 1659 1868 ego

194 1881 298 1908 autem
313 1887 428 1916 assero,
442 1877 467 1907 si
483 1878 575 1908 modo
589 1887 702 1907 nomen
719 1876 798 1907 illud
814 1877 989 1919 pravitatis,
1004 1877 1089 1918 quod
1106 1877 1210 1914 retuli,
1226 1882 1309 1909 recte
1324 1883 1372 1910 est
1386 1878 1561 1917 inductum,
1574 1886 1659 1912 recte

194 1942 321 1973 quoque
335 1936 368 1962 et
383 1931 465 1962 istud
482 1931 604 1962 virtutis
619 1941 734 1962 nomen
747 1931 866 1962 induci.
911 1931 1033 1963 Henzu.
1058 1931 1105 1963 At
1120 1942 1229 1968 cacon,
1245 1931 1276 1963 id
1293 1938 1339 1963 est
1362 1933 1490 1971 malum,
1505 1945 1558 1975 per
1574 1936 1661 1977 quod

195 1986 292 2028 [416]
316 1986 349 2016 in
365 1986 574 2027 superioribus
587 1985 683 2016 multa
699 1985 816 2023 dixisti,
832 1985 908 2028 quid
923 1985 982 2016 sibi
998 1986 1088 2017 vult?
1133 1986 1190 2018 So.
1213 1986 1403 2019 Extraneum
1426 1988 1577 2030 quiddam
1604 1999 1660 2030 per

192 2040 317 2078 Jovcm,
333 2050 370 2072 ac
383 2040 512 2071 inventu
528 2039 665 2071 difficile.
687 2039 794 2082 itaque
819 2040 858 2071 ad
876 2041 935 2071 hoc
951 2039 1044 2071 etiam
1060 2040 1346 2072 machinamentum
1360 2041 1439 2072 illud
1456 2043 1598 2084 superius
1614 2044 1662 2074 af-

193 2094 301 2126 feram.
346 2094 468 2125 Hnnm.
492 2094 579 2131 Quid
598 2094 708 2126 istud?
731 2095 789 2127 So.
811 2094 1013 2126 Barbaricum
1028 2095 1178 2137 quiddam
1194 2100 1227 2126 et
1241 2096 1300 2127 hoc
1315 2106 1383 2127 esse
1398 2096 1513 2128 dicam.
1537 2097 1661 2131 Hmuu.

195 2149 297 2180 Probe
310 2148 396 2190 loqui
409 2149 532 2179 videris.
575 2148 629 2181 So.
654 2148 800 2180 Ceterum
817 2150 884 2180 haec
895 2148 974 2191 jam,
987 2149 1012 2180 si
1030 2149 1147 2191 placet,
1163 2149 1322 2180 mittamus
1337 2161 1344 2181 :
1369 2150 1496 2182 nomina
1511 2162 1584 2183 vero
1601 2152 1661 2184 ista

196 2202 288 2235 calon
304 2209 337 2234 et
351 2203 503 2239 aeschron,
517 2203 552 2234 id
567 2208 616 2235 est
630 2203 793 2245 pulchrum
819 2208 852 2235 et
874 2209 977 2245 turpe,
993 2203 1237 2236 consideremus.
1282 2203 1367 2241 Quid
1384 2206 1522 2237 aeschron
1540 2206 1663 2245 innuat,

195 2257 269 2288 satis
286 2257 359 2288 milri
377 2261 482 2298 patere
497 2257 630 2289 videtur.
655 2268 768 2299 nempe
780 2268 850 2289 cum
866 2257 1076 2299 superioribus
1091 2257 1249 2289 convenit.
1294 2257 1430 2290 Videtur
1453 2259 1508 2300 qui
1534 2261 1661 2293 nomina

195 2311 316 2348 statuit,
333 2311 444 2352 passim
461 2311 640 2353 agitationis
666 2311 926 2353 impedimentum
954 2312 1142 2354 vituperare.
1166 2316 1202 2342 ut
1216 2322 1304 2353 ecce,
1320 2312 1350 2343 ai
1364 2313 1497 2344 ischonti
1514 2315 1606 2352 rhun,
1626 2316 1661 2347 id

194 2370 243 2397 est
256 2376 377 2408 semper
401 2365 585 2407 impedienti
609 2366 739 2403 fluxum,
762 2377 878 2397 nomen
902 2366 991 2398 dedit
1017 2366 1203 2398 aischorum.
1225 2377 1308 2398 nunc
1324 2377 1395 2398 vero
1420 2368 1661 2410 perstringentes

195 2420 334 2451 aeschron
350 2420 524 2462 appellant.
569 2420 692 2452 Hmm.
717 2420 803 2458 Quid
818 2420 921 2459 calon,
937 2421 969 2452 id
992 2426 1040 2452 est
1056 2421 1242 2462 pulchrum?
1287 2421 1344 2452 So.
1366 2421 1438 2453 Hoc
1453 2423 1581 2464 cognitu
1598 2424 1661 2454 dif-

197 2473 325 2506 ficilius:
350 2484 528 2516 quanquam
541 2475 641 2516 ipsum
659 2475 702 2506 ita
717 2475 896 2513 deducitur,
913 2480 948 2507 ut
969 2475 1139 2507 harmoniae
1155 2476 1307 2506 duntaxat
1321 2480 1354 2506 et
1368 2475 1574 2518 longitudinis
1589 2489 1658 2520 gra-

196 2527 240 2559 tia
256 2528 357 2569 ipsum
376 2539 394 2559 a
409 2528 450 2559 sit
465 2530 663 2570 productum.
709 2529 832 2561 Hanni.
854 2530 928 2567 Quo
952 2530 1072 2572 pacto?
1118 2530 1175 2562 So.
1198 2529 1325 2561 Nomen
1351 2530 1433 2561 istud
1459 2531 1661 2572 cogitationis

194 2587 436 2623 cognomentum
451 2583 600 2624 quiddam
615 2594 681 2615 esse
696 2584 828 2615 videtur.
874 2585 997 2617 Hanni.
1022 2584 1086 2622 Qui
1110 2584 1193 2615 istud
1218 2584 1288 2615 ais?
1334 2584 1391 2615 So.
1414 2585 1517 2622 Quam
1534 2590 1567 2616 tu
1583 2596 1659 2617 cau·-

194 2647 258 2667 sam
275 2636 495 2678 appellationis
511 2637 555 2668 rei
571 2637 724 2679 cujusque
739 2638 872 2670 censes?
894 2649 934 2669 an
950 2649 1012 2669 non
1021 2639 1106 2680 quod
1119 2638 1246 2669 nomina
1258 2637 1389 2669 tribuit?
1433 2638 1557 2671 Hmm.
1580 2640 1660 2671 Om-

193 2689 281 2720 nino.
325 2689 381 2720 So.
404 2688 521 2721 Nonne
535 2700 629 2721 causa
645 2691 711 2722 haec
726 2691 876 2732 cogitatio
890 2697 949 2729 est,
966 2692 1015 2723 vel
1031 2693 1160 2723 deorum
1178 2692 1226 2723 vel
1241 2692 1399 2723 hominum
1413 2692 1461 2724 vel
1474 2694 1632 2724 amborum
1646 2693 1658 2724 ἓ

194 2743 318 2774 Hnnu.
340 2742 478 2784 Nempe.
522 2744 578 2776 So.
602 2744 684 2786 Ergo
700 2745 838 2784 calesan‚
859 2746 891 2777 id
918 2751 966 2777 est
989 2747 1074 2788 quod
1091 2751 1183 2778 vocat
1197 2756 1255 2783 res,
1271 2751 1304 2777 et
1319 2746 1410 2778 calon
1424 2746 1507 2778 idem
1523 2757 1559 2778 ac
1574 2747 1662 2789 cogi-

195 2797 272 2828 tatio
288 2802 372 2829 sunt.
417 2797 541 2828 Hanni.
564 2796 720 2839 Apparet.
765 2799 822 2831 So.
846 2799 1055 2842 Quaecunque
1072 2811 1159 2831 mens
1169 2805 1201 2832 et
1211 2800 1361 2841 cogitatio
1376 2806 1485 2842 agunt,
1502 2801 1661 2831 laudanda

194 2857 290 2883 sunt:
315 2861 386 2892 quae
407 2862 483 2888 non,
500 2852 717 2893 vituperanda.
761 2853 884 2885 Hmm.
907 2854 1047 2887 Prorsus.
1095 2854 1151 2886 So.
1176 2854 1271 2892 Quod
1300 2855 1465 2886 medicinae
1491 2855 1659 2896 particeps,

195 2905 359 2938 medicinae
373 2916 468 2948 opera
482 2906 600 2939 efficit:
625 2908 710 2949 quod
736 2907 855 2939 fabrilis
878 2908 964 2946 artis,
979 2908 1113 2940 fabrilia.
1136 2914 1169 2939 tu
1184 2918 1257 2940 vero
1281 2908 1357 2951 quid
1374 2908 1493 2940 sentis?
1538 2907 1659 2939 Herm.

194 2959 297 2994 mem.
342 2961 400 2994 So.
422 2961 591 2995 Pulchrum
614 2962 721 3005 itaque
748 2963 900 3006 pulchra?
946 2963 1067 2996 unum.
1092 2962 1207 2996 Decet.
1254 2963 1311 2996 So.
1338 2962 1394 2995 Est
1419 2967 1522 2994 autem
1537 2961 1608 3000 hoc,
1625 2968 1660 2994 ut
