1846 3268
234 253 335 303 275]
820 236 1125 294 pommus,
1620 256 1697 295 377

238 352 379 404 proximo
402 361 556 393 discessus
579 363 719 401 tempore
743 352 928 402 perpulchre
956 361 1062 392 omnia
1089 359 1198 392 ducit:
1222 367 1328 392 verum
1350 354 1540 403 procedente
1561 366 1702 404 tempore

233 416 392 447 oblivione
402 413 469 456 jam
484 417 677 456 occupatur:
702 419 893 455 quapropter
907 413 1019 456 prioris
1034 414 1240 446 deformitatis
1251 415 1353 456 passio
1366 409 1584 447 vehementius
1599 406 1701 446 domi}

231 474 335 503 natur.
379 469 516 500 Demum
532 467 626 508 longo
642 472 752 498 exacto
769 472 908 508 tempore
923 467 1111 504 deflorescit,
1127 477 1164 498 ac
1180 468 1263 499 bona
1277 463 1584 510 exigua'procreans,
1601 469 1698 499 malo-

234 533 300 553 rum
325 533 397 554 vero
421 526 561 553 naturam
587 521 635 551 liis
661 521 824 562 plurimam
848 521 995 559 miscens,
1021 521 1194 562 periculum
1219 521 1314 559 subit,
1343 532 1383 553 ne
1413 527 1447 554 et
1475 523 1542 564 ipse
1572 527 1605 554 et
1630 516 1701 564 quaa

233 575 267 607 in
293 587 326 607 se
346 580 419 607 sunt
442 575 560 615 omnia,
585 574 803 607 dissolvantur.
849 575 1060 612 Quamobrem
1086 573 1174 606 Deus
1197 575 1250 606 ille
1278 576 1438 617 quondam
1467 575 1561 618 hujus
1584 576 1702 607 ordinis

234 635 353 666 auctor,
378 639 508 661 cernens
534 629 684 660 mundum
712 633 800 660 tanto
826 629 859 659 in
881 627 1058 659 discrimine
1084 628 1235 669 positum,
1259 628 1429 662 miseretur.
1453 639 1491 660 ac
1505 639 1546 660 ne
1567 630 1702 661 tumultu

233 684 314 715 adeo
331 684 508 715 turbulento
523 683 656 715 fluctuet
671 682 920 723 dissolvaturque
935 689 968 712 et
993 681 1024 711 in
1041 681 1144 712 locum
1161 678 1425 713 dissimilitudinis
1439 682 1598 714 infinitum
1623 694 1702 714 mer·

231 741 332 779 gatur,
356 737 467 769 iterum
494 738 598 768 adstat
621 741 654 768 et
678 735 836 777 pra-sidet,
862 735 1092 777 resumptisque
1118 735 1260 776 protinus
1283 736 1500 777 gubernaculis
1516 737 1700 778 aegrotantia

232 791 336 822 omnia
361 791 576 832 dissolutaque
602 789 732 831 antiqua
756 789 804 820 sui
832 790 1004 831 agitatione
1030 788 1196 826 convertit,
1220 796 1310 819 ornat
1331 794 1364 820 et
1379 790 1514 831 corrigit,
1531 790 1699 832 mortisque.

230 850 331 875 servat
345 844 434 876 illum
449 849 482 876 et
507 846 676 876 senectutis
691 843 847 885 ignarum.
893 842 957 874 Hic
972 853 1046 884 ergo
1061 837 1366 874 cunctorum'dictus
1389 848 1436 874 est
1451 843 1533 876 finis.
1577 844 1700 875 Sufficit

233 902 339 928 autem
353 899 413 930 hoc
428 899 467 929 ad
483 897 564 939 regis
578 898 678 939 ipsius
693 897 915 934 ostensionem,
939 897 964 927 si
986 897 1080 928 modo
1098 907 1191 938 supra
1213 897 1299 928 dicta
1315 892 1501 929 teneantur.>
1537 898 1696 930 Converso

230 951 341 982 iterum
354 952 469 982 mundo
485 952 524 982 ad
537 952 697 993 pra-,sentis
713 951 863 993 geniturae
878 961 1084 992 progressum,
1101 956 1176 981 aetas
1192 961 1293 982 rursus
1306 950 1385 982 ultra
1399 951 1544 993 progredi
1560 953 1695 989 destitit,

233 1009 265 1035 et
280 1014 362 1035 nova
377 1004 424 1036 bis
439 1005 604 1042 contraria,
619 1016 690 1047 quas
712 1010 801 1036 erant
823 1011 911 1042 tunc,
927 1005 1076 1036 reddidit.
1123 1003 1282 1036 Animalia
1308 1016 1401 1047 porro
1425 1006 1513 1036 morti
1537 1006 1578 1036 ob
1594 1007 1694 1048 ipsam

234 1058 418 1089 tenuitatem
435 1059 587 1100 proxima,
602 1064 693 1090 aucta
709 1064 802 1091 sunt:
828 1069 898 1100 quse
915 1069 988 1090 vero
1003 1068 1104 1100 nuper
1118 1069 1156 1089 ex
1171 1064 1250 1090 terra
1275 1069 1355 1090 cana
1370 1065 1573 1101 surrexerant,
1588 1061 1698 1092 iterum

233 1111 264 1141 in
283 1117 391 1142 terram
407 1112 571 1144 morientia
585 1114 773 1144 reciderunt.
818 1113 932 1144 Cetera
948 1113 1021 1143 item
1037 1113 1142 1143 onmia
1158 1117 1359 1144 transmutata
1376 1119 1460 1150 sunt,
1478 1114 1586 1144 mundi
1605 1114 1701 1145 totius

230 1165 328 1207 [274]
352 1167 515 1207 sequentia
546 1167 734 1208 passionem.
781 1166 1003 1197 Generationis
1039 1166 1159 1207 quippe
1188 1171 1221 1197 et
1250 1166 1469 1208 conceptionis
1498 1172 1530 1198 et
1559 1161 1700 1198 alimenti

232 1218 366 1250 imitatio
381 1225 494 1251 cuneta
511 1220 684 1251 necessario
701 1225 805 1252 secuta
821 1224 879 1251 est.
925 1219 1041 1261 Neque
1064 1220 1147 1250 enim
1170 1220 1303 1250 dabatur
1327 1220 1472 1262 amplius,
1494 1220 1527 1251 in
1545 1225 1623 1252 terra
1646 1231 1701 1262 per

230 1283 343 1304 'causas
358 1273 433 1304 alias
448 1279 673 1315 componentes
686 1274 799 1305 animal
817 1274 894 1305 fieri.
918 1284 988 1304 nam
1005 1274 1268 1314 quemadmodum
1282 1274 1458 1305 institutum
1475 1274 1546 1315 fuit,
1562 1280 1596 1305 ut
1612 1285 1702 1305 mun·

237 1326 296 1358 dus
325 1327 470 1358 motionis
498 1339 561 1358 suae
587 1328 731 1358 dominus
757 1333 860 1359 esset:
885 1327 928 1358 ita
953 1327 1043 1357 simili
1071 1329 1206 1368 quadam
1230 1329 1378 1358 ductione
1402 1328 1531 1365 factum,
1549 1324 1587 1358 ut
1598 1332 1700 1370 partes

230 1381 345 1413 mundi
362 1391 415 1421 per
431 1391 462 1411 se
479 1381 572 1422 ipsas,
589 1382 692 1422 quoad
709 1381 774 1412 fieri
792 1385 906 1422 potest,
920 1385 1069 1422 generent
1084 1386 1116 1411 et
1130 1386 1296 1412 nascantur
1310 1387 1342 1412 et
1356 1382 1505 1413 nutriant.
1541 1381 1612 1412 Jam
1629 1392 1700 1412 vero

232 1435 273 1465 ad
288 1434 319 1464 id
334 1435 542 1476 pervenimus,
559 1436 597 1466 all
615 1436 700 1476 quod
718 1442 821 1465 nostra
837 1435 937 1466 omnis
953 1434 1088 1476 respexit
1105 1435 1214 1467 oratio.
1261 1435 1312 1466 De
1329 1435 1454 1476 reliquis
1464 1435 1547 1466 enim
1558 1435 1698 1465 animan-

230 1487 316 1518 tibus
331 1488 428 1519 multa
443 1493 475 1520 et
490 1499 602 1530 magna
617 1489 722 1520 referri
739 1494 877 1531 possent,
893 1500 931 1519 ex
946 1489 1061 1530 quibus
1073 1500 1207 1531 qumque
1223 1494 1255 1521 et
1269 1500 1345 1531 quas
1363 1490 1403 1520 ob
1420 1500 1529 1520 causas
1548 1494 1699 1519 transmu-

228 1546 296 1572 tata
318 1541 455 1573 suerunt.
518 1543 599 1581 Quae
626 1554 697 1574 vero
729 1543 811 1574 circa
841 1543 981 1574 homines
1009 1544 1219 1585 contigerunt,
1250 1544 1391 1575 breviora
1426 1549 1499 1574 sunt
1528 1548 1560 1574 et
1598 1543 1698 1584 magis

229 1594 269 1625 ad
300 1606 363 1626 rem
392 1596 537 1628 attinent.
583 1597 662 1629 Cum
694 1597 835 1628 homines
865 1598 996 1638 pastoris
1021 1598 1224 1639 praesidisque
1251 1597 1389 1639 ipsorum
1418 1597 1570 1628 ‹laernonis
1595 1597 1699 1628 essent

231 1648 429 1689 providentia
457 1646 612 1688 destituti,
640 1656 673 1681 et
702 1652 848 1682 animalia.
878 1652 987 1688 multa,
1017 1662 1087 1693 qum
1110 1657 1222 1693 suapte
1251 1657 1361 1682 natura
1389 1651 1534 1694 immania
1563 1652 1698 1686 fuerant,

232 1695 359 1732 efferata
375 1703 483 1734 iteruin
501 1709 614 1742 essent,
631 1705 763 1736 inermes
779 1705 837 1746 ipsi
853 1705 1089 1747 imbecillesque
1105 1710 1137 1735 et
1151 1705 1294 1736 custodia
1308 1705 1448 1736 derelicti
1461 1705 1571 1736 abillis
1583 1705 1696 1746 passim

231 1755 473 1788 dilaniabantur.
521 1757 705 1790 Accedebat
735 1759 845 1790 inertia
874 1765 907 1790 ct
935 1759 1091 1800 imperitia
1118 1760 1311 1801 superiorum
1345 1765 1532 1800 temporum,
1557 1759 1696 1790 laborum

231 1810 315 1840 enim
332 1821 535 1854 curarumque
553 1814 648 1844 nescii
664 1813 814 1845 vixerant.
858 1814 965 1844 Tellus
982 1814 1063 1844 ltaud
1083 1814 1160 1844 ultra
1187 1814 1302 1844 victum
1319 1821 1430 1854 sponte
1454 1813 1676 1854 suppeditabat
1691 1825 1698 1843 z

230 1865 436 1905 comparandi
451 1876 523 1897 vero
540 1866 690 1898 industria
708 1869 847 1898 nondum
864 1868 1002 1905 inventa,
1026 1868 1100 1908 quia
1116 1868 1201 1898 nulla
1218 1867 1385 1898 necessitas
1408 1867 1480 1897 illos
1496 1871 1568 1897 ante
1584 1867 1698 1907 coege-

234 1922 291 1949 rat.
336 1918 395 1950 His
410 1920 450 1950 de
466 1920 567 1951 causis
583 1921 613 1950 in
630 1932 782 1952 summum
799 1922 963 1952 discrimen
977 1926 1071 1963 atque
1086 1922 1246 1963 penuriam
1258 1922 1380 1952 illorum
1395 1921 1528 1952 redactae
1541 1931 1587 1951 res
1600 1925 1698 1951 erant.

235 1972 437 2014 Quapropter
453 1984 578 2005 munera
593 1974 657 2016 illa,
673 1986 742 2017 quae
759 1976 832 2006 olim
848 1987 866 2006 a
881 1976 942 2007 diis
967 1977 1080 2006 tributa
1098 1975 1274 2006 hominibus
1291 1979 1509 2012 memorantur,
1526 1974 1699 2005 necessaria.

231 2026 366 2066 quadam
391 2027 558 2068 disciplina
582 2029 820 2071 eruditioneque
850 2030 965 2060 tributa
991 2030 1127 2060 fuerunt.
1172 2029 1203 2060 A
1232 2029 1418 2060 Prometheo
1445 2028 1573 2070 quidem
1597 2028 1697 2069 ignis:

232 2083 312 2110 artes
326 2085 430 2110 autem
446 2090 465 2110 a
480 2080 626 2112 Vulcano
643 2081 790 2124 illiusque
806 2088 969 2114 consorte:
995 2084 1113 2115 semina
1128 2094 1254 2125 quoque
1278 2088 1310 2113 et
1324 2087 1411 2113 terrae
1434 2082 1536 2112 cultus
1552 2083 1590 2111 ab
1606 2082 1674 2112 aliis
1692 2093 1698 2111 ε

234 2133 338 2164 omnia
354 2135 528 2165 summatim
555 2137 626 2166 vitae
649 2136 810 2167 hominum
836 2137 1026 2167 adminicula
1050 2143 1123 2167 tunc
1148 2137 1274 2167 deorum
1299 2145 1394 2176 opera
1416 2140 1487 2165 sunt
1511 2139 1702 2175 comparata,

231 2196 302 2217 curn
317 2187 458 2219 homines
473 2189 601 2220 deorum
627 2191 824 2231 providentia
839 2191 1039 2228 deseruisset,
1055 2195 1276 2232 oporteretque
1299 2189 1451 2230 ipsosmet
1466 2189 1700 2230 propagationis

230 2246 262 2271 et
288 2241 444 2273 alimoniae
472 2253 535 2274 suae
561 2254 666 2275 curam
689 2245 816 2285 habere,
840 2245 949 2275 mundi
974 2245 1069 2275 totius
1092 2245 1211 2283 instar;
1234 2254 1326 2285 quem
1351 2243 1506 2273 imitantes
1529 2253 1621 2273 omne
1646 2252 1701 2283 per

234 2299 355 2336 tempus
371 2301 611 2338 sequentesque,
628 2297 704 2328 alias
731 2298 820 2328 aliter
836 2298 992 2328 nascimur
1016 2303 1110 2339 atque
1133 2298 1287 2338 degimus.
1329 2297 1391 2327 Sed
1409 2295 1513 2327 fabula
1525 2294 1591 2336 jam
1607 2296 1701 2326 finem

232 2349 357 2381 habeat.
381 2360 418 2380 ea
434 2361 506 2381 vero
523 2352 680 2383 conducet
695 2352 786 2382 nobis
802 2353 841 2382 ad
859 2353 1118 2393 dignoscendum,
1136 2357 1286 2392 quantum
1305 2361 1395 2391 supra
1407 2351 1435 2380 in
1450 2350 1529 2391 regis
1539 2350 1702 2391 civilisque

233 2402 418 2434 definitione
445 2405 623 2437 erravimus.
670 2407 724 2437 So.
750 2407 822 2443 Qua
849 2406 881 2437 in
913 2417 944 2437 re
975 2412 1008 2437 et
1035 2411 1186 2448 quantum
1215 2416 1330 2436 errasse
1361 2416 1417 2435 nos
1447 2405 1546 2435 dicis?
1594 2404 1701 2436 Hosn-

235 2454 351 2486 Partim
381 2456 494 2494 minus,
508 2459 617 2499 partini
635 2460 814 2499 generosius
830 2460 1001 2501 magisque,
1018 2465 1049 2490 et
1075 2460 1144 2501 plus
1161 2469 1253 2501 quam
1268 2464 1342 2489 tunc
1359 2464 1504 2489 erratum.
1548 2459 1603 2491 So.
1626 2459 1698 2495 Quo

236 2510 356 2549 pacto?
373 2509 378 2519 ¹
402 2510 510 2542 Hom».
535 2511 629 2548 Quod
646 2513 741 2551 enim,
758 2514 831 2544 dum
848 2518 1036 2554 quaereretur
1051 2524 1100 2543 rex
1116 2512 1278 2553 civilisque
1293 2513 1338 2542 vir
1354 2523 1390 2542 ex
1408 2512 1551 2553 praesenti
1569 2512 1699 2543 circuitu

233 2563 508 2605 generationeque,
546 2571 699 2606 pastorem
738 2578 775 2598 ex
813 2568 966 2598 contraria
990 2568 1193 2598 conversione
1231 2567 1432 2606 adduximus,
1470 2571 1502 2596 ct
1537 2576 1591 2606 pro
1622 2575 1700 2595 rnor-

231 2615 285 2646 tali
320 2616 416 2658 [275]
451 2618 550 2659 gregis
576 2619 703 2650 humani
735 2626 857 2661 pastore
888 2620 991 2651 Deum
1023 2621 1342 2657 commemoravimus,
1372 2620 1494 2661 longius
1525 2618 1700 2659 transgressi

233 2680 358 2700 sumus:
383 2672 467 2711 quod
486 2682 557 2702 vero
571 2673 706 2704 civitatis
723 2674 873 2705 universae
890 2675 1062 2716 principem
1080 2675 1166 2705 illum
1183 2674 1392 2714 ostendimus,
1406 2685 1468 2715 quo
1483 2679 1585 2703 autern
1604 2673 1696 2702 modo

232 2722 378 2764 princeps
393 2728 486 2761 esset,
502 2735 565 2756 non
582 2726 820 2764 declaravimus,
837 2739 940 2759 verum
958 2728 1085 2769 quidem
1113 2728 1259 2767 diximus,
1275 2738 1340 2759 non
1356 2734 1461 2758 tamrn
1489 2728 1527 2757 ad
1546 2726 1700 2766 integrum

230 2778 459 2819 perspicueque
475 2778 705 2820 descripsimus.
729 2782 887 2818 Quocirca
904 2783 1005 2812 minus
1022 2782 1054 2812 in
1071 2783 1132 2813 hoc
1148 2793 1240 2823 quam
1258 2782 1290 2812 in
1306 2782 1359 2812 illo
1371 2781 1540 2822 deliquisse
1552 2780 1701 2810 videmur.
1731 2778 1735 2782 ’

232 2831 287 2862 So.
313 2830 394 2862 Vera
423 2831 569 2873 loqueris,
615 2832 723 2865 Hosr.
748 2833 935 2866 Existimare
964 2846 1037 2877 ergo
1067 2836 1217 2867 debemus
1248 2840 1323 2866 tunc
1347 2836 1472 2866 demum
1500 2844 1556 2863 nos
1575 2832 1699 2863 civilem

230 2884 327 2916 virum
344 2884 417 2915 satis
431 2886 622 2927 exposuisse,
646 2898 715 2918 cum
740 2889 949 2929 gubernandae
975 2887 1110 2919 civitatis
1135 2889 1264 2920 modum
1288 2889 1327 2919 ad
1353 2886 1567 2918 sufficientiam
1584 2885 1700 2915 discre-

231 2937 373 2970 verimus.
417 2938 472 2971 So.
501 2939 662 2973 Praeclare.
710 2940 815 2973 Hosr.
844 2943 896 2974 Ob
922 2943 1003 2975 lianc
1020 2943 1127 2984 utique
1144 2953 1348 2975 causarum-am
1366 2941 1500 2972 fabulam
1528 2939 1700 2980 inceptavi—

306 2991 396 3023 Prae.
414 2992 468 3024 Tr.
1014 2997 1039 3029 I.
1535 2996 1553 3024 3
1576 2993 1602 3024 B
1638 2989 1651 2999 ’
