1832 3256
185 213 282 264 πο]
769 210 1056 252 PHAEDRUS.
1597 216 1644 254 13

187 318 289 349 nent:
311 311 380 346 aliae
394 313 430 345 in
451 312 522 347 coeli
537 313 694 355 quendam
708 311 812 345 locum
838 311 1062 355 perjudicium
1088 312 1229 355 devatas,
1253 313 1300 345 ita
1318 315 1450 357 degunt,
1464 319 1500 346 ut
1513 316 1644 357 dignum

182 372 238 400 >est
251 379 290 400 ea
303 368 378 405 vita,
395 377 489 408 quam
510 367 546 398 in
570 365 704 398 hominis
725 366 824 409 figura
845 366 1000 399 vixerunt.
1046 359 1224 399 Millesimo
1243 378 1326 399 anno
1347 370 1446 400 ambae
1468 369 1647 406 redeuntes,

192 426 305 453 sortem
317 426 350 453 et
363 420 550 453 electionem
573 421 719 452 secundae
742 420 815 452 vitae
838 420 1026 462 suscipiunt,
1050 426 1083 453 et
1104 421 1215 463 deligit
1234 432 1432 464 unaquaeque
1454 432 1524 453 eam
1539 422 1647 459 vitam,

191 485 285 516 quam
300 474 386 506 velit.
429 474 493 506 Hic
507 473 588 505 etin
602 474 710 506 bestiae
725 474 820 505 vitam
840 475 978 506 humana
1000 474 1106 506 anima
1126 474 1247 516 transit,
1267 480 1300 507 et
1313 486 1351 506 ex
1372 475 1473 506 bestia
1487 485 1589 506 rursus
1611 474 1646 505 in

190 528 362 565 hominem,
377 528 405 559 si
419 528 513 559 modo
528 539 566 560 ea
580 527 684 560 anima
699 529 889 571 quandoque
904 529 989 571 prius
1003 529 1097 561 fuerit
1112 529 1258 562 hominis.
1302 528 1385 560 Nam
1401 539 1472 571 quae
1486 539 1647 570 nunquam

191 581 353 613 veritatem
367 580 550 623 inspexerit,
564 581 598 613 in
612 583 694 613 hanc
712 582 843 624 figuram
866 582 972 614 venire
987 594 1052 614 non
1074 583 1203 626 poterit.
1247 587 1373 624 oportet
1394 593 1466 614 vero
1487 582 1646 614 hominem

191 635 365 678 intelligere
380 636 552 668 secundum
573 636 723 678 speciem,
743 648 781 669 ex
804 636 910 668 multis
933 638 1153 679 procedentem
1169 637 1310 669 sensibus
1323 637 1356 668 in
1371 647 1469 668 unum
1482 636 1649 668 ratiocina-

191 689 279 720 tione
293 694 493 732 conceptum.
538 690 611 722 Hoc
625 695 729 722 autem
745 696 794 723 est
806 691 981 723 recordatio
996 692 1131 729 illorum,
1146 702 1218 734 quae
1240 691 1316 722 olim
1333 691 1412 722 vidit
1425 690 1530 722 anima
1542 695 1650 722 nostra

192 757 264 778 cnm
286 746 359 779 Deo
381 747 533 790 profecta,
556 752 589 779 et
602 747 656 779 illa
671 748 861 790 despiciens,
873 759 945 791 quae
967 759 1051 781 nunc
1067 759 1135 781 esse
1150 749 1293 786 dicimus,
1305 753 1338 780 et
1351 749 1391 779 ad
1405 748 1451 786 id,
1466 747 1553 790 quod
1575 757 1647 778 vere

191 805 251 838 est,
266 811 386 832 sursum
407 801 529 835 reflexa.
573 807 763 844 quapropter
783 803 849 834 sola
873 803 1055 845 philosophi
1081 803 1234 844 cogitatio
1259 803 1370 834 merito
1392 806 1557 843 recuperat
1570 802 1648 833 alas.

192 865 264 886 nam
289 854 350 886 illis
375 865 506 897 semper,
532 860 684 898 quantum
711 856 776 888 fieri
802 861 917 898 potest,
943 856 1090 889 memoria
1109 856 1251 898 inhaeret,
1264 857 1376 899 quibus
1391 855 1480 887 Deus
1493 855 1650 886 inhaerens

191 907 317 940 divinus
331 913 390 941 est.
405 909 519 941 talibus
533 914 637 942 autem
652 911 966 944 commentationibus
982 911 1036 953 qui
1050 916 1133 943 recte
1148 911 1256 949 utitur,
1273 911 1482 953 perfectisque
1493 908 1651 952 mysteriis

191 961 479 1004 semperimbuitur,
491 963 647 1005 perfectus
656 975 762 996 revera
776 964 861 996 solus
875 964 992 999 evadit.
1007 966 1047 996 ab
1062 965 1206 997 humanis
1221 969 1325 996 autem
1340 964 1450 995 studiis
1458 967 1650 1005 segregatus,

191 1015 363 1058 divinoque
376 1016 540 1054 inhaerens,
554 1018 692 1060 carpitur
706 1029 724 1050 a
738 1018 957 1060 multitudine,
979 1019 1069 1061 quasi
1091 1024 1179 1050 extra
1199 1029 1233 1050 se
1254 1018 1377 1060 positus
1391 1029 1399 1048 z
1422 1018 1476 1048 sed
1492 1018 1559 1058 ipse
1574 1016 1647 1047 Deo

192 1069 306 1111 plenus
321 1069 553 1103 multitudinem
570 1070 658 1105 latet.
701 1071 819 1104 Tendit
839 1073 934 1115 igitur
948 1074 1010 1105 huc
1033 1077 1117 1104 totus
1131 1083 1243 1110 sermo,
1266 1072 1322 1113 qui
1335 1076 1383 1103 est
1406 1071 1488 1103 cirea
1505 1074 1649 1112 quartum

193 1123 338 1160 furorem,
353 1134 417 1165 quo
431 1126 559 1166 quando
571 1126 654 1168 quis,
676 1126 742 1157 visa
763 1126 814 1158 hic
837 1126 1073 1169 pulchritudine
1095 1126 1212 1167 aliqua,
1234 1135 1315 1157 verae
1337 1125 1420 1156 illius
1434 1124 1648 1161 reminiscens,

192 1177 258 1208 alas
272 1177 395 1219 recipit,
411 1178 607 1221 receptisque
620 1180 744 1211 evolare
758 1180 868 1211 nititur
883 1191 890 1211 :
913 1191 985 1212 cum
1001 1191 1073 1212 vero
1088 1180 1122 1211 id
1138 1179 1239 1211 facere
1254 1183 1404 1220 nequeat,
1418 1183 1567 1219 tanquam
1582 1177 1647 1208 avis

193 1240 329 1272 superna
342 1231 525 1273 suspiciens,
541 1237 574 1263 et
587 1233 733 1265 insen'ora
743 1238 960 1274 contemnens,
972 1233 1090 1265 crimen
1103 1236 1254 1274 reportat,
1264 1231 1354 1274 quasi
1364 1231 1466 1263 furore
1477 1235 1648 1272 correptus.

193 1283 274 1316 Haec
289 1284 395 1326 itaque
411 1283 518 1316 divina
533 1285 681 1318 alienatio
697 1287 837 1318 omnium
852 1286 1076 1318 alienationum
1091 1286 1222 1328 optima,
1237 1290 1332 1328 atque
1346 1296 1386 1317 ex
1406 1284 1533 1326 optimis
1547 1284 1595 1321 fit,
1618 1289 1652 1315 et

191 1337 331 1374 habenti,
341 1342 374 1368 et
386 1338 588 1381 participanti
601 1351 609 1371 ε
622 1345 656 1372 et
664 1341 719 1383 qui
729 1341 789 1372 hoc
798 1345 922 1372 tenetur
929 1340 1043 1378 furore,
1055 1351 1127 1372 curn
1138 1345 1222 1371 amet
1232 1340 1373 1381 pulchra,
1383 1343 1500 1371 amator
1509 1342 1649 1369 vocatur.

194 1389 241 1422 Ut
250 1391 334 1422 enim
348 1390 467 1423 dictum
482 1397 541 1430 est,
553 1394 654 1425 omnis
666 1394 771 1425 anima
779 1394 915 1425 hominis
924 1404 974 1430 ea,
989 1404 1060 1436 quae
1071 1404 1141 1425 vere
1156 1398 1241 1431 sunt,
1255 1393 1370 1424 intuita
1384 1397 1445 1433 est,
1460 1390 1601 1432 alioquin
1615 1390 1649 1420 in

192 1445 254 1477 hoc
268 1445 383 1476 animal
398 1456 462 1476 non
477 1445 624 1478 venisset.
669 1447 766 1488 [250]
808 1447 964 1479 recordari
979 1457 1051 1478 vero
1064 1458 1102 1478 ex
1118 1447 1178 1484 his,
1194 1457 1265 1489 quaa
1280 1447 1331 1478 hic
1346 1451 1430 1487 sunt,
1444 1445 1568 1476 illorum
1583 1453 1649 1474 non

193 1498 287 1533 facile
301 1503 349 1530 est
363 1498 518 1536 omnibus,
534 1510 593 1532 nec
608 1504 686 1541 quot
699 1511 738 1531 ex
753 1500 815 1531 illia
828 1500 921 1531 breve
937 1505 1060 1542 tempus
1075 1500 1150 1531 illuc
1161 1500 1374 1541 inspexerunt,
1387 1509 1490 1540 neque
1499 1502 1577 1539 quot
1587 1498 1651 1528 huc

192 1553 421 1586 descendentes
432 1552 631 1584 infortunatae
646 1552 783 1593 fuerunt,
799 1553 842 1584 ita
853 1558 889 1584 ut
899 1553 1086 1595 quibusdam
1103 1552 1383 1585 consuetudinibus
1397 1552 1587 1592 depravatae,
1602 1560 1651 1581 sa-

190 1617 324 1645 crorum,
339 1616 410 1648 quae
425 1606 594 1648 aliquando
617 1606 827 1648 inspexerant,
851 1607 1040 1639 oblivionem
1064 1607 1267 1648 susceperint.
1313 1606 1524 1643 Quamobrem
1540 1614 1650 1647 paucae

190 1665 320 1702 restant,
332 1660 445 1703 quibus
459 1659 534 1691 satis
548 1660 704 1692 memoriae
719 1660 864 1702 supersit.
887 1661 947 1692 Hae
962 1671 1047 1702 vero,
1058 1661 1186 1703 quando
1201 1660 1252 1692 hic
1265 1659 1502 1691 similitudinem
1513 1658 1650 1700 aliquam

192 1725 311 1751 eorum,
325 1723 396 1756 quae
411 1713 475 1745 illic
489 1713 700 1755 inspexerant,
713 1714 886 1752 intuentur,
908 1714 1146 1757 obstupescunt,
1168 1719 1201 1746 et
1215 1714 1306 1756 quasi
1319 1718 1405 1745 extra
1419 1724 1452 1745 se
1467 1717 1628 1755 ponuntur
1641 1724 1649 1742 ς

191 1778 265 1810 quae
279 1774 384 1799 tamen
398 1767 438 1798 sit
459 1767 527 1798 haec
541 1766 679 1804 affectio,
694 1767 852 1810 ignorant,
866 1768 940 1810 quia
966 1779 1030 1799 non
1045 1768 1119 1800 satis
1131 1768 1258 1800 omnino
1271 1767 1477 1810 persentiunt.
1508 1767 1529 1799 J
1533 1765 1648 1797 ustitiae

191 1821 332 1863 quidem,
353 1825 386 1852 et
410 1821 636 1863 temperantiae,
660 1825 694 1853 et
721 1821 865 1864 aliorum,
891 1828 970 1865 quot
993 1822 1105 1854 animis
1130 1822 1318 1854 venerabilia
1338 1826 1423 1859 sunt,
1448 1821 1648 1863 splendorem

154 1904 157 1906 .
190 1875 312 1907 nullum
347 1875 381 1906 in
413 1875 462 1906 his
497 1875 683 1917 imaginibus
711 1876 864 1909 cernimus
877 1889 886 1909 ε
923 1877 979 1909 sed
1015 1888 1072 1920 per
1099 1877 1230 1910 obscura
1266 1877 1410 1918 quaedam
1446 1875 1651 1906 instrumenta

187 1930 239 1963 rix
269 1934 303 1961 et
329 1928 480 1972 perpauci
498 1929 531 1960 in
560 1940 667 1962 eorum
691 1930 843 1973 imagines
873 1933 1072 1973 accedentes,
1096 1931 1177 1973 ejus,
1207 1932 1293 1974 quod
1323 1930 1518 1966 assimilatur,
1549 1937 1648 1970 genus

190 1984 360 2027 aspiciunt.
418 1983 466 2015 At
492 1983 757 2026 pulchritudinem
787 1990 862 2018 tunc
890 1986 1008 2019 licebat
1036 1987 1141 2019 videre
1170 1986 1381 2022 clarissimam,
1411 1983 1539 2026 quando
1574 1992 1647 2014 cum

191 2038 345 2070 beatoillo
360 2038 455 2070 choro
470 2037 593 2072 felicem
608 2038 760 2072 visionem
771 2041 1130 2084 contemplationemque
1143 2040 1253 2078 secuti,
1265 2051 1336 2072 cum
1348 2039 1429 2072 Jove
1439 2037 1567 2080 quidem
1577 2046 1648 2073 nos,

189 2092 245 2124 alii
256 2103 331 2124 vero
355 2102 427 2127 cum
441 2092 503 2124 alio
528 2093 666 2135 quodam
691 2093 833 2128 Deorum
858 2095 1018 2133 viderunt,
1039 2101 1073 2127 et
1095 2095 1212 2127 initiati
1237 2100 1311 2127 sunt
1323 2094 1429 2130 sacris,
1443 2102 1514 2134 quae
1528 2091 1575 2122 fas
1599 2093 1648 2121 est

189 2147 294 2179 dicere
307 2157 461 2180 sacrorum
476 2147 616 2181 omnium
630 2147 828 2181 beatissima:
843 2160 914 2192 quae
930 2160 1093 2192 operamur
1107 2150 1219 2193 integri
1233 2149 1360 2193 quidem
1371 2158 1442 2189 nos,
1449 2152 1481 2179 et
1496 2146 1646 2177 malorum

189 2205 344 2242 expertes,
357 2205 437 2243 quot
448 2200 483 2232 in
497 2206 655 2242 posterum
670 2203 851 2246 manebant,
861 2204 984 2246 integra
999 2215 1127 2247 quoque
1136 2210 1169 2236 et
1180 2204 1347 2247 simplicia,
1357 2201 1602 2242 immobiliaque,
1613 2203 1647 2231 et

189 2255 283 2287 beata
296 2254 476 2296 spectacula
489 2255 604 2287 initiati
618 2256 832 2298 inspectantes
846 2268 925 2300 pura
939 2259 973 2290 in
987 2259 1059 2290 luce
1072 2259 1144 2301 puri
1165 2264 1198 2291 et
1211 2258 1413 2295 immaculati,
1429 2256 1584 2299 solutique
1606 2256 1646 2287 ab

188 2309 263 2346 hoc,
289 2308 375 2350 qnod
398 2317 482 2340 nunc
497 2308 761 2351 circumferentes,
774 2322 887 2353 corpus
909 2322 1068 2353 vocamus,
1090 2313 1124 2342 in
1149 2313 1277 2343 modum
1298 2317 1407 2343 ostreae
1430 2311 1502 2342 huic
1516 2309 1646 2351 alligati.

188 2363 269 2398 Haec
283 2366 388 2394 autem
403 2362 559 2394 memorias
571 2362 637 2393 sint
651 2364 813 2406 attributa,
827 2370 954 2407 propter
969 2376 1063 2407 quam
1077 2366 1234 2398 desiderio
1249 2365 1382 2401 illorum,
1398 2375 1470 2406 quae
1485 2365 1644 2406 quondam

189 2416 337 2456 vidimus,
351 2425 436 2447 nunc
450 2426 622 2448 sermonem
636 2418 845 2450 extendimus.
867 2419 1075 2451 Pulchritudo
1087 2424 1205 2460 autem,
1219 2420 1483 2461 quemadmodum
1498 2418 1645 2455 diximus,

188 2475 223 2502 et
235 2481 306 2502 cum
320 2469 382 2501 illis
396 2469 597 2511 progrediens
612 2470 784 2512 effulgebat
797 2476 886 2510 tunc,
900 2478 933 2504 et
947 2474 1009 2505 huc
1023 2473 1156 2515 profecti
1167 2474 1364 2516 percepimus
1375 2483 1444 2504 eam
1457 2483 1511 2514 per
1520 2482 1644 2503 sensum

189 2529 361 2555 nostrorum
376 2522 676 2565 perspicacissimum
691 2524 860 2558 clarissime
875 2527 1093 2568 refulgentem.
1137 2528 1221 2559 visus
1236 2528 1320 2559 enim
1341 2526 1432 2558 nobis
1447 2525 1645 2568 peracutissi·

188 2587 259 2610 mus
280 2580 328 2607 est
352 2586 498 2608 sensuum
524 2577 674 2615 omnium,
698 2579 753 2620 qui
778 2590 834 2621 per
858 2590 971 2622 corpus
996 2581 1086 2614 fiunt.
1128 2592 1192 2624 quo
1219 2580 1375 2623 sapientia
1402 2590 1468 2611 non
1496 2579 1644 2612 cernitur.

188 2632 334 2663 ardentes
347 2629 432 2661 enim
456 2630 604 2662 excitaret
617 2642 747 2669 amores,
763 2634 790 2665 si
815 2634 893 2676 quid
909 2634 972 2666 tale
999 2635 1098 2676 ipsius
1113 2636 1310 2667 simulacrum
1330 2634 1527 2666 manifestum
1542 2633 1643 2664 oculis

187 2683 376 2727 proveniret.
421 2682 540 2714 Eadem
555 2689 604 2715 est
617 2685 658 2716 de
672 2686 795 2725 ceteris,
811 2698 882 2730 quae
897 2694 971 2719 sunt
983 2689 1141 2727 amabilia,
1157 2690 1249 2722 ratio.
1293 2689 1338 2720 At
1351 2699 1423 2720 vero
1439 2686 1640 2729 pulchritudo

188 2739 256 2771 sola
269 2739 351 2769 hanc
366 2736 476 2767 habuit
491 2741 614 2775 sortem,
630 2743 666 2769 ut
680 2741 810 2773 maxime
825 2742 964 2775 omnium
979 2747 1012 2774 et
1026 2743 1192 2786 perspicua
1207 2743 1258 2780 sit,
1270 2747 1303 2775 et
1317 2741 1469 2774 amabilis.
1492 2740 1558 2779 Qui
1566 2750 1640 2780 ergo

188 2802 254 2824 non
268 2796 318 2822 est
331 2790 485 2833 mysteriis
511 2801 610 2832 nuper
634 2791 786 2831 initiatus,
813 2801 868 2827 aut
892 2797 998 2838 potius
1023 2802 1071 2828 est
1093 2798 1292 2839 depravatus,
1306 2797 1391 2827 haud
1406 2795 1547 2828 celeriter
1567 2793 1641 2825 hinc

188 2844 264 2878 illuc
279 2845 319 2876 ad
331 2844 430 2887 ipsam
445 2843 710 2886 pulchritudinem
733 2849 896 2890 excitatur,
917 2849 1152 2882 similitudinem
1174 2851 1226 2883 hic
1247 2850 1417 2892 quandam,
1432 2858 1503 2890 quae
1526 2847 1565 2878 ab
1587 2846 1642 2877 illa

189 2898 419 2936 denominatur,
443 2898 610 2940 aspiciens.
652 2907 843 2944 quapropter
864 2913 929 2934 non
943 2908 1118 2942 veneratur,
1132 2905 1208 2936 dum
1223 2902 1347 2945 aspicit,
1360 2902 1415 2934 sed
1430 2899 1643 2943 quadrupedia

190 2953 251 2986 ritu
266 2951 392 2985 deditus
404 2951 571 2994 voluptati,
585 2954 712 2996 aggredi
734 2959 768 2987 et
789 2957 994 2990 concumbere
1015 2957 1146 2994 nititur:
1171 2957 1410 2999 petulanterque
1423 2951 1640 2996 congrediens,
