1846 3268
232 283 312 322 416
848 280 1114 322 PLATONIS
1597 279 1694 331 [ποῦ

233 384 358 426 genitus
377 383 489 419 Amor.
512 389 560 416 est
581 388 686 416 autem
709 384 922 426 pulchrorum,
937 390 973 415 ut
995 384 1063 426 ipse
1087 384 1206 427 inquis.
1250 383 1366 415 Verum
1381 383 1407 415 si
1423 383 1492 425 quis
1508 383 1551 414 ita
1565 388 1696 426 quoerat,

234 439 334 480 Cujus
350 439 446 481 gratia
461 439 558 470 Amor
572 439 772 480 pulchrorum
797 443 857 475 est,
874 449 892 468 o
916 438 1059 469 Socrates
1083 443 1177 480 atque
1200 438 1364 469 Diutima?
1388 439 1482 469 immo
1505 438 1548 468 sic
1572 437 1695 471 clarius,

235 493 300 530 Qui
327 493 457 535 pulchra
475 497 570 534 amat,
584 492 660 534 quid
686 492 726 522 ab
754 492 801 522 his
827 491 1021 532 potissimum
1046 492 1188 533 expetit?
1212 492 1287 533 quid
1315 491 1595 533 respondebimus?
1639 490 1698 522 So.

236 547 359 578 Adesse
375 546 523 577 videlicet
537 546 607 579 sibi.
651 545 738 576 Dio.
759 545 806 576 At
826 547 894 577 haec
909 545 1070 587 responsio
1086 545 1289 587 quaestionem
1305 545 1487 587 hujusmodi
1503 545 1582 575 ultra
1597 544 1699 586 requi-

234 601 293 632 rit:
318 601 404 638 Quid
421 601 479 631 erit
495 600 552 637 illi,
567 599 619 632 cui
635 600 765 641 pulchra
780 599 936 630 aderunt?
981 599 1040 631 So.
1063 598 1153 630 Nihil
1166 598 1198 629 in
1213 599 1468 640 promptu,quod
1481 598 1701 639 respondeam,

235 655 348 686 habeo.
394 654 478 686 on.
501 654 535 686 Si
550 654 620 696 quis
631 665 716 691 vero,
734 653 861 685 mutatis
876 653 1047 690 vocabulis,
1063 658 1095 684 et
1110 653 1194 684 bono
1211 663 1266 695 pro
1278 653 1410 694 pulchro
1423 657 1525 690 utens,
1537 656 1701 694 perconte-

237 713 297 746 tur,
323 708 387 745 Qui
405 713 488 739 amat
512 708 606 749 bona,
620 708 698 750 quid
723 707 869 750 expetit?
915 708 971 739 So.
997 706 1120 739 Adesse
1136 707 1207 740 sibi.
1249 706 1332 739 Dro.
1356 706 1443 744 Quid
1468 706 1542 737 huic
1565 705 1635 742 erit,
1650 703 1702 735 cni

240 763 324 793 bona
345 763 479 793 aderunt
495 763 506 793 .²
552 762 610 794 So.
632 761 767 793 Facilior
795 761 835 792 ad
864 761 926 792 ista
954 761 1116 802 responsio
1130 772 1138 791 ε
1176 759 1252 791 felix
1282 759 1350 791 erit.
1395 759 1478 790 Dio.
1501 759 1703 790 Possessione

239 815 337 857 [205]
361 826 436 847 sane
459 817 611 847 bonorum
634 815 719 847 beati
745 819 829 852 sunt,
844 815 1025 857 quicunque
1052 811 1156 846 beati:
1181 825 1283 856 neque
1303 813 1457 855 requirere
1479 812 1607 844 ulterius
1622 823 1703 854 opus

237 874 296 906 est,
312 870 350 900 ad
369 870 443 912 quid
459 870 533 901 felix
556 881 623 901 esse
639 870 725 907 velit,
741 869 804 912 qui
827 869 1009 901 felicitatem
1025 874 1115 911 optat
1128 880 1138 908 ;
1161 869 1215 900 sed
1231 869 1324 899 finem
1336 867 1402 909 jam
1415 867 1579 909 responsio,
1591 868 1703 898 habere

238 922 373 956 videtur.
411 923 473 955 So.
498 923 581 955 Vera
595 923 743 965 loqueris.
788 923 870 954 Dio.
895 922 1047 964 Nunquid
1065 924 1146 954 hanc
1161 922 1353 953 voluntatem
1371 931 1568 962 amoremque
1582 921 1705 952 cunctis

239 987 348 1008 censes
370 977 549 1008 hominibus
574 988 642 1008 esse
665 977 887 1008 communem?
912 987 1083 1018 omnesque
1107 975 1200 1013 velle,
1229 975 1314 1006 bona
1339 975 1398 1005 sibi
1424 983 1545 1015 semper
1566 973 1702 1005 adesse?

239 1030 296 1064 So.
321 1031 530 1064 Communem
546 1032 649 1073 plane-
695 1031 779 1063 Dio.
805 1031 870 1063 Cur
883 1041 957 1072 ergo
972 1041 1038 1062 non
1065 1041 1184 1068 omneS,
1201 1040 1220 1060 0
1232 1030 1389 1065 Socrates,
1402 1038 1504 1059 amare
1518 1027 1663 1064 dicimus,
1679 1026 1706 1057 si

239 1084 368 1126 quidem
392 1095 501 1116 omnes
526 1090 559 1116 et:
581 1085 690 1116 eadem
716 1090 751 1116 et
773 1095 895 1126 semper
910 1084 1038 1115 amant?
1062 1085 1116 1115 sed
1142 1084 1295 1125 quosdam
1321 1092 1434 1119 amare,
1450 1082 1528 1113 alios
1554 1080 1706 1112 minime?

241 1139 296 1169 So.
320 1138 466 1169 Admiror
480 1145 513 1170 et
527 1139 606 1181 ipse.
652 1138 735 1170 Dio.
760 1138 822 1170 Sed
838 1149 878 1169 ne
894 1138 1021 1171 mireris.
1042 1148 1114 1168 nam
1131 1138 1269 1179 speciem
1292 1137 1448 1178 quandam
1474 1133 1643 1166 amantium
1659 1144 1707 1165 se·

241 1191 374 1233 ligentes
389 1191 538 1224 Amorem
555 1192 806 1235 denominamus,
823 1192 919 1224 totius
933 1202 1049 1223 nomen
1074 1192 1300 1223 attribuentes:
1323 1190 1355 1221 in
1370 1189 1440 1220 aliis
1455 1194 1558 1236 autem
1575 1187 1709 1220 nomini·

242 1246 300 1277 bus
326 1245 395 1277 aliis
420 1247 544 1278 utimur.
591 1247 648 1279 So.
671 1246 827 1288 Exemplo
853 1247 991 1288 quodam
1018 1246 1155 1278 declara.
1198 1245 1279 1276 Dio.
1301 1245 1348 1277 Ut
1374 1254 1461 1276 ecce.
1505 1243 1572 1275 Scis
1586 1242 1708 1285 utique,

241 1300 412 1332 factionem
437 1301 575 1343 amplum
602 1302 753 1343 quiddam
781 1311 860 1334 esse.
882 1301 978 1332 factio
1005 1301 1159 1342 siqnidem
1183 1299 1353 1342 generatim
1376 1298 1490 1329 dicitur
1515 1305 1710 1338 cansa‚ssqua

245 1355 491 1396 unumquodque
507 1365 544 1386 ex
559 1366 622 1386 non
638 1366 705 1386 esse
721 1356 760 1386 ad
777 1365 844 1386 esse
861 1354 1013 1396 procedit.
1038 1358 1228 1396 quapropter
1243 1363 1350 1384 omnes
1366 1350 1518 1394 cujusque
1538 1349 1612 1382 artis
1631 1348 1710 1380 acti·

245 1418 321 1439 ones
336 1407 489 1439 factiones
501 1414 585 1446 sunt,
602 1414 633 1440 et
643 1408 777 1440 artifices
790 1419 898 1440 omnes
912 1408 1073 1450 potitae‚i‹l
1085 1413 1132 1439 est
1146 1408 1290 1439 factores.
1315 1406 1372 1438 SO.
1389 1406 1474 1438 Vera
1485 1414 1600 1436 narras.
1623 1403 1708 1436 Dm.

245 1461 344 1493 Vides
359 1466 474 1499 tamen,
491 1463 576 1504 quod
596 1473 658 1494 non
675 1468 827 1494 vocantur
842 1462 959 1505 po'etae,
975 1463 1030 1494 sed
1053 1462 1114 1493 alia
1137 1462 1264 1492 nomina
1286 1460 1465 1492 sortiuntur.
1488 1469 1526 1490 ex
1538 1458 1621 1490 omni
1638 1468 1711 1489 vero

244 1515 383 1547 factione
400 1526 462 1547 una
482 1516 597 1548 selecta
613 1516 778 1559 particula,
801 1527 872 1559 quae
887 1517 1006 1548 scilicet
1022 1517 1106 1548 circa
1121 1515 1270 1547 musicam
1285 1514 1483 1556 carminaque
1497 1517 1646 1550 versatur,
1662 1515 1712 1542 to·

247 1569 308 1600 tius
325 1569 450 1601 nomine
463 1575 673 1612 nuncupatur.
690 1571 797 1613 poiisis
811 1571 907 1608 enim,
922 1571 954 1602 id
970 1576 1018 1602 est
1031 1570 1140 1608 factio,
1156 1570 1223 1601 haec
1237 1569 1303 1600 sola
1319 1574 1429 1600 vocata
1439 1572 1504 1599 est:
1522 1566 1616 1608 quive
1630 1567 1711 1597 hanc

245 1623 392 1655 factionis
404 1624 589 1666 particulam
601 1625 731 1666 habent,·
744 1625 862 1667 poetae.
908 1625 964 1657 So.
989 1624 1073 1656 Vera
1083 1625 1149 1655 haec
1161 1628 1246 1655 sunt.
1285 1622 1366 1654 Dro.
1388 1621 1478 1652 Idem
1489 1630 1614 1662 quoque
1629 1619 1712 1651 circa

246 1687 383 1710 amorem
398 1679 524 1711 accidit.
548 1690 620 1710 nam
646 1679 822 1711 summatim
844 1679 972 1722 quidem
996 1679 1097 1710 omnis
1114 1679 1271 1712 ‚bonorum
1297 1675 1522 1717 felicitatisque
1544 1673 1712 1716 appetitio,

248 1732 400 1764 maximus
415 1739 448 1764 et
470 1734 633 1765 insidiator
647 1744 733 1765 amor
755 1738 804 1765 est
818 1734 945 1776 cuique.
979 1744 1083 1765 verum
1105 1733 1159 1775 qui
1182 1732 1222 1763 ad
1249 1732 1366 1765 bonum
1391 1730 1495 1764 studio
1511 1728 1713 1771 pecuniarum

250 1786 300 1817 vel
315 1788 520 1829 gymnasticae
536 1788 586 1820 vel
612 1787 775 1830 sapientias
792 1788 1040 1830 proficiscuntur,
1056 1798 1115 1819 nec
1131 1797 1232 1818 amare
1248 1795 1306 1817 nec
1321 1788 1474 1817 amatores
1487 1781 1713 1825 cognominan-

248 1843 318 1872 tur:
342 1841 396 1882 qui
412 1852 484 1873 vero
498 1843 672 1874 secundum
686 1847 801 1874 certam
817 1843 954 1884 speciem
971 1842 1010 1873 ad
1033 1842 1066 1872 id
1089 1840 1297 1876 contendunt,
1313 1838 1410 1870 totius
1431 1847 1548 1869 nomen
1569 1837 1717 1877 subeunt,

250 1905 386 1926 amorem
401 1895 550 1927 videlicet
565 1903 598 1928 et
611 1907 713 1929 amare
728 1901 762 1929 et
773 1902 936 1928 amatores.
982 1896 1036 1936 So.
1059 1895 1163 1927 Recte
1179 1894 1264 1936 loqui
1280 1892 1406 1925 videris.
1450 1891 1537 1923 Dio.
1558 1888 1716 1922 Nonnulli

250 1949 355 1980 ferunt
376 1960 441 1988 eos,
456 1951 510 1992 qui
536 1951 700 1982 dimidium
727 1948 776 1982 sui
798 1951 992 1993 perquirunt,
1014 1960 1128 1982 amare.
1152 1960 1211 1991 ego
1237 1953 1341 1980 autem
1358 1956 1461 1990 neque
1475 1943 1599 1977 dimidii
1612 1953 1716 1984 neque

252 2003 348 2034 totius
369 2014 504 2036 amorem
530 2015 645 2042 assero,
661 2005 722 2036 nisi
745 2005 851 2048 aliquo
877 2010 971 2047 pacto
995 2004 1036 2036 sit
1054 2005 1193 2036 bonum:
1217 2001 1476 2045 quandoquidem
1501 2004 1535 2031 et
1560 2007 1670 2033 marrus
1683 2001 1718 2028 et

253 2058 365 2100 pedeS,
378 2058 405 2089 si
425 2058 589 2090 videantur
604 2059 698 2100 mala,
719 2059 769 2090 vel
785 2070 803 2090 a
817 2069 850 2091 se
865 2059 942 2101 ipsis
957 2059 1099 2090 homines
1111 2056 1293 2088 abscindere
1309 2055 1428 2086 volunt.
1450 2063 1514 2084 non
1529 2053 1612 2084 enim
1627 2062 1718 2084 suum

251 2112 383 2155 quisque
406 2113 528 2154 diligit:
551 2112 613 2145 nisi
633 2113 714 2145 forte
735 2112 890 2155 quispiam
913 2112 998 2154 quod
1022 2113 1139 2143 bonum
1161 2115 1221 2148 est,
1236 2120 1326 2140 suum
1342 2119 1379 2139 ac
1395 2106 1552 2150 proprium
1564 2105 1718 2148 cujusque

251 2172 366 2206 vocet;
387 2168 473 2209 quod
490 2178 562 2199 vero
584 2167 713 2210 malum,
729 2168 833 2210 potius
855 2167 1017 2199 alienum:
1040 2166 1160 2208 quippe
1184 2175 1256 2197 cum
1275 2163 1353 2195 nihil
1376 2163 1461 2194 aliud
1486 2167 1597 2204 praeter
1619 2161 1717 2205 [206]

254 2222 370 2252 bonum
385 2221 527 2253 homines
541 2226 658 2255 ament.
682 2232 789 2253 nonne
803 2222 847 2253 sic
863 2226 896 2252 et
918 2220 975 2252 tibi
995 2219 1163 2251 videntur?
1208 2218 1264 2250 So.
1287 2217 1340 2249 Sic
1368 2216 1488 2258 utique.
1533 2215 1614 2246 Dio.
1637 2215 1718 2247 Sim-

254 2275 379 2318 pliciter
391 2286 465 2318 ergo
480 2276 650 2308 dicendum
666 2281 727 2318 est,
743 2275 885 2307 homines
900 2275 1017 2306 bonum
1032 2284 1146 2305 amare.
1190 2271 1247 2304 So.
1272 2271 1386 2304 Procul
1402 2271 1510 2303 dubio.
1553 2269 1639 2302 Dio.
1662 2268 1718 2300 An

253 2341 317 2361 non
333 2331 525 2367 addendum,
541 2331 626 2373 quod
642 2331 751 2362 adesse
775 2330 835 2361 sibi
861 2330 977 2361 bonum
1004 2328 1161 2370 cupiunt?
1206 2327 1263 2358 So.
1289 2325 1494 2358 Addendum.
1539 2323 1623 2356 D1o.
1646 2323 1718 2356 Nec

254 2385 365 2415 adesse
380 2384 493 2422 solum,
509 2385 563 2416 sed
579 2390 612 2416 et
621 2395 744 2427 semper
758 2385 866 2416 adesse
881 2384 892 2415 ?
938 2384 992 2415 So.
1019 2382 1062 2414 Et
1076 2391 1209 2424 semper.
1255 2380 1340 2412 Dio.
1364 2379 1422 2410 Est
1436 2379 1530 2420 igitur
1543 2378 1719 2410 summatim

255 2448 342 2469 amor
354 2438 522 2480 appetitiO,
536 2449 598 2480 qua
613 2440 729 2470 bonum
745 2439 804 2470 sibi
820 2449 941 2480 semper
957 2448 1024 2469 csse
1035 2436 1106 2479 quis
1117 2436 1216 2477 cupit.
1260 2434 1316 2466 So.
1338 2433 1421 2465 Vera
1432 2433 1562 2464 nimium
1576 2432 1722 2474 loqueris·

255 2491 338 2524 Dio.
363 2492 535 2534 Postquam
552 2493 734 2535 hujusmodi
748 2493 900 2535 quiddam
915 2502 1037 2534 semper
1052 2495 1100 2522 est
1121 2488 1304 2520 universalis
1330 2498 1426 2528 amor,
1448 2492 1580 2529 potesne
1601 2486 1719 2531 dicere.

256 2555 327 2586 quae
343 2545 536 2587 potissimum
553 2547 727 2589 appetendi
741 2546 894 2584 conditio,
909 2546 1003 2587 quive
1031 2543 1241 2587 prosequendi
1262 2543 1386 2583 modus,
1406 2547 1439 2574 et
1453 2542 1485 2573 in
1500 2541 1588 2583 quali
1602 2541 1650 2573 vel
1666 2551 1718 2573 ac-

256 2599 341 2630 tione
359 2599 407 2631 vel
422 2600 539 2641 studio,
554 2611 640 2632 amor
663 2601 788 2643 proprie
811 2599 1010 2635 nominetur?
1055 2599 1113 2630 So.
1137 2598 1171 2629 Si
1196 2597 1229 2628 id
1255 2597 1418 2628 ostendere
1442 2595 1623 2638 potuissem,
1639 2605 1720 2626 nun-

255 2664 349 2695 quam
366 2654 550 2695 sapientiam
569 2660 652 2686 tuam
669 2655 838 2686 admiratus
854 2665 965 2691 essem,
981 2653 1137 2692 Diotima,
1153 2662 1256 2694 neque
1284 2650 1427 2682 discendi
1453 2649 1551 2692 gratia.
1563 2649 1602 2680 ad
1620 2654 1650 2680 te
1665 2659 1719 2681 ve-

257 2707 383 2740 nissem.
429 2707 510 2739 Dro.
534 2708 581 2740 At
595 2720 654 2751 ego
670 2709 786 2740 dicam.
810 2709 1024 2750 est.iuquan1,
1040 2709 1100 2740 hoc
1116 2712 1221 2749 partus
1244 2705 1277 2736 in
1301 2705 1443 2747 pulchro,
1459 2710 1522 2735 tarn
1547 2703 1719 2748 secundum

258 2762 393 2793 animam
421 2772 515 2804 quam
530 2764 700 2795 secundum
714 2773 840 2806 corpus.
886 2763 943 2794 So-
967 2762 1127 2794 Vaticinio
1143 2771 1223 2803 opus
1244 2765 1292 2791 est.
1315 2761 1354 2790 ad
1371 2759 1418 2796 id,
1432 2758 1517 2800 quod
1533 2757 1589 2798 ais,
1603 2756 1720 2788 intelli-

259 2817 409 2858 gendum.
433 2816 492 2848 hoc
506 2816 588 2848 enim
604 2817 690 2848 nullo
701 2818 795 2848 modo
813 2817 964 2859 percipio.
997 2816 1078 2849 Dro.
1102 2815 1214 2847 Dicam
1231 2814 1378 2857 equidem
1391 2812 1526 2856 planius.
1559 2810 1721 2847 Omnium,

259 2882 278 2902 o
293 2871 448 2908 Socrates,
463 2870 623 2902 hominum
641 2880 803 2914 praegnans
820 2878 852 2902 et
868 2871 1028 2913 gravidum
1044 2881 1156 2912 corpus
1172 2875 1230 2907 cst,
1248 2878 1411 2911 praegnans
1424 2872 1456 2898 et
1467 2866 1582 2897 anima.
1604 2869 1638 2896 et
1647 2874 1719 2896 cum

258 2925 391 2966 primum
408 2925 447 2955 ad
462 2929 576 2956 certam
593 2930 716 2956 aetatem
741 2926 983 2967 pervenerimus,
1002 2935 1106 2966 parere
1132 2929 1238 2956 nostra
1263 2928 1373 2954 natura
1386 2921 1493 2963 cupit:
1520 2930 1625 2961 parere
1647 2928 1720 2959 vero

259 2979 293 3010 in
309 2979 391 3021 turpi
407 2979 527 3022 nequit,
544 2980 575 3011 in
591 2979 720 3022 pulchro
736 2985 850 3022 potest.
896 2980 965 3012 Viri
978 2990 1053 3012 sane
1065 2978 1259 3020 mulierisque
1271 2986 1436 3018 congressu
1450 2974 1539 3009 suctus
1557 2978 1722 3016 partusque
