1846 3268
150 308 246 360 507]
750 300 1008 346 GORGIAs.
1532 307 1612 343 ‘219

147 422 202 442 vus
220 413 258 444 sit
274 417 306 442 et
321 413 448 443 demens
462 406 555 453 atque
572 411 780 452 intemperans
793 409 990 451 injustusque
1003 413 1036 440 et
1051 409 1179 451 impius,
1195 409 1389 441 coercendus
1401 408 1543 439 nimirum
1560 413 1607 438 est

147 476 165 496 a
180 466 415 507 cupiditatibus,
431 475 533 506 neque
550 464 775 505 permittendus
790 463 851 494 alia
867 463 979 499 facere,
996 473 1089 504 quam
1106 463 1159 494 illa
1176 473 1213 494 ex
1227 462 1342 504 quibus
1356 463 1470 493 evadat
1485 461 1605 492 melior.

145 515 326 558 Consentis,
351 529 452 549 necne
465 519 476 549 ?
522 518 608 551 Cu..
633 517 816 549 Consentio.
860 516 916 549 So.
940 516 989 548 Ita
1015 516 1098 547 enim
1124 517 1184 558 ipsi
1210 517 1313 547 animo
1329 515 1470 557 expedit.
1516 514 1603 545 CAL-

145 572 284 604 Prorsus'.
328 572 382 603 So.
405 571 522 602 Nonne
534 571 678 603 coercere
695 575 742 602 est
756 571 796 601 ab
818 570 866 601 his
891 580 961 611 quae
977 570 1079 612 cupit,
1095 570 1280 602 continere?
1326 570 1412 601 Cn..
1435 568 1504 600 Est.
1548 567 1604 597 So.

143 626 347 658 Continentia
360 626 455 667 igitur
471 626 579 657 melior
591 630 639 657 est
663 625 767 656 animo
789 634 883 666 quam
903 623 1143 662 incontinentia,
1159 624 1425 666 quemadmodum
1448 627 1482 653 tn
1510 621 1604 652 modo

143 680 284 720 putabas.
329 679 414 711 Cat..
437 678 555 711 Nescio
577 679 652 721 quid
680 679 778 714 dicas,
795 689 814 709 o
832 678 995 715 Socrates,
1016 678 1123 719 itaque
1148 678 1243 709 alium
1269 677 1410 719 quemvis
1437 676 1602 716 interroga.

142 732 198 764 So.
221 732 284 764 Hic
300 733 344 763 vir
358 744 420 764 non
437 733 580 768 sustinet,
597 738 631 763 ut
645 732 703 763 sibi
718 732 863 763 afferatur
886 731 1015 768 utilitas,
1030 737 1125 773 atque
1148 734 1228 763 eamv
1245 732 1285 762 de
1307 741 1370 772 qua
1393 740 1478 760 nunc
1501 739 1600 759 sermo

142 786 283 823 babetur,
298 786 522 818 continentiam
547 791 767 828 consequatur.
814 786 860 817 CA
867 795 897 818 ι.
922 784 1021 816 Nulla
1045 785 1173 816 omnino
1199 785 1272 816 mihi
1288 795 1362 815 cura
1378 787 1425 814 est
1439 782 1601 813 verborum

141 844 276 878 tuorum,
288 851 311 888 ρ
339 840 493 872 Socrates.
517 845 612 881 atque
638 841 789 872 hactenus
804 839 930 881 Gorgiae
957 839 1057 881 gratia
1082 838 1139 870 tibi
1159 838 1316 880 respondi.
1360 837 1415 868 So.
1438 835 1499 866 En.
1522 834 1601 875 quid

140 903 214 936 ergo
230 894 379 936 agern'us?
402 893 543 936 nunquid
560 904 731 925 sermonem
744 893 880 924 medium
897 893 1140 935 abrumpemus?
1186 893 1272 924 Cn..
1296 892 1369 933 Ipse
1384 889 1506 921 videris.
1543 888 1601 918 SO-

139 946 184 977 At
195 948 282 979 nefas
297 958 364 979 esse
379 948 479 985 aiunt,
494 958 619 979 mancas
640 948 796 978 dimittere
818 947 938 978 fabulas
953 958 961 978 :
983 947 1080 978 immo
1102 951 1198 988 caput
1220 944 1448 987 imponendum
1463 953 1543 978 esse,
1558 951 1599 972 ne

138 1000 255 1042 absque
269 1002 374 1042 capite
390 1002 543 1033 oberrent.
588 1001 761 1043 Responde
776 1012 849 1043 ergo
865 1001 905 1032 ad
920 1001 1050 1043 reliqua,
1067 1006 1102 1032 ut
1123 1011 1222 1032 sermo
1247 999 1300 1030 liic
1315 1003 1421 1030 noster
1435 1000 1530 1037 caput
1545 1006 1598 1027 ac-

137 1053 245 1095 cipiat.
289 1055 377 1087 CM..
399 1056 502 1093 Quam
519 1056 673 1087 violentus
689 1066 734 1095 es,
750 1066 769 1086 o
785 1055 946 1087 Socrates!
994 1055 1153 1095 Profecto,
1170 1055 1196 1086 si
1219 1054 1297 1085 mihi
1311 1053 1423 1089 credis,
1437 1053 1519 1083 hanc
1534 1050 1599 1082 dis·

138 1108 332 1148 putationem
353 1108 419 1151 jam
445 1110 596 1150 dimittes,
610 1110 657 1140 vel
674 1120 744 1141 cum
771 1109 834 1140 alio
861 1109 1047 1151 disputabis.
1093 1110 1148 1140 So.
1173 1109 1327 1146 Quisnam
1353 1107 1431 1138 alter
1445 1105 1510 1137 vult
1523 1105 1534 1135 ?
1557 1113 1599 1135 ne

137 1161 352 1202 imperfectum
370 1163 579 1205 relinquamus
594 1174 776 1196 sermonem.
821 1163 907 1195 CAL.
931 1162 984 1194 An
1000 1174 1064 1194 non
1078 1163 1149 1205 ipse
1163 1168 1254 1205 potes
1277 1170 1448 1192 sermonem
1472 1169 1599 1201 percur-

133 1225 214 1256 rere,
228 1216 275 1247 vel
292 1217 464 1248 enarrando
479 1217 667 1248 vel-tibimet
691 1217 934 1259 respondendo?
980 1217 1035 1248 So.
1058 1216 1110 1248 Ne
1132 1217 1208 1247 mihi
1224 1214 1405 1257 Epicharmi
1418 1214 1497 1245 illud
1514 1213 1597 1244 acci-

134 1269 201 1305 dat,
217 1269 298 1306 Quae
313 1270 398 1311 prius
413 1271 577 1302 narrabant
592 1271 668 1308 duo,
684 1281 768 1302 nunc
791 1281 870 1301 unus
886 1271 925 1302 ad
942 1270 997 1302 illa
1011 1270 1141 1301 sufficio.
1187 1269 1398 1300 Veruntamen
1414 1267 1537 1298 videtur
1551 1265 1595 1296 sic

133 1323 260 1354 omnino
276 1324 480 1355 necessarium
497 1335 575 1357 esse.
622 1325 655 1356 Si
671 1330 773 1356 tamen
788 1325 823 1355 id
834 1324 998 1363 faciemus,
1013 1329 1090 1365 puto
1103 1323 1247 1364 equidem
1261 1326 1403 1364 oportere
1416 1331 1473 1351 nos
1488 1329 1596 1350 omues

133 1376 273 1407 certatim
288 1378 326 1408 ad
344 1378 374 1408 id
392 1380 595 1416 contendere,
611 1383 646 1409 ut
662 1379 737 1420 quid
766 1379 795 1408 in
822 1378 870 1408 his
895 1388 966 1419 quae
991 1377 1136 1414 dicimus,
1154 1387 1270 1415 verum,
1285 1374 1402 1417 quidve
1416 1374 1528 1404 falsum
1544 1373 1595 1409 sit,

130 1435 346 1472 cognoscatur.
368 1441 533 1462 commune
549 1432 632 1462 enim
659 1437 707 1463 est
727 1433 786 1463 hoc
812 1431 956 1462 omnibus
983 1432 1113 1471 bonum,
1129 1436 1164 1461 ut
1186 1430 1238 1461 hic
1264 1428 1435 1470 unicuique
1461 1431 1596 1458 constet.

131 1483 309 1527 Prosequor
323 1485 416 1527 igitur
430 1496 489 1527 ego
503 1486 573 1527 ipse
589 1496 773 1523 sermonem,
789 1496 852 1528 quo
867 1490 962 1527 pacto
989 1495 1022 1516 se
1046 1485 1160 1516 habere
1176 1484 1310 1515 videtur.
1335 1482 1432 1523 [506]
1457 1481 1552 1518 Quod
1569 1480 1595 1510 si

129 1538 183 1569 cui
199 1543 332 1569 vestrum
349 1539 428 1570 forte
443 1550 565 1571 mecum
581 1540 662 1582 ipse,
676 1550 747 1581 quae
763 1550 834 1571 vera
860 1550 923 1570 non
945 1540 1019 1577 sint,
1035 1539 1164 1570 videbor
1184 1537 1369 1577 concedere,
1386 1541 1520 1566 vestrum
1535 1533 1595 1565 erit

130 1589 265 1632 objicere
281 1597 375 1635 atque
389 1593 584 1635 redarguere.
608 1605 710 1636 neque
725 1594 809 1625 enim
825 1604 884 1635 ego
900 1598 1047 1635 tanquam
1063 1593 1164 1624 sciens
1177 1591 1326 1629 diecula,
1339 1600 1409 1632 quae
1420 1590 1492 1621 dico
1506 1600 1516 1628 ;
1537 1588 1593 1620 sed

129 1644 289 1677 vobiscum
306 1647 510 1679 communiter
535 1648 701 1689 indagans.
747 1648 947 1690 Quapropter
973 1647 998 1678 si
1023 1646 1100 1688 quid
1122 1651 1205 1677 recte
1232 1645 1334 1677 dicere
1360 1643 1516 1675 videbitur
1538 1641 1593 1684 qui

129 1698 203 1729 mihi
219 1700 451 1738 contradixerit,
475 1712 534 1743 ego
558 1702 675 1743 primus
699 1702 858 1734 assentiar.
903 1702 983 1733 Haec
998 1706 1102 1732 tamen
1117 1711 1155 1732 ea
1170 1705 1274 1732 mente
1289 1699 1374 1740 dico,
1387 1698 1412 1729 si
1427 1698 1521 1728 modo
1536 1707 1592 1727 vos

129 1763 300 1784 sermonem
316 1754 540 1795 perficiendum
568 1766 635 1787 esse
660 1755 788 1797 putatis.
811 1756 858 1786 sin
884 1756 999 1793 minus,
1015 1755 1193 1786 omittamus
1216 1753 1294 1796 jam,
1311 1758 1406 1794 atque
1431 1752 1591 1783 abeamus.

129 1805 218 1839 Gon.
243 1806 288 1838 At
303 1819 374 1840 vero
389 1809 528 1840 nondum
545 1809 619 1840 mihi
637 1810 769 1847 videtur,
786 1821 805 1841 o
822 1810 977 1847 Socrates,
994 1810 1185 1845 abeundum,
1199 1809 1295 1840 immo
1310 1805 1555 1848 disputationem
1571 1814 1591 1835 a

128 1865 159 1890 te
174 1871 240 1892 esse
255 1862 489 1903 perficiendam.
534 1863 618 1895 Puto
633 1869 736 1894 autem
759 1864 869 1895 ceteris
896 1864 979 1895 idem
1006 1873 1132 1905 quoque
1146 1862 1266 1893 videri:
1291 1867 1324 1892 et
1349 1860 1416 1902 ipse
1439 1859 1589 1901 percupio

127 1914 245 1956 reliqua
259 1927 297 1947 ex
313 1921 344 1946 te
358 1915 428 1957 ipso
443 1917 563 1948 audire.
607 1918 663 1949 So.
686 1917 801 1960 Atqui,
817 1929 836 1949 o
853 1917 984 1959 Gorgia,
1000 1918 1132 1949 libenter
1150 1917 1254 1947 adhuc
1280 1925 1351 1946 cum
1377 1915 1438 1944 hoc
1458 1911 1590 1944 Callicle

126 1968 330 2009 disputarem,
346 1971 447 2002 donec
463 1970 653 2012 Amphionis
669 1971 787 2003 dictum
800 1982 856 2013 pro
872 1972 960 2003 Zethi
983 1972 1070 2002 dicto
1091 1970 1149 2002 sibi
1164 1970 1336 2001 redderem.
1381 1967 1444 1998 Sed
1459 1966 1588 2008 quaudo

127 2027 173 2058 tu,
190 2034 209 2053 o
225 2023 383 2061 Callicles,
398 2025 643 2066 disputationem
661 2035 722 2055 una
738 2035 858 2056 mecum
881 2035 945 2056 non
961 2025 1006 2055 vis
1031 2025 1189 2066 perlicere,
1205 2023 1313 2053 saltem
1339 2021 1480 2052 ausculta
1494 2025 1589 2061 atque

123 2079 326 2120 reprehende,
342 2079 367 2109 si
391 2079 468 2120 quid
495 2079 595 2110 minus
617 2084 700 2110 recte
723 2079 827 2110 dicere
852 2078 909 2110 tibi
924 2079 1041 2110 videor.
1068 2078 1153 2120 quod
1179 2078 1204 2108 si
1228 2087 1278 2108 me
1303 2075 1488 2111 conviceris,
1503 2074 1588 2104 haud

124 2132 254 2163 infestus
267 2132 323 2163 tibi
339 2143 403 2170 ero,
418 2133 681 2174 quemadmodum
704 2132 774 2174 ipse
790 2133 876 2170 mihi,
892 2133 946 2164 sed
965 2143 1019 2174 pro
1036 2132 1169 2163 inaximo
1187 2130 1339 2162 beneficio
1354 2130 1387 2160 id
1403 2128 1587 2160 adscribam.

123 2185 173 2217 CA
180 2195 210 2217 1..
224 2186 288 2217 Dic
299 2192 331 2216 to
344 2185 425 2228 ipse,
437 2186 519 2216 bone
530 2185 586 2227 vir,
598 2191 630 2217 et
642 2186 768 2227 perfice.
799 2186 853 2218 So.
871 2185 958 2217 Audi
971 2197 1020 2217 me
1031 2186 1125 2228 igitur
1134 2185 1378 2227 disputationem
1389 2183 1428 2213 ab
1438 2180 1530 2212 initio
1540 2191 1586 2212 re-

125 2244 293 2280 petentem.
340 2238 392 2270 An
408 2239 492 2271 idem
502 2244 550 2271 est
562 2240 707 2281 voluptas
722 2244 816 2281 atque
832 2240 949 2271 bonum
961 2240 973 2271 ἓ
1018 2240 1111 2272 Certe
1125 2250 1190 2270 non
1204 2239 1303 2280 idem,
1319 2242 1354 2268 ut
1368 2247 1427 2278 ego
1439 2240 1472 2267 et
1489 2234 1587 2266 Calli-

122 2293 186 2324 cles
200 2293 334 2325 confessi
350 2304 469 2325 sumus.
516 2293 569 2325 An
582 2294 775 2335 voluptatem
794 2294 866 2324 boni
882 2294 992 2335 gratia,
1011 2293 1059 2325 vel
1071 2294 1188 2324 bonum
1205 2292 1303 2334 gratia
1314 2289 1486 2332 voluptatis
1495 2287 1586 2330 sequi

121 2347 270 2379 debemus
283 2348 294 2378 ?
338 2347 543 2390 Voluptatem
557 2353 641 2380 certe
657 2349 756 2391 gratia
772 2348 858 2380 boni.
903 2348 961 2379 Est
975 2351 1079 2379 autem
1094 2347 1251 2388 voluptas,
1266 2355 1329 2387 qua
1343 2348 1496 2387 praesente
1508 2352 1586 2385 gau-

122 2401 253 2433 demus:
278 2402 394 2432 bonum
411 2412 495 2442 vero,
509 2412 572 2444 quo
587 2406 741 2443 praesente
755 2402 832 2433 boni
857 2413 974 2433 sumus.
996 2402 1136 2433 Prorsus.
1158 2400 1243 2432 Boni
1255 2410 1326 2431 vero
1342 2409 1446 2430 sumus
1471 2402 1505 2429 et
1527 2407 1584 2428 nos

122 2460 155 2485 et
169 2460 364 2496 quae'cunque
379 2455 441 2487 alia
457 2456 539 2487 bona
555 2461 639 2493 sunt,
654 2457 695 2488 ob
711 2457 857 2488 virtutem
880 2457 1052 2498 quandam,
1067 2465 1138 2496 quae
1154 2455 1249 2487 adsit.
1273 2454 1317 2485 sic
1339 2454 1435 2490 enim,
1451 2462 1469 2482 o
1486 2451 1584 2483 Calli-

122 2507 198 2543 cles,
213 2509 420 2539 necessarium
435 2519 502 2541 esse
526 2510 602 2541 mihi
618 2509 751 2541 videtur.
795 2510 839 2541 At
855 2510 950 2540 virtus
965 2509 1131 2550 cujusque,
1147 2509 1210 2539 sive
1225 2507 1423 2539 instrumenti
1437 2506 1501 2537 sive
1516 2515 1583 2536 cor-

122 2561 205 2603 poris
219 2561 282 2592 sive
298 2561 420 2598 animae,
435 2573 498 2593 non
515 2568 630 2595 temere
646 2564 754 2606 utique
770 2565 859 2595 adest
873 2575 880 2594 :
906 2564 958 2594 sed
977 2563 1086 2594 ordine
1101 2561 1352 2603 rectitudineqne
1366 2566 1398 2592 et
1412 2565 1490 2600 arte,
1511 2569 1582 2600 quae

119 2616 231 2646 horum
245 2615 358 2656 cuique
373 2616 486 2647 tradita
500 2617 550 2649 sit.
574 2617 718 2659 nunquid
734 2619 802 2649 haec
817 2618 861 2648 ita
876 2628 908 2648 se
925 2618 1043 2648 habent
1056 2617 1067 2647 ?
1111 2616 1196 2647 Mihi
1212 2616 1338 2656 quidem
1361 2615 1405 2646 sic
1420 2625 1454 2644 sc
1469 2614 1582 2644 habere

119 2669 275 2702 videntur.
320 2669 529 2706 Quamobrem
557 2671 666 2702 ordine
692 2672 866 2702 ordinatum
894 2677 1100 2712 ornatumque
1126 2680 1204 2707 esse,
1227 2674 1276 2700 est
1301 2669 1453 2710 cujusque
1477 2667 1582 2698 virtus.

119 2721 244 2763 Nempe
260 2723 305 2754 sic
320 2733 379 2764 ego
396 2723 517 2754 faterer.
560 2724 672 2766 ltaque
687 2731 813 2756 ornatus
829 2725 954 2766 quidam
970 2725 1112 2766 proprius
1123 2723 1291 2765 unicuique
1302 2722 1411 2753 insitus
1419 2719 1583 2762 quodlibet

118 2775 214 2808 efficit
229 2777 355 2808 bonum.
401 2777 483 2807 Mihi
498 2778 627 2818 quidem
643 2779 686 2809 sic
702 2784 844 2820 apparet.
890 2779 1092 2820 Quapropter
1106 2777 1209 2808 anima
1225 2787 1296 2818 quae
1312 2775 1471 2818 proprium
1487 2774 1582 2804 habet

117 2834 270 2868 umatum,
287 2831 396 2862 melior
418 2836 477 2874 est¹
494 2831 561 2869 illa,
576 2839 646 2873 quae
670 2838 796 2864 ornatus
823 2837 870 2864 est
895 2843 1016 2874 expers.
1061 2831 1200 2863 Necesse
1222 2836 1280 2862 est.
1323 2830 1396 2862 Jam
1411 2838 1484 2859 vero
1509 2836 1580 2868 quae

117 2883 214 2915 habet
227 2889 381 2922 ornatum,
395 2890 504 2916 ornata
519 2890 568 2916 est
591 2890 686 2927 atque
709 2887 861 2919 modesta.
909 2886 1054 2923 Quidni?
1099 2885 1184 2916 Talis
1200 2895 1271 2917 vero
1284 2889 1331 2915 est
1346 2888 1379 2914 et
1393 2887 1580 2922 temperans.

117 2935 214 2979 [50⁷]
238 2933 376 2970 Necesse
389 2939 439 2970 'est
452 2939 590 2971 omnino.
636 2939 717 2977 Quae
732 2950 804 2972 vero
819 2945 1006 2983 temperans,
1022 2945 1070 2972 est
1084 2944 1116 2971 et
1130 2940 1224 2970 bona.
1271 2937 1439 2978 Equidem,
1454 2945 1472 2965 o
1483 2933 1582 2964 amice

121 2989 278 3029 Callicles,
294 3002 356 3033 quo
374 2997 466 3034 pacto
484 2993 572 3025 aliter
588 2993 702 3033 dicam,
719 3006 782 3027 non
797 2995 938 3027 invenio.
964 2999 994 3026 tu
1014 3004 1084 3025 vero
1113 2993 1136 3024 si
1164 2992 1241 3035 quid
1268 2992 1362 3022 habes
1376 2988 1473 3025 aliud,
1489 2987 1582 3017 doce.
