1846 3268
225 252 278 292 66
818 250 1084 291 PLAToms
1602 257 1696 309 [357

230 354 339 393 habet,
354 364 373 389 ο
389 353 471 387 viri?
493 352 558 385 seio
574 353 733 395 equidem,
748 353 827 385 nihil
838 354 947 386 afferre
963 365 1017 386 eos
1032 354 1117 385 aliud
1133 364 1235 396 posse.
1279 354 1387 387 Pno'r.
1409 355 1500 389 Idem
1513 361 1545 389 et
1567 356 1636 400 ipse
1648 363 1696 390 'ar-

227 408 335 441 bitror.
379 408 437 442 So.
460 407 632 450 Postquam
658 417 732 439 vero
757 407 802 439 ita
825 417 858 439 se
878 407 913 439 id
938 408 1045 446 habet,
1070 407 1141 439 illos
1167 409 1252 440 hunc
1276 409 1311 439 in
1337 410 1472 449 modurn*
1487 410 1699 453 interrogabo.

226 462 396 505 Apparent
411 462 510 494 oculis
524 461 631 493 vestris
654 461 772 493 eaedem
790 461 886 493 moles
901 462 1044 494 cominus
1070 462 1214 504 majores,
1237 463 1369 495 minores
1392 464 1537 496 eminus?
1581 464 1633 496 Ita
1647 474 1696 496 re-

228 506 440 558 spondebunt.
485 515 527 547 Et
539 524 653 556 crassa,
667 519 700 546 et
715 515 813 546 multa
827 513 992 547 similiter?
1012 519 1048 546 et
1059 515 1196 558 aequales
1213 527 1305 548 voces
1320 527 1418 559 prope
1434 518 1578 560 majores,
1602 518 1696 560 longe

228 579 301 601 vero
317 569 469 600 minores?
514 568 732 601 consentient.
778 567 813 599 Si
825 567 857 599 in
873 569 933 600 hoc
947 569 1027 600 bene
1042 579 1146 611 agere,
1171 574 1204 601 et
1229 570 1362 602 felicitas
1377 576 1482 603 nostra
1501 572 1696 610 consisteret.

228 624 289 655 hoc
305 628 365 664 est,
381 623 414 654 in
428 622 549 665 magnis
561 622 695 654 molibus
713 621 916 662 fabricandis,
930 622 1200 665 accipiendisque,
1215 624 1383 666 parvisque
1394 624 1543 664 vitandis,
1552 634 1697 667 quaenam

229 676 321 708 nobis
334 677 494 719 potissima
509 677 581 708 vitae
603 676 686 708 salus
705 677 805 708 esset?
850 675 938 707 Num
959 687 1007 708 ars
1030 677 1239 708 dimetiendi?
1263 688 1304 709 an
1324 678 1503 720 apparentis
1525 678 1697 719 potentia?

228 731 331 763 Immo
346 731 491 773 potentia
511 732 578 763 haec
593 741 652 762 nos
664 730 837 772 deciperet,
860 735 893 762 et
915 741 1016 763 errore
1038 731 1237 763 confundens
1259 742 1345 774 saepe
1366 743 1424 764 nos
1446 737 1573 775 cogeret
1586 733 1698 765 eadem

230 785 307 817 alias
321 785 411 817 aliter
420 785 576 827 judicare,
599 790 694 827 atque
716 784 900 823 adsciscere,
923 785 956 816 in
980 785 1219 828 actionibusque
1240 790 1273 818 et
1295 785 1501 818 electionibus
1516 797 1698 829 magnorum

232 850 269 872 ac
295 851 457 882 parvorum
476 841 592 883 saepius
615 839 777 882 poenitere.
822 839 1017 872 Dimetiendi
1035 850 1107 871 vero
1128 840 1261 873 facultas
1286 851 1440 882 apparens
1461 841 1522 872 hoc
1536 841 1700 883 abrogaret

230 894 460 936 refelleretque,
477 895 703 937 veritatemque
718 894 862 937 aperiens
874 895 978 926 animo
993 894 1131 937 quietern
1148 894 1236 925 daret
1251 894 1422 926 inveritate
1437 894 1589 936 manenti,
1603 899 1700 937 atque

230 949 276 981 ita
289 950 386 982 vitam
408 954 553 981 servaret.
599 948 863 981 Consentirentne
888 948 1030 979 homines
1057 948 1098 979 ad
1118 948 1198 985 haec,
1225 947 1440 979 dimetientem
1459 953 1556 980 artem
1579 958 1700 980 servare

231 1014 290 1035 nos
305 1014 346 1034 an
362 1003 478 1035 aliam?
523 1002 634 1034 Pnor.
658 1001 750 1033 Hanc
766 1001 876 1043 ipsam.
920 1001 978 1034 So.
1003 1001 1091 1038 Quid
1118 1011 1208 1042 porro
1223 1001 1234 1032 ?
1258 1000 1284 1032 si
1303 1002 1336 1032 in
1352 1001 1421 1043 ipsa
1436 1001 1520 1043 paris
1533 1002 1700 1044 imparisve

230 1056 385 1088 electione
405 1056 488 1087 salus
502 1055 576 1086 vitae
600 1054 796 1092 consisteret,
819 1053 947 1096 quando
972 1055 1058 1096 quod
1085 1054 1158 1096 plus
1186 1059 1245 1092 est,
1270 1060 1354 1087 recte
1377 1055 1452 1097 eligi
1476 1060 1646 1098 oporteret,
1667 1059 1701 1087 et

230 1111 359 1153 quando
374 1110 460 1152 quod
476 1109 589 1146 minus,
605 1109 655 1140 vel
682 1108 785 1150 ipsum
808 1108 848 1139 ad
871 1108 1019 1150 seipsum,
1045 1108 1095 1140 vel
1112 1107 1198 1140 aliud
1221 1109 1301 1140 forte
1325 1110 1365 1141 ad
1389 1109 1490 1151 aliud,
1514 1109 1611 1152 [357]
1628 1109 1702 1156 vnive

231 1175 343 1207 prope,
359 1175 412 1195 seu
428 1163 537 1205 procul
554 1163 605 1200 sit,
621 1162 698 1204 quid
715 1161 909 1204 potissimum
925 1167 1061 1194 nostram
1076 1163 1172 1194 vitam
1190 1164 1347 1195 servaret?
1367 1166 1478 1195 'nonne
1492 1163 1644 1195 scientia?
1667 1167 1702 1195 et

233 1229 298 1250 non
309 1218 461 1250 metiendi
477 1217 619 1259 quidem,
633 1227 730 1259 quum
745 1227 889 1248 excessus
904 1221 999 1258 atque
1015 1216 1159 1249 defectus
1175 1227 1223 1248 ars
1239 1217 1300 1249 ista
1315 1217 1367 1249 sit.
1389 1228 1462 1250 cum
1477 1228 1549 1249 vero
1564 1216 1659 1259 paris,
1668 1221 1703 1249 et

231 1272 358 1314 imparis
372 1271 518 1302 habenda
541 1270 619 1302 ratio
636 1269 689 1310 sit,
711 1281 776 1302 non
798 1270 870 1308 alia,
897 1280 991 1312 quam
1014 1271 1200 1302 numerandi
1221 1271 1364 1303 scientia.
1407 1271 1631 1304 Concederent
1642 1271 1702 1303 ho-

234 1326 333 1357 mines
356 1327 436 1362 haec,
459 1335 500 1356 an
520 1325 609 1356 non?
654 1325 765 1357 Pnor.
787 1323 917 1367 Absque
943 1325 1157 1357 controversia
1178 1325 1402 1358 consentirent.
1447 1326 1504 1358 So.
1527 1325 1700 1368 Postquam

233 1390 304 1411 vero
321 1380 403 1411 salus
420 1380 491 1410 vitae
506 1379 653 1421 apparuit
673 1379 708 1411 in
729 1383 814 1410 recta
829 1379 1000 1421 voluptatis
1025 1384 1058 1410 et
1078 1378 1194 1411 doloris
1217 1380 1374 1411 electione
1388 1380 1573 1416 consistere,
1596 1380 1704 1422 quoad

233 1434 322 1476 plura
337 1438 369 1464 et
394 1433 555 1475 pauciora,
580 1432 699 1474 majora
716 1437 749 1464 et
770 1433 905 1474 minora,
930 1433 1154 1475 propinquiora
1177 1438 1210 1465 et
1236 1434 1400 1465 remotiora
1426 1434 1573 1476 pertinet,
1595 1443 1702 1465 nonne

235 1487 422 1520 dimetiendi
436 1486 537 1529 primo
553 1486 686 1518 facultas
701 1497 843 1518 excessus
858 1491 953 1528 atque
969 1487 1125 1525 defectus,
1149 1487 1402 1530 aequalitatisque
1424 1493 1540 1519 mutuae
1555 1488 1702 1520 conside·

232 1542 349 1572 rati-ix?
395 1542 502 1573 Paor.
526 1540 665 1572 Necesse
692 1545 750 1572 est.
794 1541 852 1573 So.
875 1540 1034 1578 Quoniam
1061 1551 1135 1573 vero
1159 1541 1309 1574 metiendi
1333 1541 1466 1574 facultas
1489 1547 1548 1580 est,
1573 1552 1703 1575 necesse

233 1601 292 1633 est,
319 1600 355 1626 ut
375 1605 423 1626 ars
449 1600 483 1627 et
505 1588 636 1627 scientia
661 1594 712 1629 sit.
757 1594 866 1626 Pno‘r.
890 1594 1080 1627 Admittent.
1125 1595 1182 1627 So.
1208 1596 1288 1632 Quae
1313 1606 1385 1627 vero
1410 1596 1608 1638 potissimum
1634 1597 1703 1628 haec

237 1649 372 1683 scientia
385 1650 438 1686 sit,
454 1649 530 1680 alias
545 1648 822 1681 considerabimus.
845 1648 960 1680 sufficit
972 1649 1004 1680 in
1022 1649 1202 1691 praesentia,
1218 1649 1383 1681 scientiam
1399 1661 1479 1690 esse,
1493 1656 1645 1693 quantum
1660 1651 1703 1683 ad

236 1714 306 1736 eam
321 1709 445 1746 spectat
458 1703 706 1746 responsionem,
723 1714 816 1745 quarn
832 1713 892 1745 ego
907 1708 940 1735 et
954 1703 1140 1745 Protagoras
1155 1708 1264 1735 vestrae
1279 1715 1400 1736 eramus
1411 1705 1576 1747 quaestioni
1586 1704 1702 1737 daturi.

233 1759 330 1800 Haec,
346 1758 372 1790 si
386 1758 606 1796 recordamini,
618 1763 685 1790 erat
699 1758 843 1800 quaestio.
889 1757 958 1789 Nos
973 1758 1103 1800 quidem
1119 1759 1344 1796 consensimus,
1359 1758 1436 1790 nihil
1449 1759 1579 1791 scientia
1589 1764 1704 1802 poten-

233 1812 296 1844 tius
323 1823 392 1844 esse
406 1825 414 1844 t
439 1813 534 1844 immo
561 1823 694 1855 semper,
722 1813 902 1855 ubicunque
929 1813 1030 1851 adest,
1055 1812 1212 1854 voluptati
1235 1813 1421 1855 cunctisque
1445 1813 1514 1844 aliis
1537 1814 1704 1847 dominari.

236 1871 312 1898 tunc
328 1878 382 1898 vos
398 1867 569 1909 objecistis,
585 1867 779 1910 voluptatem
799 1877 1013 1909 saepenumero
1035 1866 1146 1899 scienti
1169 1867 1288 1899 homini
1303 1868 1468 1901 dominari.
1512 1869 1608 1906 Quod
1630 1878 1704 1900 cum

238 1920 327 1951 vobis
342 1931 540 1964 nequaquam
554 1922 710 1960 daremus,
725 1921 828 1953 statim
846 1932 900 1953 vos
913 1921 957 1953 ita
972 1921 1102 1963 rogastis
1117 1933 1124 1952 =
1148 1921 1177 1953 Ο
1202 1922 1374 1964 Protagora
1391 1926 1485 1964 atque
1500 1922 1656 1964 Socrates,
1676 1922 1704 1954 si

236 1976 299 2007 hoc
313 1986 377 2006 non
393 1981 441 2007 est
455 1987 474 2007 a
488 1976 701 2018 voluptatibus
715 1976 865 2018 superari,
889 1976 944 2007 sed
961 1976 1048 2007 aliud
1070 1976 1234 2018 quiddam,
1259 1977 1415 2008 declarate
1431 1987 1486 2007 vos
1507 1977 1583 2019 quid
1604 1976 1702 2010 istud.

239 2029 274 2061 Si
287 2029 373 2061 illico
388 2030 476 2061 vobis
489 2030 769 2072 respondissemus,
784 2029 939 2062 inscitiam
952 2041 1031 2071 esse,
1053 2041 1110 2061 nos
1124 2031 1268 2072 protinus
1283 2030 1436 2062 risissetis.
1459 2040 1550 2062 nuno
1557 2035 1662 2063 autem
1677 2030 1705 2062 si

238 2094 297 2115 nos
312 2083 476 2126 deridetis,
491 2095 546 2116 vos
560 2095 686 2126 quoque
701 2085 787 2126 ipsos
802 2083 980 2116 irridebitis.
1026 2083 1096 2125 Ipsi
1113 2083 1196 2115 enim
1211 2094 1266 2114 vos
1281 2084 1376 2125 paulo
1387 2089 1460 2116 ante
1470 2083 1606 2116 confessi
1617 2085 1703 2124 estis,

239 2139 366 2171 defectu
381 2139 520 2170 scientiae
536 2139 674 2170 aberrare
690 2138 774 2176 illos,
789 2139 843 2181 qui
858 2138 891 2169 in
914 2138 1111 2181 voluptatum
1127 2143 1158 2170 et
1174 2130 1317 2170 dolorum
1331 2140 1487 2172 electione
1501 2140 1703 2182 delinquunt.

238 2203 276 2225 ea
291 2204 363 2225 vero
379 2194 462 2224 bona
477 2198 560 2230 sunt,
577 2198 609 2224 et
625 2193 717 2225 mala.
761 2193 876 2235 Neque
891 2193 1019 2224 defectu
1036 2193 1176 2225 scientiae
1193 2199 1314 2226 tantum
1335 2194 1469 2233 dixistis,
1495 2195 1551 2227 sed
1573 2194 1703 2227 ulterius

234 2247 411 2284 addidistis,
427 2247 552 2280 defectu
569 2248 689 2280 scilicet
711 2248 851 2280 scientias
874 2248 1034 2280 metiendi.
1082 2247 1177 2280 Actio
1198 2253 1302 2281 autem
1327 2249 1483 2287 aberrans.
1508 2250 1626 2292 absque
1642 2250 1703 2282 sci-

234 2301 331 2339 entia,
346 2306 383 2332 ut
396 2306 429 2333 et
445 2312 578 2332 vosnon
593 2302 681 2340 latet,
697 2303 736 2334 ab
751 2303 874 2334 inscitia
890 2303 1045 2345 provenit.
1069 2309 1260 2346 quapropter
1274 2305 1359 2345 quod
1374 2293 1440 2336 dici
1454 2303 1545 2343 solet,
1556 2314 1577 2336 a
1588 2304 1702 2347 volup-

236 2355 351 2386 tatibus
365 2356 513 2397 superari,
527 2361 664 2388 extrema
677 2356 801 2388 inscitia
816 2362 885 2389 est:
909 2367 1004 2400 quam
1020 2357 1119 2389 veluti
1134 2359 1273 2389 morbum
1290 2358 1476 2400 Protagoras
1490 2358 1554 2396 hic,
1577 2363 1610 2390 et
1624 2357 1702 2403 Pro-

235 2408 337 2449 dicus,
351 2413 384 2439 et
398 2409 539 2449 Hippias
549 2414 712 2441 curaturos
735 2422 768 2442 se
791 2411 881 2453 quasi
895 2412 1036 2443 medicos
1051 2412 1248 2454 profitentur.
1294 2411 1360 2443 Vos
1376 2417 1494 2453 autem,
1516 2412 1590 2454 quia
1614 2411 1702 2444 aliud

236 2462 386 2504 quiddam
400 2473 466 2493 esse
481 2463 541 2494 hoc
553 2473 646 2503 quam
659 2463 814 2496 inscitiam
830 2465 1019 2507 opinamini,
1039 2476 1144 2507 neque
1157 2476 1213 2496 vos
1233 2466 1331 2508 ipsos,
1353 2476 1456 2507 neque
1475 2465 1558 2498 filios
1573 2471 1702 2506 vestros,

235 2515 321 2547 hisce
338 2515 484 2557 sophistis
507 2526 606 2547 rerum
626 2517 734 2548 harum
761 2519 943 2551 doctoribus
967 2520 1121 2551 curandos
1143 2519 1276 2557 traditis,
1299 2519 1390 2562 quasi
1404 2520 1501 2551 virtus
1517 2520 1623 2552 doceri
1637 2530 1707 2555 non,

232 2569 344 2612 possit.
366 2569 435 2611 sed,
459 2579 531 2600 cum
547 2570 688 2611 pecuniis
713 2572 903 2614 indulgeatis
925 2573 1056 2605 nimium
1073 2584 1176 2616 neque
1199 2574 1372 2606 mercedem
1395 2573 1444 2605 his
1458 2574 1703 2616 praeceptoribus

234 2622 383 2660 offeratis,
399 2623 542 2664 privatim
557 2624 746 2671 publiceque
761 2626 956 2668 delinquitis.
1001 2627 1081 2660 Haec
1097 2628 1190 2670 plane
1202 2628 1297 2670 vulgo
1308 2617 1585 2670 respondissemus.
1601 2626 1700 2670 [2⁶8]

233 2676 331 2709 Nune
346 2681 451 2708 autem
466 2687 521 2708 vos
537 2677 643 2715 etiam,
656 2689 675 2709 ο
692 2679 826 2712 Prodice
841 2685 938 2723 atque
953 2681 1087 2724 Hippia,
1100 2693 1163 2714 una
1178 2692 1250 2714 cum
1267 2682 1439 2724 Protagora
1453 2683 1512 2714 hoc
1522 2685 1701 2724 percontor,

235 2730 428 2774 (communis
452 2730 535 2762 enim
550 2731 640 2763 vobis
661 2732 713 2764 hic
740 2734 870 2776 sermo‚)
895 2735 1039 2777 nunquid
1066 2747 1139 2768 vera
1162 2736 1251 2768 vobis
1278 2736 1366 2778 loqui
1386 2735 1504 2772 videar,
1532 2745 1575 2779 an
1598 2733 1703 2767 falsa?

234 2783 319 2817 Vere
335 2784 510 2826 ‚admodum
534 2784 621 2816 dicta
644 2795 711 2817 esse
737 2788 906 2830 superiora,
923 2788 1023 2820 visum
1050 2795 1097 2821 est
1124 2790 1279 2822 omnibus.
1323 2788 1506 2822 Conceditis
1520 2787 1628 2830 igitur,
1651 2788 1701 2820 in·

233 2848 342 2881 quam,
357 2839 444 2880 quod
456 2838 634 2881 jucundum
657 2844 716 2881 est,
741 2851 808 2872 esse
823 2842 953 2884 bonum,
979 2843 1065 2885 quod
1081 2844 1179 2882 triste,
1194 2844 1320 2876 malum.
1367 2841 1612 2875 Distinctionem
1626 2852 1701 2874 vero

233 2891 321 2924 illam
337 2892 508 2930 nominum,
525 2903 618 2935 quam
635 2894 787 2927 Prodicus
803 2895 854 2928 hic
869 2896 1018 2928 inducere
1044 2898 1135 2940 solet,
1163 2898 1285 2939 rejicio,
1312 2897 1445 2939 ejusque
1471 2895 1594 2938 requiro
1610 2895 1701 2938 judi·

232 2945 328 2981 cium.
373 2947 436 2979 sive
453 2947 535 2979 enim
552 2947 772 2990 voluptarium,
794 2950 859 2981 sive
886 2938 1086 2994 delectabile,
1114 2962 1167 2983 seu
1195 2952 1312 2989 laetum,
1339 2961 1393 2983 seu
1414 2950 1701 2992 quomodocunque
