1846 3268
202 258 283 297 454
804 256 1068 300 PLATOle
1574 265 1673 317 [102

206 365 273 394 met
287 361 421 404 placere.
465 361 515 394 Tu
529 372 615 404 vero,
630 361 657 394 si
679 372 717 394 ex
740 361 838 405 [102]
862 363 1120 406 philosophorum
1136 375 1264 399 numero
1277 375 1322 404 es,
1347 376 1418 409 quae
1438 365 1523 406 dico,
1538 372 1575 400 ut
1588 367 1670 401 arbi·

208 421 283 453 tror,
309 415 416 449 facies.
462 416 542 449 Suu.
567 427 608 448 ΕΤ
632 416 694 449 Cn.
718 416 888 449 verissima
916 418 1064 460 loqueris.
1120 418 1206 452 an.
1228 420 1289 453 Per
1311 420 1439 463 Jovem,
1464 432 1484 454 o
1514 422 1670 462 Phaedon,

208 471 319 503 merito
333 471 503 503 admodum
519 476 756 504 consenserunt.
780 471 908 504 mirifice
923 472 1006 504 enim
1021 473 1074 505 ille
1090 473 1167 506 mihi
1181 474 1303 507 videtur
1317 486 1380 507 rem
1397 476 1496 518 ipsam
1511 475 1561 509 vel
1576 476 1672 509 hebe-

207 525 326 557 tissimo
342 525 457 568 cuique
471 525 666 568 explanasse.
710 525 804 558 Pam.
828 526 881 559 Sic
899 537 1033 569 prorsus,
1050 538 1069 558 ο
1093 527 1292 566 Echecrates,
1308 530 1512 571 praesentibus
1527 529 1672 562 omnibus

206 579 348 611 similiter
363 579 462 611 visum
477 579 549 613 fuit.
597 579 679 614 Ecrr.
704 580 790 619 Quid
809 580 942 612 mirum?
965 592 1035 614 cum
1051 581 1142 614 nobis
1156 591 1296 624 quoque,
1308 583 1363 625 qui
1385 594 1449 615 non
1464 583 1671 622 interfuimus,

204 643 290 665 nunc
316 634 456 666 similiter
477 634 679 666 audientibus
706 634 859 666 videatur.
874 640 876 642 ’
906 635 1024 667 Verum
1051 645 1196 678 quaenam
1227 641 1299 678 post
1321 637 1388 669 haec
1413 637 1499 668 dicta
1521 637 1672 670 fuerunt?

206 687 301 719 Pus.
325 687 370 720 Ut
385 688 530 730 equidem
546 688 686 726 arbitror,
705 693 868 730 postquam
885 689 952 721 haec
966 689 1015 720 illi
1042 690 1162 722 Socrati
1190 695 1422 730 concesserunt,
1435 696 1672 724 concesserunt-

205 752 279 783 que,
294 741 431 784 speciem
447 741 621 784 quamlibet
635 741 753 784 aliquid
769 753 850 784 esse,
865 748 898 774 et
912 753 983 785 quae
1006 744 1114 775 harum
1137 744 1300 786 participia
1322 749 1406 783 sunt,
1421 745 1556 787 ipsarum
1572 746 1672 777 deno-

204 796 408 828 minationem
424 797 559 836 habere3
581 796 733 838 deinceps
748 797 833 830 hunc
849 797 881 836 in
898 798 1024 829 modum
1041 798 1252 841 interrogavit.
1297 799 1331 830 Si
1347 799 1414 830 haec
1429 799 1473 830 ita
1487 810 1520 831 se
1541 800 1673 842 habent,

203 861 322 888 nonne.
337 851 464 893 quando
480 851 639 883 Simmiam
655 852 734 883 dicis
749 852 876 884 Socrate
891 852 1018 894 quidem
1036 852 1183 895 majorem
1209 864 1289 895 esse,
1305 853 1466 886 Pliaedone
1483 864 1555 886 vero
1571 854 1670 886 mino-

202 916 278 942 rem,
291 910 367 937 tunc
382 905 513 936 affirmas
529 905 559 936 in
576 905 705 937 Simmia
720 911 886 948 utrumqne
901 917 982 946 esse,
999 911 1030 938 et
1046 907 1294 949 magnitudinem
1310 908 1399 939 simul
1416 912 1448 939 et
1461 908 1642 950 parvitatem
1655 908 1666 940 ?

202 959 266 992 Ca.
290 959 458 1002 Equidem.
503 959 559 992 So.
585 960 736 992 Attamen
759 959 916 991 Simmiam
933 961 1091 992 confiteris
1118 962 1268 993 excedere
1295 962 1467 1000 Socratem,
1482 971 1545 993 non
1561 961 1607 994 ita
1623 973 1670 994 re-

203 1023 286 1050 vera,
304 1019 338 1045 ut
353 1014 446 1045 verba
461 1019 584 1047 sonant.
609 1025 672 1045 non
697 1015 781 1046 enim
797 1014 840 1045 ita
863 1020 973 1046 natura
1000 1015 1174 1047 institutum
1191 1027 1258 1048 esse
1273 1016 1430 1048 existimas
1444 1016 1617 1054 Simmiam,
1633 1022 1669 1050 ut

203 1077 242 1098 ea
257 1067 376 1100 ratione
389 1074 528 1110 superet,
543 1079 605 1111 qua
621 1074 670 1100 est
694 1069 857 1109 Simmias3
880 1070 933 1101 sed
953 1070 1180 1112 magnitudine,
1196 1081 1290 1113 quam
1306 1072 1420 1103 habet:
1445 1082 1549 1114 neque
1565 1081 1667 1103 rursus

203 1122 374 1160 Socratem,
390 1133 428 1154 eo
455 1123 539 1165 quod
570 1123 713 1156 Socrates
738 1129 798 1162 est,
813 1125 945 1164 excedi3
969 1125 1024 1156 sed
1048 1126 1124 1167 quia
1148 1126 1332 1168 parvitatem
1363 1136 1427 1168 prae
1451 1126 1667 1168 magnitudine

203 1176 288 1208 illius
314 1177 438 1209 habeat.
484 1178 545 1210 Cn.
571 1178 651 1210 vera
675 1178 821 1220 loqueris.
878 1179 936 1211 So.
960 1179 1110 1211 Similiter
1137 1191 1197 1212 nec
1221 1191 1240 1212 a
1264 1181 1427 1212 Phaedone
1456 1179 1604 1222 superari,
1628 1190 1668 1212 eo

203 1231 288 1272 quod
305 1231 448 1263 Phaedon
465 1232 506 1264 sit
520 1231 664 1264 Phaedon
680 1244 689 1273 5
713 1233 768 1265 sed
781 1233 855 1275 quia
865 1234 1008 1265 Phaedon
1025 1245 1087 1276 pra:
1100 1234 1236 1266 Simmiae
1253 1235 1404 1277 parvitate
1421 1235 1669 1277 magnitudinem

203 1285 309 1318 habet.
355 1285 418 1319 Cn.
440 1287 492 1318 Ita
514 1292 573 1322 est.
618 1288 674 1320 So.
698 1287 750 1320 Sic
780 1287 886 1330 itaque
917 1288 1063 1320 Simmias
1088 1289 1378 1321 denominationem
1406 1289 1493 1332 parvi
1516 1289 1612 1321 habet
1636 1294 1670 1320 et

203 1340 325 1382 magni:
352 1341 507 1384 siquidem
524 1343 555 1374 in
571 1343 730 1374 amborum
746 1342 850 1374 medio
867 1342 1004 1385 positus,
1019 1343 1145 1375 alterius
1161 1344 1290 1386 quidem
1315 1343 1496 1386 parvitatem
1514 1343 1671 1386 magnitu-

203 1393 283 1426 dine.-
293 1402 431 1437 superat,
446 1397 572 1428 alterius
589 1407 660 1428 vero
677 1397 886 1438 magnitudini
903 1397 1056 1439 parvitate
1069 1399 1164 1430 cedit.
1209 1398 1251 1430 Et
1263 1399 1353 1430 simul
1369 1399 1532 1430 subridens
1542 1398 1665 1442 inquit:

203 1448 324 1481 Videor
338 1449 485 1491 equidem
501 1450 677 1482 affectatius
692 1451 903 1493 descripsisse.
929 1457 1141 1483 verumtamen
1157 1457 1216 1490 est,
1235 1458 1269 1484 ut
1280 1452 1364 1486 dico.
1409 1453 1471 1487 cs.
1493 1453 1547 1485 Sic
1569 1463 1669 1495 appa-

203 1508 260 1535 ret.
306 1504 365 1536 So.
388 1504 475 1536 Dico
501 1510 606 1536 autem
632 1509 809 1547 propterea,
825 1506 900 1548 quia
924 1506 1020 1548 cupio
1047 1506 1145 1538 videri
1163 1507 1233 1549 tibi,
1254 1508 1340 1549 quod
1366 1512 1400 1538 et
1426 1507 1501 1539 milii
1532 1507 1668 1539 videtur.

204 1557 329 1600 Opinor
343 1558 439 1597 enim,
455 1570 520 1591 non
534 1559 635 1590 solum
652 1559 897 1602 magnitudinem
915 1559 1013 1602 ipsam
1027 1571 1188 1603 nunquam
1205 1561 1285 1593 velle
1309 1571 1452 1603 magnam
1476 1560 1569 1594 simul
1595 1571 1667 1604 par-

204 1622 337 1655 vamque
353 1623 442 1654 esse3
467 1624 572 1645 verum
596 1613 690 1646 etiam
712 1624 817 1656 neque
838 1614 934 1655 hanc,
949 1624 1019 1657 quae
1036 1615 1068 1646 in
1083 1615 1175 1647 nobis
1191 1621 1249 1653 est,
1265 1615 1513 1658 magnitudinem
1528 1625 1666 1658 unquam

204 1667 343 1709 recipere
359 1668 556 1710 parvitatem,
571 1679 675 1711 neque
691 1669 829 1710 superari
846 1669 944 1701 vellex
970 1670 1024 1701 sed
1042 1680 1059 1701 e
1084 1670 1208 1702 duobus
1223 1670 1354 1702 alterum
1367 1669 1530 1702 accidere:
1554 1669 1603 1702 vel
1620 1669 1668 1702 fu·

203 1732 276 1763 gere
290 1733 386 1766 seque
401 1723 593 1762 subtrahere,
608 1724 737 1766 quando
752 1724 903 1756 adventat
917 1724 1070 1756 contraria
1085 1725 1222 1767 parvitas
1235 1736 1245 1765 ;
1268 1724 1317 1757 vel
1342 1735 1414 1757 curn
1433 1723 1606 1762 advenerit,
1621 1724 1670 1756 in-

204 1775 315 1807 terire:
339 1776 425 1808 nolle
440 1781 544 1809 autem
559 1782 752 1820 exspectare,
768 1782 863 1819 atque
877 1778 910 1809 in
926 1778 1081 1820 parvitate
1096 1779 1280 1821 recipienda
1295 1779 1379 1811 aliud
1390 1789 1459 1810 esse
1473 1789 1567 1821 quam
1589 1782 1668 1811 erat.

203 1831 468 1872 quemadmodum
484 1842 556 1874 ego.
572 1842 643 1864 cum
671 1832 859 1874 susceperim
882 1832 1143 1876 sustinuerimque
1165 1833 1362 1876 parvitatem,
1378 1833 1528 1875 quamdiu
1555 1834 1581 1865 is
1602 1833 1670 1876 ipse

204 1894 288 1926 sum,
302 1884 357 1927 qui
372 1896 452 1924 sum,
475 1886 520 1918 sic
532 1886 667 1928 ipsemet
692 1897 760 1918 sum
788 1897 912 1929 parvus.
957 1887 1042 1919 Illud
1066 1893 1183 1926 autem,
1208 1898 1352 1930 magnum
1376 1888 1461 1930 quod
1483 1888 1586 1929 ipsum
1608 1891 1670 1925 est,

203 1949 365 1982 nunquam
380 1940 530 1972 sustinuit
543 1951 611 1973 esse
626 1952 767 1984 parvum.
789 1941 930 1974 similiter
946 1952 1087 1984 parvum,
1103 1943 1188 1984 quod
1204 1947 1252 1974 est
1262 1942 1296 1973 in
1313 1942 1414 1979 nobis,
1429 1951 1590 1985 nunquam
1601 1941 1669 1974 vult

202 2004 352 2035 magnum
366 1999 421 2026 aut
435 1995 502 2026 fieri
525 2000 580 2027 aut
604 2006 693 2027 esse:
717 2006 820 2038 neque
843 1995 928 2028 aliud
946 1996 1115 2039 quicquam
1130 1997 1368 2034 contrariorum,
1382 1997 1533 2039 quamdiu
1549 2002 1599 2028 est
1620 1995 1669 2035 id,

204 2048 290 2090 quod
316 2052 393 2087 erat,
408 2049 528 2090 patitur
551 2049 643 2080 simul
666 2049 853 2082 contrarium
881 2049 947 2081 fieri
973 2054 1028 2082 aut
1042 2061 1130 2090 esse3
1153 2050 1208 2082 sed
1223 2056 1278 2081 aut
1302 2051 1400 2093 [103]
1425 2051 1492 2082 abit
1505 2055 1560 2082 aut
1573 2049 1667 2093 perit,

202 2112 276 2134 cum
290 2102 440 2134 adventat
454 2103 653 2135 contrarium.
699 2104 760 2136 Cn.
783 2103 834 2135 Ita
848 2114 970 2146 prorsus
987 2104 1142 2136 existimo.
1187 2105 1282 2137 Pam.
1304 2105 1395 2136 Tunc
1409 2105 1537 2148 quidam
1547 2115 1668 2141 eorum,

204 2156 261 2199 qui
276 2157 417 2195 aderaut,
439 2158 507 2190 haec
529 2157 673 2196 audiens,
700 2158 789 2201 (quIS
815 2163 919 2190 autem
943 2159 996 2191 ille
1018 2159 1124 2197 fuerit,
1138 2170 1203 2191 non
1228 2159 1304 2191 satis
1325 2159 1483 2203 memini,)
1499 2159 1556 2191 Dii
1580 2158 1668 2197 boni,

204 2209 318 2253 inquit,
334 2221 440 2243 nonne
454 2212 488 2243 in
501 2212 710 2254 superioribus
725 2213 913 2245 contrarium
925 2224 1044 2251 eorum,
1060 2225 1130 2256 quae
1140 2215 1299 2255 dicuntur,
1310 2215 1401 2246 nobis
1411 2219 1459 2246 est
1473 2224 1669 2252 concessum,

205 2264 354 2297 videlicet
366 2276 404 2297 ex
420 2266 531 2298 minori
547 2266 647 2309 majus
662 2267 727 2299 fieri
742 2273 837 2309 atque
852 2279 890 2300 ex
905 2267 1016 2310 majori
1031 2268 1134 2300 minus
1147 2280 1158 2310 3
1180 2279 1311 2311 esseque
1334 2268 1442 2311 procul
1457 2268 1556 2300 dubio
1570 2278 1668 2311 gene-

206 2319 358 2352 rationem
373 2320 595 2353 contrariorum
611 2332 650 2354 ex
663 2322 851 2354 contrariis?
875 2333 959 2355 nunc
981 2328 1087 2354 autem
1102 2323 1264 2361 videmini,
1281 2323 1347 2355 fieri
1367 2323 1401 2355 id
1425 2333 1488 2355 non
1503 2333 1607 2365 posse,
1622 2321 1672 2354 di-

207 2385 290 2408 cere.
336 2376 418 2409 Cum
433 2387 505 2409 vero
517 2377 673 2421 Socrates,
689 2378 861 2409 admovens
872 2383 981 2420 caput,
997 2378 1215 2416 auscultasset,
1231 2378 1381 2415 viriliter,
1395 2377 1508 2419 inquit,
1519 2377 1553 2408 id
1567 2387 1671 2409 recor-

206 2429 299 2461 datus
325 2441 358 2462 es
373 2442 381 2462 z
405 2441 470 2463 non
491 2436 595 2463 tamen
615 2432 765 2475 intelligis
781 2432 991 2464 differentiam
1002 2434 1084 2464 inter
1095 2433 1141 2475 id,
1158 2433 1244 2475 quod
1257 2433 1351 2464 modo
1365 2431 1484 2464 dictum
1500 2436 1561 2470 est,
1575 2435 1671 2475 atque

206 2482 285 2515 illud
301 2485 454 2526 superius.
498 2485 589 2518 Tunc
604 2486 688 2517 enim
704 2486 880 2528 dicebatur,
895 2497 934 2518 ex
957 2486 1111 2518 contraria
1136 2497 1168 2518 re
1193 2497 1255 2518 rem
1271 2486 1456 2518 contrariam
1472 2486 1539 2518 fieri
1553 2497 1561 2518 ε
1585 2497 1670 2518 nunc

207 2548 280 2570 vero
290 2539 477 2571 contrarium
487 2538 592 2582 ipsum
601 2540 724 2572 sibimet
733 2541 919 2572 contrarium
930 2540 994 2572 fieri
1006 2551 1167 2583 nunquam
1180 2552 1190 2581 ;
1202 2551 1305 2583 neque
1315 2541 1400 2582 quod
1412 2541 1444 2572 in
1454 2540 1556 2578 nobis,
1567 2550 1671 2583 neque

205 2593 292 2635 quod
302 2593 337 2625 in
350 2599 459 2626 natura
474 2594 660 2626 contrarium
676 2599 735 2627 est.
759 2599 834 2626 tunc
849 2594 991 2636 quidem,
1007 2605 1027 2626 o
1043 2595 1154 2633 amice,
1170 2596 1210 2626 de
1224 2595 1282 2633 his,
1298 2605 1368 2637 quae
1378 2595 1494 2626 liabent
1503 2594 1671 2633 contraria,

204 2647 398 2685 dicebamus,
408 2649 476 2681 haec
491 2648 612 2680 illorum
622 2649 809 2691 cognomine
821 2648 1030 2691 appellantes.
1045 2655 1078 2680 at
1093 2659 1177 2682 nunc
1192 2650 1232 2681 de
1248 2650 1308 2680 illis
1324 2649 1400 2692 ipsis
1414 2649 1582 2692 loquimur,
1598 2658 1670 2692 quo

205 2702 255 2733 his
277 2702 395 2741 insunt,
411 2713 582 2745 quorumve
606 2703 771 2746 praesentia
787 2714 964 2746 cognomen
977 2703 1094 2735 habent
1109 2714 1158 2741 ea,
1174 2714 1244 2746 quae
1266 2703 1479 2735 nominantur.
1521 2702 1582 2736 Illa
1596 2713 1669 2736 vero

204 2756 275 2799 ipsa
287 2756 419 2789 dicimus
434 2767 594 2800 nunquam
611 2758 689 2790 velle
705 2763 843 2790 mutuam
862 2758 943 2790 inter
960 2768 993 2790 se
1005 2759 1237 2800 generationem
1248 2758 1417 2801 suscipere.
1444 2757 1488 2790 Et
1501 2757 1592 2790 simul
1609 2757 1670 2790 Ce-

207 2812 311 2843 betem
326 2811 472 2850 intuitus¹
494 2811 616 2855 inquit:
641 2812 727 2844 Num
751 2819 782 2844 te
805 2823 944 2855 qnoque,
960 2812 1075 2851 Cebes,
1091 2812 1210 2855 aliquid
1226 2823 1343 2850 eorum,
1359 2823 1430 2854 quse
1446 2822 1530 2844 nunc
1545 2811 1671 2854 objecta

206 2870 292 2904 sunt,
317 2866 532 2908 perturbavit?
577 2866 638 2900 Cr..
664 2867 759 2899 Haud
783 2867 930 2911 equidem
953 2868 997 2899 ita
1019 2878 1087 2899 sum
1110 2868 1265 2900 affectus:
1298 2877 1335 2900 ac
1371 2866 1427 2898 tibi
1462 2866 1580 2898 affirmo
1603 2874 1668 2896 non

207 2920 338 2952 multum
356 2931 405 2953 me
420 2920 549 2955 turbari.
591 2921 646 2956 So.
671 2922 707 2953 Id
723 2933 797 2964 ergo
814 2922 998 2964 simpliciter
1013 2921 1149 2954 confessi
1164 2932 1283 2963 sumus,
1298 2921 1485 2954 contrarium
1507 2929 1668 2962 nunquam

206 2973 329 3007 sibimet
343 2975 409 3008 fore
424 2975 622 3010 contrarium.
668 2976 730 3011 Cic.
755 2977 904 3010 Omnino.
950 2977 1006 3010 So.
1027 2977 1166 3010 Adverte
1181 2981 1342 3020 praeterea,
1355 2975 1497 3018 nunquid
1510 2978 1543 3007 et
1557 2974 1590 3007 in
1606 2974 1664 3007 hoc
