1846 3268
142 286 238 335 503]
752 283 1010 323 GORGIAS.
1525 286 1602 323 217

138 391 302 431 convenis,
311 399 351 422 an
366 388 536 421 dissentis?
580 386 665 421 Car..
690 387 824 418 Minime
851 387 978 428 quidem
995 399 1001 418 :
1026 388 1121 419 immo
1143 388 1320 424 consentio,
1339 393 1372 418 ut
1387 387 1444 418 tibi
1460 389 1603 429 quando-

141 451 204 484 que
227 444 399 485 disputatio
425 442 642 481 concludatur,
655 447 689 473 et
713 441 786 473 huic
810 440 937 483 Gorgiae
962 442 1125 483 gratificer.
1171 443 1228 474 So.
1252 441 1407 484 Nunquid
1435 442 1496 473 hoc
1522 441 1606 473 circa

142 506 234 528 unam
248 497 375 539 quidem
391 501 440 528 est
452 495 598 532 animam.
609 495 693 527 circa
707 505 780 526 vero
795 495 874 526 duas
890 496 937 526 vel
954 495 1056 537 plures
1069 505 1134 526 non
1147 496 1217 526 est?
1263 494 1351 527 Car..
1374 495 1449 527 Non
1465 494 1510 526 ita
1524 505 1532 526 t
1551 496 1607 526 sed

139 555 172 582 et
183 550 265 582 circa
276 550 354 582 duas
368 555 400 582 et
414 550 497 582 circa
519 550 644 582 multas.
690 550 747 581 So.
771 549 888 580 Nonne
915 555 948 580 et
976 549 1082 581 multis
1096 550 1128 580 in
1146 559 1242 581 unum
1258 549 1522 581 convenientibus
1535 557 1605 590 gra-

140 603 250 635 tificari
264 604 333 645 quis
348 608 454 646 potest
467 604 584 646 absque
599 603 664 634 ulla
677 603 747 645 ejus
762 603 847 645 quod
864 608 912 634 est
926 604 1080 645 optimum
1098 603 1242 635 ratione?
1287 603 1373 635 Car..
1396 603 1449 634 Sic
1463 602 1605 634 arbitror.

140 657 197 688 So.
219 657 355 689 Potesne
369 658 485 695 dicere,
501 667 572 700 quae
584 657 688 689 studia
704 648 767 688 sint
778 666 847 699 quae
861 658 921 688 hoc
935 657 1095 689 efficiant?
1139 657 1253 694 Immo,
1266 657 1292 688 si
1304 657 1361 693 vis,
1373 666 1423 688 me
1433 661 1606 698 quaerente,

139 720 207 742 eam
222 711 348 752 quidem
364 722 435 755 quae
450 711 522 743 talis
537 711 595 744 tibi
610 711 744 749 videtur,
760 711 900 743 concede
926 721 993 744 esse
1018 711 1111 742 talem
1127 723 1134 742 :
1157 721 1229 753 quae
1244 721 1317 742 vero
1334 721 1396 742 non
1412 711 1495 747 talis,
1511 720 1604 752 nega·

140 765 302 806 Principio
327 765 531 798 tibicinariam
557 765 801 798 consideremus.
824 775 863 796 an
890 775 955 795 non
983 764 1042 796 tibi
1068 765 1147 802 haec,
1164 776 1183 795 ο
1210 764 1373 801 Callicles,
1389 765 1513 795 videtur
1536 773 1605 796 esse

139 819 223 856 talis,
239 824 273 851 ut
287 819 371 851 aliud
389 820 466 851 nihil
483 826 570 852 curet
585 829 677 862 quam
695 830 782 851 aures
807 820 988 851 delectare?
1034 819 1084 851 CA
1092 829 1120 851 1..
1145 818 1228 850 Mihi
1253 819 1393 860 quidem.
1436 818 1493 849 So.
1517 817 1604 848 Num

139 878 172 904 et
182 873 250 904 aliae
266 884 373 905 ornnes
398 874 567 916 ejusmodi,
589 874 690 917 qualis
717 873 918 909 cithari-stica,
936 883 999 914 qua
1026 873 1057 904 in
1082 873 1301 904 certaminibus
1316 871 1470 904 utuntur?
1515 871 1604 902 Cat..

140 928 245 962 Certe.
288 928 345 960 So.
368 928 454 966 Quid
468 928 479 959 ἓ
503 929 646 960 doctrina
674 928 773 965 chori,
800 928 1133 970 dithyramborumque
1161 927 1282 969 po'esis,
1310 936 1418 957 nonne
1447 924 1518 957 talis
1546 923 1606 955 tibi

142 981 286 1023 quaedam
301 991 369 1013 esse
381 982 505 1013 videtur
519 983 530 1012 ?
553 991 594 1013 an
618 986 711 1024 putas
726 981 884 1013 Cinesiam
899 981 1030 1013 Meletis
1045 981 1143 1012 filium
1158 991 1277 1017 curare,
1292 985 1330 1012 ut
1340 979 1404 1011 tale
1418 978 1537 1021 aliquid
1554 977 1604 1009 di-

140 1041 203 1072 cat,
225 1035 311 1067 unde
335 1035 498 1068 audientes
523 1035 664 1067 meliores
693 1035 874 1073 reddantur,
889 1036 938 1067 vel
962 1036 1080 1077 potius,
1103 1035 1201 1078 [502]
1226 1035 1311 1066 unde
1337 1032 1481 1065 theatrali
1505 1032 1604 1063 turba

139 1089 263 1131 placere
274 1090 398 1132 possit?
443 1089 528 1122 Car..
551 1089 759 1121 Manifestum
775 1090 905 1132 quidem
928 1090 989 1121 hoc
1010 1095 1068 1127 est,
1084 1100 1103 1120 o
1127 1090 1283 1130 Socrates,
1298 1089 1339 1120 de
1362 1087 1503 1119 Cinesia.
1543 1086 1604 1118 So.

142 1142 238 1174 Pater
249 1153 321 1175 vero
337 1143 406 1186 ejus
421 1143 537 1182 Meles,
553 1154 593 1175 an
608 1145 648 1175 ad
663 1144 695 1175 id
711 1144 797 1186 quod
813 1145 968 1186 optimum
983 1149 1075 1181 esset,
1092 1143 1270 1185 prospicere
1286 1142 1461 1179 videbatur,
1475 1150 1547 1172 cum
1562 1140 1606 1172 ad

142 1196 292 1228 citharam
308 1198 455 1230 caneret?
478 1198 527 1230 vel
543 1198 611 1240 ipse
628 1198 772 1240 profecto
795 1208 837 1231 ne
857 1198 896 1230 ad
912 1198 1106 1240 voluptatem
1122 1197 1250 1240 quidem
1263 1197 1274 1228 ?
1298 1206 1371 1227 narn
1386 1194 1534 1226 molestus
1549 1203 1605 1225 au·

138 1250 297 1283 dientibns
312 1256 390 1283 erat.
434 1251 551 1283 Verum
567 1253 742 1290 considera,
756 1262 863 1284 nonne
881 1252 1085 1284 citharoedica
1110 1251 1243 1283 facultas
1260 1251 1373 1287 omnis,
1388 1249 1607 1292 dithyrambo-

140 1314 271 1346 rumque
285 1303 405 1347 Ροὲείο,
421 1305 601 1337 oblectandi
623 1306 722 1347 gratia
745 1305 802 1336 tibi
824 1305 947 1336 videtur
960 1304 1111 1336 inventa?
1157 1303 1245 1336 Cu..
1267 1304 1352 1335 Mihi
1365 1303 1506 1346 quidem.
1549 1301 1606 1333 So.

139 1357 227 1396 Quid
239 1363 344 1390 antem
359 1358 507 1400 praeclara
518 1359 586 1390 haec
601 1359 761 1400 tragoedias
775 1358 985 1400 mirabilisque
1007 1357 1113 1399 poesis
1138 1358 1326 1390 contendit?
1372 1357 1527 1398 Nunquid
1540 1361 1605 1388 stu-

140 1411 227 1443 dium
242 1411 311 1454 ejus
326 1417 522 1454 conatusque
533 1413 574 1443 ad
597 1411 793 1444 audientium
809 1412 1003 1454 voluptatem
1020 1413 1120 1443 solum
1133 1413 1258 1444 tendit?
1282 1413 1343 1450 vel,
1359 1412 1386 1444 si
1398 1412 1476 1454 quid
1491 1410 1605 1453 volup·

138 1465 249 1498 tarium
261 1466 388 1509 quidem
405 1471 501 1510 atque
515 1471 634 1509 gratum
651 1466 704 1504 sit,
720 1467 774 1498 sed
793 1472 899 1498 tamen
924 1466 1054 1503 malum,
1074 1467 1108 1498 id
1130 1467 1254 1498 cavebit
1276 1477 1316 1497 ne
1343 1476 1483 1508 unquam
1498 1465 1605 1496 dicat?

140 1525 249 1552 eontra
262 1530 348 1562 vero,
364 1520 389 1551 si
403 1521 479 1563 quid
495 1520 674 1558 molestum,
689 1525 827 1552 attamen
843 1520 920 1552 utile
935 1521 1040 1559 fuerit,
1055 1521 1088 1552 id
1105 1526 1138 1552 et
1151 1522 1238 1552 dicet
1251 1525 1284 1552 et
1299 1525 1404 1561 canet,
1417 1520 1483 1551 sive
1498 1519 1604 1550 oblec-

139 1579 245 1607 tentur
259 1574 324 1607 sive
339 1586 403 1606 non
419 1575 583 1607 audientes
597 1575 608 1606 ?
629 1585 765 1617 quonam
783 1576 876 1607 modo
901 1577 1108 1617 tragoedorum
1132 1575 1291 1622 poesis-se
1313 1575 1428 1606 habere
1442 1573 1502 1604 tibi
1517 1573 1604 1604 vide·

139 1629 211 1660 tur?
256 1628 342 1662 Cat..
365 1629 508 1668 Constat,
525 1641 544 1660 o
560 1629 713 1667 Socrates,
728 1639 797 1661 eam
822 1630 862 1660 ad
879 1629 1073 1671 voluptatem
1097 1630 1289 1671 gratiamque
1313 1627 1523 1670 spectantium
1547 1637 1606 1668 po·

139 1683 201 1715 tius
216 1683 386 1716 declinare.
431 1683 486 1716 So.
509 1683 581 1716 Hoc
597 1694 669 1716 vero
683 1683 758 1720 tale,
774 1694 792 1715 o
819 1683 978 1721 Callicles,
994 1683 1089 1725 paulo
1114 1689 1188 1715 ante
1213 1683 1425 1714 adulationem
1442 1691 1510 1713 esse
1524 1681 1605 1712 dixi-

140 1748 208 1769 mus
218 1738 235 1768 ?
276 1737 362 1770 Car..
385 1737 495 1770 Plane.
539 1739 596 1771 So.
622 1738 693 1780 Age
707 1737 830 1780 utique,
846 1738 871 1769 si
897 1738 967 1780 quis
983 1738 1103 1769 auferat
1117 1749 1156 1769 ex
1181 1743 1246 1768 tota
1262 1736 1354 1780 poesi
1368 1740 1556 1768 concentum
1572 1738 1606 1766 et

139 1792 319 1835 rhythmum
334 1798 429 1835 atque
446 1803 631 1830 mensuram,
647 1792 775 1824 aliudne
790 1792 957 1834 quicquam
967 1797 1079 1834 praeter
1089 1801 1245 1823 sermones
1261 1792 1414 1834 quosdam
1430 1788 1604 1831 supererit?

141 1845 227 1879 Cn..
248 1847 287 1878 Id
311 1847 426 1889 ipsum.
471 1847 526 1881 So.
548 1847 695 1879 Profecto
720 1847 760 1878 ad
785 1848 905 1878 turbam
936 1847 1152 1890 populumque
1185 1846 1216 1877 hi
1246 1853 1415 1877 sermones
1437 1844 1604 1875 habentur.

141 1901 226 1933 Car..
251 1901 363 1932 Procul
380 1900 489 1934 dubio.
535 1900 591 1933 So.
616 1901 781 1944 Popularis
797 1911 870 1942 ergo
887 1901 985 1932 oratio
1001 1901 1146 1943 quaedam
1161 1905 1208 1931 est
1225 1899 1341 1942 poesim
1386 1898 1474 1930 Car..
1498 1896 1606 1938 Appa-

139 1959 196 1987 ret.
241 1954 296 1987 So.
321 1954 438 1986 Nonne
452 1955 604 1987 rbetorica
617 1965 745 1998 quoque
761 1955 921 1997 popularis
940 1960 989 1986 est
1011 1954 1109 1986 oratio
1124 1955 1135 1984 ?
1159 1965 1199 1985 an
1221 1964 1283 1985 non
1299 1952 1451 1984 rhetorica
1466 1952 1499 1982 in
1516 1951 1604 1982 thea-

138 2009 191 2040 tris
207 2009 252 2040 uti
268 2009 374 2051 poe'tae
390 2009 445 2049 tibi
462 2010 630 2041 videntur?
675 2009 763 2042 Cu..
786 2009 872 2040 Mihi
889 2009 1028 2052 quidem.
1072 2009 1129 2040 So.
1154 2008 1252 2039 Nunc
1267 2018 1342 2049 ergo
1357 2017 1415 2038 nos
1429 2005 1604 2037 invenimus

137 2063 323 2095 rhetoricam
337 2064 493 2105 quandam
520 2065 558 2095 ad
587 2065 739 2106 populum
754 2064 859 2100 talem,
880 2063 981 2105 qualis
1006 2068 1052 2095 cst
1076 2073 1243 2106 puerorum
1269 2061 1359 2093 simul
1381 2066 1414 2092 et
1439 2060 1603 2091 mulierum

139 2117 347 2159 virorumque,
370 2123 403 2149 et
428 2128 583 2149 servorum
610 2125 705 2160 atque
729 2119 905 2150 liberorum.
927 2128 1020 2159 quam
1042 2118 1170 2160 quidem
1196 2117 1279 2148 haud
1297 2116 1388 2146 valde
1415 2115 1604 2156 probamus:

138 2171 259 2213 quippe
274 2182 345 2203 cum
361 2172 565 2203 adulatoriam
592 2183 659 2204 eam
686 2184 753 2204 esse
780 2172 914 2205 confessi
940 2183 1056 2203 sumus.
1103 2172 1189 2203 ΟΜ..
1211 2171 1263 2202 Sic
1287 2176 1336 2201 est
1350 2170 1505 2212 profecto.
1548 2169 1604 2199 So.

139 2225 298 2267 Agedum,
311 2226 386 2268 quid
403 2227 443 2258 do
459 2237 496 2258 ea
511 2227 650 2259 dicemus
666 2228 832 2267 rhetorica,
855 2237 916 2268 qua
932 2227 972 2257 ad
988 2226 1214 2257 Atheniensem
1237 2224 1389 2266 populum
1413 2223 1606 2263 aliarumque

139 2279 302 2310 civitatum
326 2280 460 2322 populos
485 2280 649 2312 liberorum
667 2282 797 2311 virorum
825 2281 976 2311 utuntur?
999 2279 1100 2321 qualis
1125 2281 1194 2310 haec
1210 2278 1362 2309 rhetorica
1377 2278 1447 2308 est?
1492 2276 1605 2308 Utrum

139 2333 196 2364 tibi
213 2333 358 2365 videntur
373 2340 508 2366 oratores
523 2335 562 2366 ad
580 2335 611 2365 id
629 2345 762 2376 semper,
778 2333 865 2377 quod
885 2335 1038 2376 optimum
1056 2333 1108 2370 sit,
1124 2334 1217 2364 verba
1239 2333 1383 2374 dirigere,
1399 2332 1432 2363 id
1452 2333 1606 2362 duntaxat

125 2406 127 2409 ·
141 2387 366 2429 conjectantes,
381 2399 443 2430 qua
468 2388 587 2420 ratione
613 2388 696 2419 cives
722 2399 815 2430 quam
843 2388 955 2429 optimi
985 2399 1040 2430 per
1064 2398 1169 2418 eorum
1197 2387 1356 2418 orationes
1381 2385 1541 2417 evadant?
1564 2395 1604 2416 an

140 2441 246 2482 potius
269 2441 302 2472 hi
324 2451 450 2484 quoque
476 2441 605 2484 gratiam
629 2442 806 2473 auditorum
834 2447 1042 2484 aucupantur,
1068 2442 1141 2472 boui
1171 2441 1324 2472 duntaxat
1351 2439 1467 2483 proprii
1493 2439 1605 2481 gratia,

142 2494 258 2526 bonum
270 2495 430 2536 publicum
448 2497 662 2538 negligentes?
686 2502 718 2527 et
733 2497 821 2538 quasi
846 2497 950 2538 pueris
967 2501 1090 2527 utentes
1106 2495 1244 2538 populis,
1259 2495 1374 2527 intenti
1398 2496 1550 2526 duntaxat
1564 2495 1605 2526 ad

142 2548 270 2588 gratiam
283 2559 290 2579 ε
314 2549 392 2580 nihil
407 2560 481 2581 vero
497 2558 651 2589 curantes,
668 2556 770 2582 utrum
785 2552 825 2583 ob
840 2551 900 2582 hoc
916 2551 1057 2582 meliores
1072 2555 1127 2582 aut
1142 2549 1312 2581 deteriores
1334 2550 1432 2591 [503]
1457 2550 1604 2581 evadant.

142 2600 228 2632 Cn..
252 2600 346 2632 Haud
362 2601 493 2644 simplex
507 2603 541 2635 id
567 2609 626 2641 est,
642 2605 728 2646 quod
754 2605 936 2646 interrogas.
980 2604 1061 2635 Sunt
1084 2603 1166 2635 enim
1183 2603 1238 2646 qui
1253 2604 1284 2634 in
1301 2605 1420 2635 orando
1435 2602 1607 2634 utilitatem

140 2653 254 2685 civium
271 2656 459 2686 consulunt:
485 2661 557 2688 sunt
571 2663 603 2688 et
617 2658 669 2689 alii
685 2659 774 2697 tales,
789 2659 898 2700 quales
924 2659 992 2700 ipse
1016 2668 1131 2689 narras.
1175 2658 1232 2690 So.
1257 2657 1338 2689 Satis
1362 2662 1421 2690 cst.
1466 2657 1500 2688 Si
1521 2657 1605 2687 enim

141 2713 174 2739 et
187 2708 247 2739 hoc
262 2714 310 2739 est
324 2709 453 2750 duplex,
469 2709 598 2741 alterum
615 2712 743 2752 quidem
768 2711 836 2753 ejus
862 2713 1034 2744 membrum
1058 2712 1197 2743 adulatio
1212 2712 1283 2749 erit,
1298 2712 1461 2754 turpisque
1477 2711 1606 2743 concio-

139 2762 247 2793 natio:
270 2763 400 2794 alterum
429 2774 501 2795 vero
530 2764 705 2805 pulchrum,
725 2766 850 2797 studere
865 2766 1026 2806 videlicet,
1052 2771 1088 2796 ut
1112 2765 1206 2798 animi
1232 2766 1349 2798 civium
1373 2776 1465 2808 quam
1494 2765 1605 2808 optimi

141 2816 231 2854 fiant,
247 2826 368 2859 semper
384 2827 440 2858 pro
457 2818 649 2849 audientium
668 2819 802 2851 utilitate
826 2821 987 2857 certando,
1004 2820 1068 2851 sive
1093 2821 1238 2862 placeant
1253 2820 1317 2852 sive
1332 2820 1520 2861 displiceant
1536 2829 1605 2860 quae

141 2868 297 2902 dicuntur.
343 2869 460 2902 Verum
477 2876 511 2902 tu
527 2875 609 2903 certe
625 2873 788 2903 oratoriam
810 2873 967 2914 ejusmodi
982 2873 1086 2905 vidisti
1109 2878 1280 2916 nunquam.
1304 2874 1389 2916 quod
1405 2874 1431 2904 si
1447 2874 1526 2903 inter
1538 2883 1607 2902 ora-

141 2927 222 2954 tores
239 2924 330 2955 talem
347 2925 527 2966 quempiam
553 2925 660 2963 habes,
676 2935 731 2957 cur
754 2937 819 2957 non
845 2927 919 2958 mihi
947 2938 1073 2969 quoque
1092 2929 1177 2960 hunc
1202 2928 1392 2960 ostendisti?
1437 2927 1522 2958 Cat.
1546 2925 1607 2955 Per

141 2976 252 3008 Jovem
268 2987 306 3008 ex
322 2979 493 3010 oratoribus
507 2979 562 3020 qui
577 2989 662 3011 nunc
686 2985 769 3017 sunt,
786 2980 879 3012 talem
894 2982 995 3013 habeo
1013 2982 1142 3014 nullum.
1188 2982 1246 3014 So.
1270 2982 1357 3019 Quid
1374 2986 1478 3012 autem
1493 2980 1504 3009 ἓ
1528 2979 1608 3010 inter

232 3031 321 3064 P1at.
340 3033 393 3064 Tr.
922 3034 947 3073 L
1445 3039 1468 3069 2
1492 3033 1519 3063 E
