1832 3256
210 196 321 247 περ]
811 189 1101 229 PHAEDRUS.
1630 189 1682 228 23

222 310 329 333 nonne
344 298 416 330 talia
431 296 574 340 qnaedam
589 300 688 332 erant,
703 304 723 326 o
738 293 903 326 Socrates?
946 293 1001 325 So.
1024 293 1128 325 Recta
1141 302 1216 324 sane
1231 302 1267 324 ac
1283 291 1419 334 propria,
1434 302 1453 324 o
1469 302 1556 334 puer,
1572 291 1683 324 Prota-

223 365 306 397 gorae
319 352 468 389 elocutio,
482 355 514 382 et
529 349 627 381 multa
639 343 672 380 iu
687 349 761 380 stilo
776 347 933 390 praeclara.
971 346 1012 378 In
1027 345 1347 378 commiserationibus
1361 350 1476 384 autem,
1490 356 1508 377 a
1522 350 1684 377 senectute

222 413 255 440 et
270 410 452 449 paupertate
467 403 712 440 commovendis,
729 400 961 434 Chalcedonius
980 405 1083 431 orator
1101 399 1269 432 excelluit:
1292 399 1327 431 in
1347 399 1393 431 ira
1406 401 1481 430 item
1495 399 1685 431 concitanda

221 466 255 492 et
269 460 407 491 sedanda
424 464 546 500 potens,
562 457 651 499 quasi
665 455 889 495 incantatione,
908 458 943 485 ut
957 454 1074 496 inquit,
1096 454 1265 485 mulceret:
1288 453 1323 484 in
1343 452 1547 485 conficiendis
1561 452 1684 483 solven-

223 514 335 555 disque
349 511 525 549 calumniis,
542 512 626 543 unde
641 521 721 552 opus
736 509 840 545 fuerit,
856 518 1005 539 summus.
1049 507 1102 538 De
1116 507 1179 538 fine
1202 512 1304 538 autem
1322 507 1469 538 orationis
1485 515 1593 537 omnes
1608 516 1684 537 con-

224 550 329 598 ¹venire
356 566 520 597 videntur:
545 565 601 596 sed
626 565 709 595 hunc
733 562 787 594 alii
810 561 1040 603 repetitionem,
1065 561 1117 591 alii
1138 561 1226 592 aliter
1239 561 1414 592 nominant.
1459 559 1552 590 Pnae.
1574 558 1683 590 Finem

222 619 304 652 dicis
329 619 517 655 summatim,
544 628 635 659 supra
660 617 745 648 dicta
773 615 877 646 omnia
902 615 936 645 in
962 615 1113 646 orationis
1138 615 1225 646 calce
1248 615 1280 646 in
1299 614 1477 646 memoriam
1492 612 1685 644 auditoribus

221 673 389 705 revocare?
434 673 489 704 So.
512 671 591 703 Haec
606 671 744 712 inquam,
760 675 793 701 et
814 669 840 700 si
863 668 940 710 quid
962 673 996 699 tu
1019 668 1105 699 aliud
1127 669 1235 709 habes,
1257 669 1343 710 quod
1365 668 1406 698 de
1428 667 1487 698 hac
1507 672 1572 698 arte
1587 666 1688 697 dicas.

186 750 193 757 .
220 727 314 759 Pan.
339 725 461 767 Exigua
475 725 602 767 quidem
616 725 729 760 habeo,
744 733 847 764 neque
861 726 1032 753 memoratu
1048 721 1156 763 digna.
1202 722 1258 752 So.
1279 722 1446 752 Mittamus
1461 721 1593 761 exigua:
1627 720 1683 751 sed

221 781 290 811 haec
315 779 348 810 in
375 779 476 810 lucem
502 777 609 820 potius
635 777 816 812 educamus,
842 780 890 811 ut,
918 785 1011 816 quam
1037 779 1070 806 et
1093 775 1220 816 quando
1246 775 1319 805 artis
1343 775 1406 805 vim
1421 774 1567 811 habeant,
1580 774 1686 804 videre

221 833 384 875 possimus.
427 831 522 873 [268]
547 831 641 862 Pam.
663 829 706 860 Et
730 829 894 860 maximam
921 828 1062 869 quidem,
1087 838 1107 858 o
1131 828 1287 869 Socrates,
1310 828 1344 858 in
1367 827 1528 858 hominum
1554 827 1686 859 coetibus

222 885 398 928 potentiam
412 885 541 916 habent.
583 884 638 915 So.
662 883 791 914 Habent
807 881 959 923 profecto.
1003 882 1070 918 sed,
1085 891 1105 911 o
1121 881 1223 918 beate,
1240 886 1274 912 tu
1297 882 1391 913 etiam
1412 881 1496 918 vide,
1511 885 1614 912 utrum
1630 881 1687 911 tibi

221 941 331 971 horum
346 939 451 976 vestis,
466 937 730 981 quemadmodum
746 935 834 973 mihi,
849 945 916 966 rara
930 935 1112 977 dissutaque
1127 935 1277 967 videatur.
1308 935 1404 968 Pam.
1426 935 1567 966 Ostende
1579 935 1686 967 modo.

223 993 280 1025 So.
302 992 365 1025 Dic
380 1003 458 1033 age:
485 991 511 1022 si
526 991 594 1033 quis
610 991 709 1022 amico
726 994 781 1021 tuo
797 989 1019 1032 Eryximacho,
1034 988 1084 1020 vel
1100 989 1180 1031 patri
1194 988 1264 1028 ejus
1278 987 1442 1020 Acumeno
1453 988 1539 1020 dicat
1552 988 1585 1019 in
1600 989 1685 1020 hunc

225 1047 354 1078 modum
368 1057 375 1077 :
391 1045 461 1087 Ego
476 1045 603 1087 quidem
619 1044 672 1075 illa
685 1043 749 1075 scio
766 1043 886 1084 corpori
902 1044 1078 1079 admovere,
1095 1043 1207 1084 quibus
1218 1048 1250 1074 et
1259 1042 1457 1084 calescatpro
1466 1042 1592 1073 arbitrio
1603 1053 1685 1080 meo,

225 1106 258 1132 et
271 1100 393 1141 frigeat,
405 1098 555 1129 vomitum
567 1107 705 1139 quoque,
717 1107 881 1138 rursusque
893 1095 1115 1137 dejectionem,
1127 1101 1160 1127 et
1171 1096 1410 1138 expurgationes
1422 1096 1498 1127 alias
1508 1106 1687 1137 provocare,

221 1158 385 1195 ceteraque
407 1151 587 1194 hujusmodi
609 1150 707 1181 multa
730 1150 888 1192 intelligo,
914 1150 1026 1191 quibus
1051 1150 1198 1191 cognitis,
1216 1156 1250 1181 et
1271 1150 1428 1180 medicum
1442 1161 1492 1181 me
1507 1161 1574 1182 esse
1590 1153 1684 1192 proti-

221 1211 300 1244 teor,
328 1210 361 1237 et
386 1205 482 1237 alium
512 1204 683 1246 quemlibet
716 1203 874 1235 medicum
903 1213 953 1234 me
989 1203 1091 1234 facere
1130 1213 1241 1245 posse:
1275 1203 1352 1245 quid
1384 1203 1454 1234 illos
1485 1214 1686 1246 responsuros

217 1259 397 1292 existimas?
442 1258 537 1291 Pfflz.
572 1257 730 1296 Quidnam
762 1257 860 1294 aliud,
890 1267 983 1298 quam
1014 1261 1259 1298 percontaturus,
1290 1257 1442 1299 numquid
1470 1258 1565 1289 etiam
1601 1260 1692 1298 sciat,

223 1314 350 1355 quibus,
374 1313 513 1354 quando,
535 1322 698 1353 quousque
721 1310 843 1352 singula
867 1310 995 1341 istorum
1019 1311 1081 1341 sint
1109 1311 1312 1342 adhibenda?
1356 1311 1413 1343 So.
1434 1311 1516 1353 Ergo
1539 1313 1564 1343 si
1592 1314 1689 1353 dicat,

225 1367 314 1398 nullo
342 1367 436 1397 modo
465 1376 498 1397 se
526 1366 560 1396 id
588 1365 774 1406 intelligere,
803 1365 858 1396 sed
883 1370 1025 1406 oportere
1049 1375 1131 1401 eum,
1156 1365 1211 1407 qui
1247 1365 1287 1396 ab
1318 1365 1388 1406 ipso
1424 1366 1580 1404 didicerit,
1616 1368 1693 1399 talia

223 1420 368 1462 quaedam
389 1419 491 1451 facere
505 1430 618 1461 posse:
642 1419 717 1461 quid
732 1418 991 1460 respondebunt?
1037 1418 1130 1450 Pam.
1154 1418 1247 1450 Certe
1265 1418 1446 1460 hujusmodi
1461 1419 1618 1452 hominem
1638 1421 1687 1452 in-

222 1474 336 1513 sanire,
362 1473 429 1515 qui,
454 1483 526 1505 cum
552 1483 591 1504 ex
613 1472 720 1514 aliquo
743 1472 934 1503 medicorum
959 1472 1039 1503 libro
1066 1471 1220 1503 audiverit
1242 1473 1432 1514 quandoque
1451 1473 1585 1515 aliquid,
1604 1475 1686 1506 etin

222 1526 360 1559 medelas
375 1526 540 1557 nonnullas
562 1526 718 1563 inciderit,
741 1536 845 1568 neque
862 1525 1034 1568 quidquam
1057 1526 1130 1557 artis
1153 1526 1322 1567 intelligat,
1335 1526 1491 1558 medicum
1505 1528 1639 1560 evasisse
1653 1540 1687 1561 se

225 1584 328 1622 putat.
372 1581 429 1612 So.
451 1580 537 1618 Quid
553 1590 637 1618 vero,
653 1580 678 1611 si
693 1580 734 1611 ad
750 1579 939 1622 Sophoclem
963 1585 995 1611 et
1011 1580 1195 1622 Euripidem
1217 1579 1336 1611 diceret
1357 1580 1437 1621 quis,
1453 1580 1530 1612 scire
1544 1591 1577 1612 se
1592 1592 1687 1624 parva

223 1634 264 1666 de
279 1644 312 1665 re
328 1634 479 1676 prolixam
493 1633 665 1665 orationem
679 1634 807 1671 habere,
822 1638 855 1665 et
868 1638 976 1665 contra
991 1634 1032 1666 de
1047 1644 1159 1676 magna
1170 1633 1389 1671 brevissimam,
1405 1638 1448 1671 et,
1461 1635 1583 1676 quoties
1599 1635 1688 1674 velit,

225 1687 467 1718 misericordiam
482 1697 619 1723 movere,
634 1691 728 1729 atque
743 1686 812 1728 ejus
827 1688 1028 1728 contrarium,
1050 1688 1216 1726 horrorem,
1230 1695 1264 1719 et
1279 1688 1378 1719 minas
1400 1688 1553 1726 incutere,
1569 1693 1686 1721 cetera-

226 1751 289 1782 que
305 1739 429 1781 similia,
445 1744 538 1782 atque
552 1740 602 1771 his
616 1740 767 1771 docendis
783 1740 928 1781 tragicam
943 1741 1056 1781 poesia
1068 1751 1101 1771 se
1116 1742 1228 1771 docere
1244 1741 1390 1782 putaret?
1435 1740 1531 1773 Pam.
1554 1742 1598 1773 Et
1610 1743 1655 1780 hi,
1667 1754 1686 1775 o

228 1794 383 1834 Socrates,
406 1798 442 1824 ut
466 1793 589 1834 opinor,
612 1792 699 1824 illum
723 1793 870 1830 riderent,
894 1793 950 1834 qui
974 1793 1153 1834 tragoediam
1173 1793 1259 1824 aliud
1273 1794 1444 1835 quidquam
1460 1799 1585 1836 putaret
1605 1806 1686 1834 esse,

227 1857 320 1889 quam
335 1847 463 1877 istorum
478 1845 750 1888 compositionem,
766 1850 800 1877 et
814 1845 952 1887 partibus
966 1846 1112 1883 invicem,
1128 1851 1161 1877 et
1174 1847 1233 1878 toti
1247 1847 1497 1879 convenientem.
1539 1849 1594 1880 So.
1610 1849 1686 1882 Non

223 1904 329 1932 tamen
350 1900 474 1937 rustice,
499 1905 535 1930 ut
557 1900 696 1937 arbitror,
723 1900 929 1941 increparent,
956 1900 1012 1930 sed
1036 1899 1175 1931 facerent
1199 1901 1329 1942 perinde
1352 1911 1389 1932 ac
1412 1901 1547 1933 musicus
1562 1902 1686 1944 aliquis,

224 1953 388 1986 offendens
403 1953 575 1991 hominem,
598 1957 781 1985 censentem
797 1964 830 1984 se
845 1953 996 1984 musicum
1011 1963 1089 1990 esse,
1104 1964 1142 1984 ex
1157 1963 1195 1984 eo
1210 1955 1297 1996 quod
1318 1955 1406 1992 sciat,
1422 1965 1484 1996 quo
1500 1960 1594 1996 pacto
1608 1957 1687 1988 fides

223 2012 291 2039 tum
307 2005 495 2048 gravissimae
516 2007 695 2045 reddantur,
710 2012 776 2038 tum
786 2007 988 2039 acutissimae.
1032 2007 1083 2038 hic
1097 2008 1182 2038 enim
1196 2017 1260 2038 non
1281 2010 1391 2040 acerbe
1415 2009 1541 2050 quidem
1556 2009 1685 2048 diceret,

223 2059 254 2092 Ο
270 2060 373 2102 miser,
388 2060 504 2091 insanis
517 2071 525 2091 ε
549 2060 616 2097 sed,
632 2065 742 2101 utpote
757 2060 908 2102 musicus,
923 2061 967 2092 sic
984 2060 1088 2092 mitius
1102 2061 1295 2099 admoneret,
1311 2061 1340 2093 Ο
1355 2062 1402 2093 vir
1416 2062 1546 2103 optime,
1559 2073 1687 2096 necesse

220 2118 270 2150 est
290 2113 418 2145 omniuo
450 2114 517 2144 haec
547 2113 639 2144 illum
672 2118 791 2155 tenere,
811 2114 867 2156 qui
899 2114 1022 2145 futurus
1043 2114 1085 2146 sit
1118 2115 1264 2147 musicus.
1288 2115 1366 2146 nihil
1396 2120 1511 2149 autem,
1531 2116 1688 2158 prohibet,

222 2177 307 2205 eum,
322 2167 377 2209 qui
400 2167 446 2198 sic
459 2166 590 2198 affectus
615 2172 673 2204 est,
689 2171 725 2198 ut
750 2172 798 2207 tu,
821 2168 862 2199 de
885 2168 1046 2199 harmonia
1089 2168 1171 2206 nihil,
1190 2169 1315 2210 penitus
1344 2168 1529 2210 intelligere.
1571 2180 1686 2212 nempe

223 2231 294 2262 quae
323 2225 397 2252 ante
425 2220 616 2252 harmoniam
643 2221 818 2253 necessaria
853 2226 939 2262 sunt,
976 2222 1139 2264 agnoscis:
1170 2222 1361 2253 harmoniam
1395 2232 1519 2264 prorsus
1554 2222 1691 2264 ignoras.

223 2273 322 2316 [269]
345 2274 439 2306 Pnae.
465 2273 661 2306 Rectissime.
706 2275 763 2306 So.
785 2274 839 2307 Sic
853 2280 886 2306 et
900 2275 1074 2317 Sophocles
1089 2275 1177 2306 illum
1191 2275 1251 2307 sibi
1263 2275 1403 2313 obvium,
1417 2286 1488 2317 quae
1504 2276 1684 2318 tragoediam

220 2327 414 2359 antecedunt
440 2328 560 2370 potius,
598 2338 692 2370 quam
722 2329 918 2371 tragoediam,
946 2329 1061 2361 habere
1090 2330 1227 2361 diceret:
1265 2333 1299 2360 et
1325 2328 1507 2361 Acumenus
1536 2330 1688 2369 medicus,

219 2380 386 2412 medicinas
410 2381 630 2423 praecedentia,
653 2393 716 2413 non
742 2383 940 2415 medicinam.
984 2383 1080 2416 Pus..
1112 2382 1164 2415 Ita
1188 2393 1321 2424 prorsus.
1365 2383 1420 2414 So.
1443 2383 1530 2420 Quid
1552 2394 1636 2426 vero,
1663 2385 1689 2416 si

223 2434 390 2466 mellifluus
403 2434 570 2472 Adrastus,
585 2441 640 2466 aut
654 2435 805 2476 Pericles,
819 2436 976 2474 audirent,
991 2446 1062 2478 quae
1078 2447 1162 2468 nunc
1184 2437 1247 2479 ipsi
1262 2436 1469 2468 referebamus
1482 2438 1607 2479 egregia
1622 2448 1690 2469 ver·

223 2487 334 2518 borum
357 2488 500 2529 artificia,
523 2489 727 2532 breviloquia,
749 2490 983 2530 similitudines,
1004 2494 1037 2521 et
1058 2490 1178 2532 reliqua
1200 2490 1266 2528 illa,
1288 2500 1359 2531 quae
1373 2490 1406 2521 in
1420 2490 1522 2522 lucem
1537 2492 1690 2532 producta

222 2540 448 2572 consideranda
465 2541 705 2583 judicabamus:
737 2543 891 2585 numquid
919 2553 1092 2581 censemus,
1122 2544 1206 2582 illos,
1235 2544 1499 2585 quemadmodum
1527 2554 1596 2581 nos,
1624 2555 1689 2586 prae

222 2593 397 2624 rusticitate
421 2595 587 2636 asperrime
610 2595 671 2627 illis
697 2606 910 2634 succensuros,
935 2596 992 2637 qui
1006 2597 1081 2627 talia
1096 2597 1274 2638 scripserint
1288 2597 1526 2639 docuerintque‚
1540 2602 1689 2639 tanquam

221 2646 406 2678 rhetoricam
421 2646 600 2678 facultatem
617 2649 629 2679 ἓ
650 2659 692 2680 an
707 2649 824 2690 potius,
841 2654 953 2690 utpote
975 2649 1066 2680 nobis
1089 2650 1306 2691 sapientiores,
1328 2660 1384 2681 nos
1398 2650 1443 2681 ita
1458 2650 1689 2691 increpaturos:

225 2699 255 2731 Ο
272 2700 406 2731 Phaedre
420 2705 515 2742 atque
537 2700 693 2742 Socrates,
715 2711 780 2732 non
802 2703 1049 2734 succensendum
1072 2708 1131 2740 est,
1154 2704 1211 2735 sed
1233 2703 1471 2744 ignoscendum,
1486 2703 1512 2733 si
1526 2703 1581 2744 qui
1595 2703 1692 2734 disse-

224 2753 314 2784 rendi
327 2753 439 2794 ignari,
454 2753 582 2784 definire
597 2754 673 2795 quid
688 2754 843 2787 rhetorica
865 2756 906 2786 sit
929 2765 995 2786 non
1016 2756 1159 2797 possint:
1184 2761 1278 2798 atque
1300 2757 1344 2787 ita
1365 2755 1485 2797 affecti,
1506 2756 1580 2786 dum
1596 2761 1692 2787 artem

225 2806 445 2838 antecedentia
461 2806 626 2848 possident
647 2807 834 2850 rudimenta,
854 2809 1040 2840 rhetoricam
1063 2809 1217 2841 invenisse
1240 2820 1273 2841 se
1283 2809 1418 2850 jactent,
1432 2813 1465 2840 et
1480 2819 1518 2840 ea
1531 2809 1693 2846 docentes,

226 2859 390 2890 oratoriam
404 2864 499 2891 artem
517 2859 692 2891 absolutam
708 2860 829 2893 tradere
843 2862 1058 2903 profiteantur.
1103 2862 1228 2904 singula
1242 2872 1314 2894 vero
1329 2863 1455 2893 istorum
1467 2862 1506 2893 ad
1522 2861 1694 2902 persuasio-

224 2922 298 2945 nem
312 2911 490 2955 disponere,
504 2917 665 2956 totamque
682 2914 853 2948 orationem
867 2921 1046 2956 contexere,
1055 2916 1146 2959 quasi
1158 2915 1191 2948 in
1206 2916 1254 2948 his
1269 2920 1458 2958 praeceptore
1470 2924 1549 2956 opus
1564 2924 1627 2945 non
1640 2915 1692 2952 sit,
