1846 3268
206 270 288 309 400
813 267 1096 308 PLA‘roms
1586 270 1686 322 [176

215 373 241 404 si
254 372 310 404 tibi
328 372 462 410 videtur,
477 371 632 414 agendum
646 375 704 402 est.
729 375 865 402 ceterum
882 381 949 412 vos,
964 382 983 403 ο
1000 372 1102 413 pueri,
1115 371 1184 404 aliis
1199 372 1308 414 epulas
1318 371 1438 410 afferte,
1453 376 1498 408 et,
1512 373 1678 414 quodeun-

212 436 275 467 que
291 426 394 462 lubet,
407 425 559 468 apponite
574 437 581 455 z
605 425 694 455 vobis
709 423 862 466 siquidem
879 424 983 455 nullus
1010 425 1169 466 praesidet.
1216 426 1252 457 ld
1268 426 1415 469 equidem
1431 437 1592 468 nunquam
1608 426 1680 458 feei.

215 484 407 522 quapropter
422 479 634 511 existimantes
650 488 734 510 nunc
750 489 800 509 me
816 488 878 509 una
892 488 962 509 cum
979 478 1048 510 aliis
1064 480 1208 511 convivio
1225 491 1243 511 a
1257 481 1349 512 vobis
1374 485 1553 522 exceptum,
1575 486 1682 512 curate

215 534 321 565 omnia
336 533 513 575 diligenter,
531 538 566 564 ut
582 537 712 563 vestram
730 542 857 573 operam
879 532 1129 573 comprobemus.
1174 533 1250 565 Post
1272 535 1352 572 lraec,
1367 534 1504 565 addebat
1519 533 1681 565 Aristode-

214 597 295 628 mus,
309 598 430 619 coenare
445 597 500 618 eos
515 585 648 628 coepisse
662 597 671 617 ε
695 591 727 617 et
741 585 914 622 Socratem,
929 585 1105 628 Agathonis
1126 586 1218 628 jussu
1245 598 1328 629 saepe
1343 593 1500 627 vocatum,
1515 598 1579 619 non
1597 587 1681 629 prius

212 641 355 677 intrasse,
370 651 464 682 quam
487 640 683 682 aliquantum
710 650 743 671 se
765 650 860 671 more⁴
877 650 934 670 suo
958 640 1167 680 exercuisset3
1191 641 1355 683 mediaque
1378 643 1410 673 in
1433 651 1523 673 coena
1544 641 1678 672 venisse.

212 694 266 725 Ad
293 705 386 736 quem
413 694 627 736 Agathonem,
641 694 696 736 qui
719 693 847 725 ultimus
874 694 1003 725 sedebat
1024 699 1057 725 et
1079 695 1176 731 solus,
1200 695 1244 726 ita
1267 696 1401 728 dixisse:
1425 695 1501 736 Hic,
1525 696 1679 731 Socrates,

215 758 314 790 prope
329 759 378 780 me
394 749 481 786 sede,
497 753 533 779 ut
548 753 579 779 te
595 753 726 789 tangens
741 747 876 788 sapienti
892 747 947 778 illa
962 748 1119 779 sententia
1142 748 1237 786 fruar,
1253 759 1346 791 quam
1364 750 1396 780 in
1413 749 1572 781 vestibulis
1587 759 1679 781 exco-

214 802 330 843 gitasti.
353 807 476 834 constat
489 803 586 840 enim,
601 801 757 833 invenisse
779 801 867 832 illam
892 806 922 832 te
945 806 1040 843 atque
1061 802 1187 834 habere.
1210 802 1350 844 alioquin
1367 808 1429 834 tam
1443 802 1498 834 diu
1513 813 1576 834 non
1592 802 1681 834 resti-

213 855 315 889 tisscs.
359 856 484 888 Sedisse
511 857 618 898 itaque
648 856 818 892 Socratem,
845 861 940 896 atque
969 855 1082 887 dixisse
1095 867 1103 887 ε
1127 856 1217 887 Bene
1243 867 1277 888 se
1301 867 1349 888 res
1378 862 1490 888 nostrae
1518 857 1680 893 haberent,

214 907 376 952 Agathou,
392 910 418 942 si
433 910 588 952 sapientia
604 910 674 941 talis
697 915 792 947 esset,
806 915 841 940 ut
864 909 895 939 in
912 920 1044 941 vacuum
1068 910 1226 942 hominem
1240 920 1278 942 ex
1294 911 1434 952 pleniore
1446 912 1515 952 ipso
1530 915 1679 942 contactu

214 963 392 1004 proflueret,
407 964 673 1006 quemadmodum
697 974 779 1005 aqua
794 974 831 995 ex
848 963 943 1005 pleno
958 964 1056 996 calice
1071 964 1103 995 in
1121 974 1252 995 vacuum
1269 975 1324 1006 per
1339 965 1439 996 lanam
1453 965 1601 996 influens.
1644 964 1681 995 Si

214 1017 296 1048 enim
312 1017 468 1058 sapientia
479 1017 526 1049 ita
540 1028 572 1049 se
588 1018 696 1055 habet,
711 1017 856 1059 permulti
869 1017 966 1058 facio,
981 1018 1065 1058 quod
1083 1018 1168 1059 apud
1185 1023 1215 1048 te
1230 1018 1338 1050 sedeo.
1359 1017 1472 1060 repleri
1486 1017 1606 1060 quippe
1620 1017 1678 1048 abs

214 1074 245 1100 te
261 1070 414 1103 uberrima
428 1077 461 1103 et
475 1071 623 1114 praeelara
645 1071 804 1113 sapientia
828 1075 917 1113 puto.
962 1071 1041 1102 Mea
1060 1070 1214 1113 siquidem
1232 1072 1333 1103 tenuis
1348 1076 1395 1104 est
1410 1075 1443 1103 et
1456 1071 1615 1113 ambigua,
1629 1071 1679 1102 in-

213 1124 327 1155 somnii
349 1124 515 1166 cujusdam
540 1126 656 1156 instar:
680 1130 735 1156 tua
749 1135 823 1156 vero
848 1124 1009 1156 luculenta
1034 1125 1204 1156 admodum
1231 1130 1326 1167 atque
1351 1125 1550 1167 praepollens,
1568 1128 1679 1166 utpote

214 1188 286 1219 quae
301 1178 334 1209 in
348 1179 560 1211 adolescentia
575 1184 629 1211 tua
644 1180 710 1211 heri
726 1180 757 1210 in
773 1184 945 1220 conspectu
958 1179 1028 1220 plus
1038 1190 1130 1221 quam
1142 1179 1268 1221 triginta
1282 1179 1410 1211 millium
1423 1179 1604 1211 Graecorum
1617 1184 1681 1210 tam

213 1231 296 1263 clare
311 1232 440 1264 emicuit
459 1238 491 1264 et
507 1233 637 1266 effulsit.
684 1232 777 1265 Aca.
803 1233 1057 1265 Contumeliosus
1082 1243 1127 1270 es,
1144 1244 1164 1265 o
1187 1234 1340 1266 Socrates.
1364 1233 1452 1275 atqui
1478 1234 1548 1265 haee
1572 1237 1682 1275 postea

214 1286 255 1317 de
270 1286 424 1329 sapientia
441 1298 501 1329 ego
527 1298 564 1319 ac
580 1293 613 1319 tu
629 1287 885 1330 dijudicabimus,
901 1287 1060 1330 Dionysio
1078 1287 1210 1329 judice:
1236 1298 1320 1320 nunc
1336 1293 1442 1319 autem
1456 1297 1555 1319 coena.
1581 1286 1679 1328 [176]

214 1338 292 1370 Post
305 1341 384 1382 liaec,
399 1340 504 1384 inquit
518 1341 747 1384 Aristodemus,
763 1343 892 1374 Socrate
907 1341 997 1373 simul
1008 1346 1041 1373 et
1055 1342 1123 1373 aliis
1137 1342 1416 1379 discumbentibus,
1433 1342 1529 1373 libare
1543 1341 1677 1372 invicem

212 1397 244 1423 et
260 1393 424 1435 degustare
438 1395 513 1427 vina
527 1396 768 1428 sacrificantium
796 1397 866 1434 ritu,
883 1395 1051 1437 Deumque
1074 1402 1199 1427 cantare
1221 1396 1366 1439 coepisse,
1381 1402 1414 1428 et
1435 1396 1498 1428 alia
1521 1396 1681 1438 quaedam,

213 1451 250 1477 ut
266 1457 332 1479 mos
357 1453 416 1486 est,
432 1449 593 1487 faciei-tes,
608 1451 649 1481 ad
672 1455 781 1492 potum
807 1460 840 1481 se
866 1450 1066 1481 convertisse.
1111 1450 1206 1482 Unde
1230 1450 1418 1482 Pausaniam
1441 1450 1488 1481 ita
1514 1450 1678 1482 locutum:

214 1499 398 1533 Videndum
414 1507 473 1540 est,
489 1514 508 1534 ο
525 1503 592 1542 viri,
612 1515 675 1546 quo
700 1508 794 1546 pacto
815 1503 914 1535 levius
937 1503 1125 1545 suaviusque
1147 1504 1299 1536 bibamus.
1323 1514 1394 1535 nam
1410 1509 1446 1535 ut
1459 1504 1501 1535 de
1517 1514 1566 1535 me
1582 1502 1680 1545 inpri-

212 1554 270 1586 mis
286 1566 391 1588 verum
406 1557 516 1599 fatear,
530 1562 689 1599 gravatum
705 1558 809 1589 adhuc
819 1558 964 1588 hesterno
980 1568 1063 1589 mero
1079 1568 1128 1588 me
1141 1559 1242 1589 sentio
1257 1563 1289 1589 et
1303 1557 1532 1589 intermissione
1543 1557 1679 1599 quadam

211 1608 351 1651 indigeo.
375 1611 487 1652 opinor
511 1616 640 1654 quoque
665 1616 698 1643 et
724 1611 874 1653 plurimos
903 1615 1037 1642 vestrum
1064 1611 1205 1642 similiter
1233 1611 1364 1643 affectos
1392 1621 1479 1642 esse:
1502 1610 1568 1641 heri
1595 1609 1679 1641 enim

213 1662 357 1696 affuistis.
403 1664 610 1697 Considerate
633 1666 751 1707 itaque,
778 1666 938 1708 quomodo
960 1665 1059 1697 levius
1082 1665 1300 1707 salubriusque
1326 1665 1480 1698 bibamus.
1526 1663 1587 1695 Cui
1609 1673 1680 1693 mox

211 1716 453 1759 Aristophanem
470 1720 688 1761 respondisse:
711 1720 796 1752 Scite
812 1720 959 1762 loqueris,
975 1719 1144 1757 Pausania,
1160 1719 1249 1761 potui
1262 1718 1507 1750 moderationem
1522 1717 1680 1759 quandam

211 1769 422 1803 adhibendam
437 1783 516 1804 esse.
539 1783 599 1815 ego
615 1784 744 1815 quoque
766 1785 804 1806 ex
827 1774 877 1805 his
899 1785 979 1812 sum,
995 1774 1050 1816 qui
1073 1774 1136 1805 lieri
1160 1772 1400 1814 ingurgitarunt.
1445 1773 1527 1805 Cum
1542 1772 1610 1803 liaec
1625 1781 1681 1801 aa·

213 1824 310 1856 disset
324 1825 551 1868 Eryximachus
567 1828 724 1860 Acumeni
747 1828 845 1871 filius,
859 1829 903 1860 ait
917 1840 926 1861 :
950 1828 1052 1860 Probe
1073 1829 1198 1868 dicitis;
1220 1833 1315 1870 atque
1341 1829 1401 1858 hoc
1417 1827 1546 1868 insuper
1558 1835 1577 1856 a
1593 1824 1682 1856 vobis

215 1880 324 1911 audire
338 1881 494 1918 desidero,
511 1887 663 1924 quantum
689 1883 826 1914 bibendo
843 1883 944 1915 valeat
960 1882 1123 1925 Agathou.
1168 1883 1260 1915 Aoi.
1285 1882 1421 1913 Minime
1443 1880 1582 1923 quidem.
1604 1889 1680 1911 con·

212 1931 273 1964 fert
287 1933 319 1964 id
335 1935 528 1973 sanenobis,
542 1936 630 1974 mihi,
646 1936 786 1979 inquam,
801 1942 835 1968 et
848 1937 1047 1969 Aristodemo
1062 1942 1094 1968 et
1105 1937 1239 1968 Phaedro
1255 1942 1350 1979 atque
1361 1936 1409 1967 his
1424 1935 1506 1973 aliis,
1517 1934 1602 1977 quod
1612 1944 1682 1970 vos,

211 1987 266 2029 qui
281 1990 322 2020 ad
338 1989 508 2022 bibendum
529 1991 639 2022 valetis
653 1991 831 2033 plurimum,
847 2002 932 2023 nunc
949 1997 1098 2033 tanquam
1116 1991 1252 2023 bibendo
1269 1992 1381 2023 defessi
1399 1989 1602 2032 prohibeatis.
1624 1998 1682 2019 nos

212 2042 296 2079 enim
312 2053 434 2085 semper
448 2043 633 2082 imbecilles,
650 2050 783 2087 excepto
811 2045 951 2082 Socrate,
967 2045 1020 2087 qui
1046 2046 1086 2076 ad
1111 2049 1276 2088 utrumque
1298 2046 1431 2077 idonens
1445 2049 1503 2076 est.
1525 2043 1684 2086 quocirca,

214 2096 427 2138 quodcunque
442 2107 583 2139 agamus,
601 2097 648 2128 illi
663 2103 712 2129 sat
726 2098 795 2130 erit.
839 2098 929 2130 Env.
953 2099 1125 2140 Postquam
1152 2100 1352 2141 praesentium
1372 2098 1477 2130 nullus
1490 2097 1681 2140 ingurgitare

211 2149 290 2180 mihi
304 2149 384 2181 velle
401 2150 536 2192 videtur,
553 2151 646 2188 forte,
662 2151 688 2182 si
705 2162 775 2183 vera
790 2152 831 2183 de
845 2151 996 2184 ebrietate
1012 2152 1130 2190 dixero,
1147 2153 1247 2184 minus
1262 2163 1315 2184 ero
1325 2153 1484 2185 molestus.
1528 2151 1567 2183 Id
1583 2150 1681 2192 siqui-

213 2204 285 2235 dem
301 2215 338 2235 ex
354 2204 522 2237 medicinae
539 2204 651 2247 peritia
665 2206 753 2248 apud
771 2217 818 2237 me
834 2211 968 2244 constat,
985 2217 1076 2249 grave
1091 2206 1241 2250 quiddam
1267 2218 1334 2238 esse
1355 2206 1532 2238 hominibus
1547 2205 1680 2237 ebrieta-

212 2262 286 2289 tem.
309 2269 368 2290 nec
393 2260 475 2290 enim
502 2265 617 2302 sponte
639 2270 835 2302 supervacuo
856 2261 961 2292 bibere
984 2271 1121 2303 unquam
1140 2261 1262 2299 vellem,
1278 2271 1337 2293 nec
1361 2259 1449 2292 alteri
1473 2259 1679 2295 consulerem,

214 2311 385 2353 praesertim
401 2312 428 2344 si
442 2313 512 2355 quis
527 2314 673 2345 hesterno
689 2324 772 2344 mero
788 2314 892 2345 adhuc
906 2314 1014 2349 feteat.
1030 2315 1114 2348 Huic
1126 2315 1292 2347 Phaedrum
1308 2313 1535 2356 Myrrinusinm
1551 2312 1681 2354 dixisse,

211 2365 428 2398 Aristodemus
451 2366 577 2408 inquit:
603 2367 761 2409 Equidem
785 2378 907 2410 semper
929 2369 986 2399 tibi
1011 2369 1105 2400 fidem
1129 2368 1236 2407 habui,
1253 2369 1284 2400 in
1314 2368 1469 2400 medicina
1484 2366 1676 2410 praesertim:

211 2429 296 2451 nunc
312 2420 466 2461 similiter,
482 2422 576 2453 modo
592 2422 687 2453 ceteri
702 2432 829 2464 qnoque
843 2423 1055 2456 consentiant.
1102 2423 1182 2455 Haec
1195 2434 1266 2455 curn
1290 2423 1462 2463 audissent,
1477 2431 1585 2453 omnes
1600 2429 1678 2452 con-

211 2472 340 2505 cessisse
355 2473 470 2515 inquit,
486 2485 549 2506 non
566 2476 605 2506 ad
622 2476 805 2507 ebrietatem
821 2477 853 2507 in
876 2477 1022 2520 praesenti
1037 2477 1194 2514 convivio,
1209 2477 1265 2508 sed
1281 2477 1322 2507 ad
1339 2476 1530 2517 voluptatem
1547 2485 1614 2506 esse
1631 2474 1678 2506 bi·

211 2527 362 2559 bendum.
419 2528 499 2559 Turn
527 2529 773 2572 Eryximacims:
799 2531 972 2574 Postquam
1002 2531 1101 2562 visum
1128 2536 1186 2569 est,
1213 2531 1245 2562 in
1268 2530 1422 2572 cujusque
1448 2529 1574 2560 arbitrio
1599 2528 1679 2565 sore.

211 2586 363 2623 quantum
381 2581 478 2620 bibat,
492 2583 649 2615 neminem
667 2595 738 2616 vero
751 2595 844 2627 supra
858 2596 951 2627 quam
968 2586 1044 2617 velit
1056 2586 1138 2627 cogi,
1155 2586 1239 2627 quod
1264 2589 1358 2616 restat
1379 2593 1544 2625 exponam.
1587 2581 1676 2613 Tibi-

211 2634 326 2673 cinum,
340 2646 411 2677 quae
429 2637 523 2668 modo
538 2636 675 2679 ingressa
688 2644 748 2680 est,
763 2639 949 2680 abigendam
963 2644 1054 2681 puto,
1068 2639 1125 2670 sibi
1149 2639 1208 2681 ipsi
1231 2638 1310 2670 tibin
1327 2642 1556 2680 personantem,
1572 2636 1633 2674 vei,
1649 2635 1676 2667 si

210 2688 299 2726 velit,
315 2689 505 2727 mulieribus,
521 2701 591 2732 quae
607 2697 680 2723 sunt
707 2693 802 2725 intus.
825 2703 883 2725 nos
905 2699 1009 2725 autem
1025 2694 1220 2726 confabulari
1234 2695 1368 2726 invicem
1385 2693 1498 2725 debere
1513 2691 1608 2723 hodie
1618 2690 1675 2733 ju-

211 2742 294 2774 dico.
316 2742 458 2785 quivero
485 2754 553 2775 esse
577 2755 735 2778 sermones
755 2746 854 2778 nostri
878 2747 1026 2785 debeant,
1042 2747 1067 2778 si
1084 2748 1190 2785 vultis,
1213 2749 1362 2791 aperiam.
1406 2747 1458 2779 Ad
1482 2748 1550 2779 baec
1575 2745 1674 2787 [1⁷7]

210 2805 318 2827 omnes
333 2795 488 2838 explicare
509 2797 681 2839 jusserunt.
726 2800 956 2843 Eryximachus
978 2801 1108 2840 deinde,
1124 2802 1204 2840 Mei,
1219 2803 1334 2845 inquit,
1349 2801 1499 2834 sermonis
1514 2798 1674 2832 exordium

210 2850 382 2882 secundum
398 2850 558 2893 Euripidis
574 2853 782 2896 Melanippen
799 2855 868 2888 erit.
891 2866 995 2897 neque
1006 2855 1090 2887 enim
1104 2867 1174 2888 mea
1188 2857 1295 2889 fabula
1309 2862 1368 2894 est,
1384 2866 1477 2898 qaam
1491 2854 1675 2895 incepturus

210 2914 290 2946 sum,
305 2905 359 2936 sed
375 2905 512 2938 Phaedri.
556 2907 708 2939 Phaedrus
736 2910 794 2940 iste
818 2920 938 2941 mecum
955 2921 1038 2952 soepe
1054 2911 1266 2953 conqueritur,
1281 2911 1445 2942 absurdum
1461 2908 1610 2951 quiddam
1627 2918 1675 2938 as-

210 2968 324 2997 serens,
341 2959 439 3000 quod,
455 2970 525 2992 cum
542 2960 573 2993 in
590 2966 710 2994 ceteros
726 2962 813 2994 Deos
829 2964 1001 2997 cantilenas
1023 2971 1055 2997 ct
1078 2965 1212 3006 hymnos
1234 2964 1338 3006 poiitae
1355 2962 1510 3000 finxerint,
1526 2961 1558 2993 iu
1573 2961 1673 2994 Amo-
