1846 3268
188 293 286 346 289]
719 287 1114 329 EUTHYDEMUS.
1575 292 1655 332 297

189 409 254 430 non
277 397 404 429 habeas.
446 393 601 427 Difficiles
627 393 799 425 admodum
824 403 981 425 sermones
1005 398 1090 433 sunt,
1114 393 1254 436 inquam,
1269 403 1373 437 neque
1399 393 1525 436 injuria.
1548 406 1620 427 nam
1635 407 1655 428 a

188 453 260 484 viris
280 450 472 494 sapientibus
494 448 712 491 praedicantur.
758 448 1026 490 Quandoquidem
1043 453 1075 479 et
1099 458 1136 479 eo
1160 449 1247 491 quod
1271 448 1440 480 novissime
1456 449 1575 481 dictum
1591 455 1653 488 est,

188 506 234 538 uti
249 511 296 538 est
309 503 539 537 difficillimum.
584 502 664 534 Cum
681 501 765 534 enim
779 501 858 533 dicis
873 512 937 532 non
953 502 1067 533 habere
1083 513 1132 534 me
1144 503 1304 544 quomodo
1316 507 1395 544 utar,
1410 503 1650 546 Dionysodore,

185 560 262 603 quid
277 558 470 602 potissimum
484 557 531 588 vis
546 557 680 588 inferre?
704 567 744 587 an
760 556 920 594 videlicet,
935 557 1019 598 quod
1037 567 1099 587 non
1113 558 1242 588 habeam
1254 567 1317 598 qua
1329 557 1451 589 ratione
1466 562 1652 600 praesentem

185 623 356 646 sennonem
370 611 577 644 convincam?
625 610 705 642 Nam
733 611 808 642 mihi
832 611 930 648 dicas,
943 611 1021 653 quid
1049 611 1134 642 aliud
1160 611 1217 642 tibi
1233 612 1359 642 verbum
1385 611 1468 643 istud
1489 611 1652 653 intelligit,

185 667 270 710 quod
281 677 346 698 non
359 667 459 698 habeo
474 666 634 708 quomodo
650 665 843 696 sermonibus
858 670 937 697 utar.
981 664 1082 696 Aliud
1100 665 1168 707 ipse
1183 665 1242 703 ais,
1258 664 1373 707 inquit,
1388 666 1448 697 hoc
1463 666 1550 708 quod
1561 665 1653 698 valde

185 720 312 753 difficile
327 720 368 752 sit
382 721 443 751 hoc
458 719 504 751 uti
517 730 526 752 :
551 730 666 761 nempe
681 719 850 761 responde.
891 718 978 750 Ante
989 729 1082 761 quam
1099 724 1132 750 tu
1148 719 1352 761 respondeas,
1367 720 1508 762 inquam,
1523 719 1653 763 Diony·

185 775 296 806 sodore
311 775 323 806 ?
378 774 466 812 Quid
496 784 561 805 non
591 773 784 816 respondes?
806 773 862 806 ait.
907 772 962 804 An
990 783 1047 815 par
1075 773 1146 804 est?
1169 772 1310 815 inquam.
1354 774 1428 806 Par.
1472 774 1552 805 Tum
1577 786 1652 816 ego,

186 830 260 868 Qua
274 829 433 871 praecipue
449 828 567 860 ratione
580 828 591 860 ἓ
615 838 654 859 an
670 828 750 859 forte
775 838 812 859 ex
834 838 873 859 eo
896 827 981 869 quod
996 827 1066 869 ipse
1080 827 1121 858 ad
1136 837 1195 859 nos
1210 827 1243 858 in
1259 827 1440 859 disserendo
1457 828 1651 870 sapientissi—

183 894 252 915 mus
266 883 433 920 advenisti,
453 893 490 914 ac
513 883 596 914 nosti
622 882 749 925 quando
776 882 1030 924 respondendum
1055 882 1108 922 sit,
1121 883 1249 924 quando
1276 893 1341 914 non
1366 883 1622 925 respondendum
1637 895 1647 922 ;

181 938 318 980 ideoque
345 948 431 969 nunc
459 938 629 979 respondes
655 937 748 979 nihil,
772 938 859 979 quod
885 937 1140 978 respondendum
1162 937 1241 968 nihil
1266 947 1335 968 esse
1361 937 1550 979 cognoscis?
1594 937 1651 969 Ad

183 992 252 1023 haec
276 991 342 1029 ille,
365 990 513 1033 Nugrnis,
529 1002 548 1022 o
569 991 726 1029 Socrates,
742 996 838 1033 atque
861 991 1051 1033 respondere
1075 991 1221 1033 negligis.
1244 991 1312 1029 scd,
1337 1002 1357 1022 ο
1385 992 1467 1023 bone
1483 992 1540 1029 vir,
1555 992 1649 1023 crede

182 1045 269 1082 mihi,
284 1051 379 1088 atque
392 1046 559 1088 responde,
574 1050 741 1087 postquam
756 1045 928 1087 sapientem
945 1055 1012 1076 esse
1028 1055 1077 1076 me
1092 1043 1262 1076 confiteris.
1306 1044 1485 1076 Parendum
1496 1045 1624 1076 omnino
1637 1056 1649 1086 3

183 1100 230 1131 sic
244 1099 327 1130 enirn
340 1100 443 1136 decet,
459 1110 529 1130 cum
542 1104 575 1130 tu
587 1099 766 1141 praesideas.
783 1098 939 1140 interroga
950 1099 1056 1140 igitur.
1101 1098 1226 1136 Utrum,
1242 1098 1357 1140 inquit,
1370 1098 1505 1130 animam
1515 1099 1647 1137 habent,

182 1163 379 1196 quascunque
393 1153 575 1196 intelligunt
588 1153 735 1196 aliquid?
757 1163 799 1184 an
817 1157 849 1184 et
873 1152 979 1184 anima
997 1153 1127 1184 carent?
1173 1153 1302 1184 Habent
1318 1152 1464 1185 animam.
1508 1153 1646 1186 Nostine

182 1209 309 1240 verbum
325 1208 443 1250 aliquid
459 1208 594 1239 animam
610 1209 727 1239 habens
740 1207 752 1238 ?
797 1206 930 1238 Nullum
945 1207 1103 1248 equidem.
1147 1206 1212 1239 Cur
1226 1207 1334 1249 itaque
1354 1218 1456 1250 nuper
1470 1207 1643 1250 interroga-

181 1263 248 1300 bas,
256 1263 332 1305 quid
349 1262 425 1294 mihi
440 1263 566 1294 verbum
580 1262 661 1293 illud
676 1261 889 1302 intelligeret?
934 1260 1010 1292 Non
1025 1261 1066 1292 ob
1082 1261 1180 1298 aliud,
1197 1261 1339 1303 inquam,
1353 1261 1416 1292 nisi
1430 1262 1471 1292 ob
1487 1262 1647 1304 ignaviam

181 1326 293 1354 meam,
309 1327 380 1359 quae
396 1327 446 1348 me
457 1326 556 1348 errare
571 1315 689 1358 coegit.
714 1315 761 1347 vel
777 1315 907 1346 forsitan
924 1325 988 1346 non
1003 1316 1114 1353 erravi,
1129 1316 1224 1346 immo
1240 1320 1324 1347 recte
1340 1315 1464 1347 locutus
1479 1326 1559 1354 sum,
1572 1327 1645 1348 cum

180 1370 315 1402 dicerem
330 1371 415 1413 quod
431 1371 523 1401 verba
538 1369 730 1412 intelligunt.
752 1374 786 1400 tu
802 1380 875 1400 vero
898 1374 1002 1401 utrum
1025 1380 1140 1401 errasse
1161 1380 1212 1401 mc
1235 1369 1325 1407 dicis,
1341 1370 1467 1401 necne?
1512 1369 1547 1401 Si
1562 1370 1647 1402 enirn

180 1434 244 1455 non
258 1425 368 1462 erravi,
383 1434 486 1466 neque
502 1430 536 1455 tu
552 1434 637 1455 nunc
650 1424 828 1466 redargues,
843 1423 885 1455 sis
901 1423 976 1456 licet
990 1424 1128 1466 sapiens,
1140 1434 1244 1466 neque
1256 1425 1416 1466 quomodo
1425 1435 1567 1457 sermone
1577 1430 1648 1457 uta-

180 1478 220 1508 ris
234 1478 374 1510 habebis.
397 1478 445 1510 sin
471 1483 577 1510 autern
599 1478 712 1516 erravi,
727 1489 831 1520 neque
857 1478 902 1510 sic
928 1479 1056 1521 quidem
1080 1483 1164 1511 recte
1181 1485 1214 1510 tu
1231 1478 1380 1521 loqueris,
1393 1479 1521 1522 quando
1546 1479 1645 1523 [288]

178 1532 258 1564 dicis
272 1543 370 1565 errare
385 1543 476 1575 posse
491 1533 663 1565 neminem.
705 1532 812 1575 Atque
828 1533 896 1565 haec
909 1533 1037 1575 quidem
1049 1543 1114 1564 non
1129 1534 1275 1565 adversus
1290 1533 1356 1571 illa,
1371 1543 1442 1575 quae
1457 1543 1540 1565 anno
1551 1545 1647 1576 supe-

177 1586 252 1619 riori
278 1587 417 1624 dicebas,
431 1598 517 1619 nunc
540 1587 664 1618 adduco
679 1598 687 1618 :
709 1587 836 1618 videtur
857 1593 962 1619 autem
979 1587 1067 1629 mihi,
1083 1598 1102 1618 o
1119 1587 1343 1631 Dionysodore
1359 1587 1639 1630 Euthydemeque,

177 1651 276 1672 sermo
291 1641 343 1673 hic
358 1641 471 1673 eodem
486 1641 616 1679 revolvi,
632 1646 664 1672 et
677 1651 762 1673 nunc
777 1642 885 1680 etiam,
909 1647 944 1673 ut
964 1647 997 1673 et
1019 1643 1180 1684 quondam
1196 1642 1316 1673 solebat
1331 1641 1410 1683 fieri,
1427 1652 1497 1673 cum
1515 1642 1644 1684 dejece-

174 1695 225 1732 rit,
241 1697 364 1729 cadere.
387 1697 472 1739 quod
488 1696 616 1738 quidem
632 1706 672 1728 ne
687 1696 748 1738 ipsi
764 1697 899 1733 accidat,
915 1697 955 1728 ab
970 1702 1035 1728 arte
1051 1702 1163 1735 vestra,
1179 1697 1254 1729 licet
1269 1697 1350 1728 circa
1365 1697 1515 1728 acriorem
1527 1707 1646 1728 sermo-

174 1759 250 1781 num
265 1750 459 1792 diligentiam
475 1751 663 1793 admirabili,
678 1752 820 1783 nondum
835 1752 958 1782 videtur
980 1762 1048 1783 esse
1074 1751 1246 1793 provisum.
1291 1750 1355 1782 Hic
1376 1750 1561 1792 Ctesippus‚
1575 1750 1643 1782 Mi-
1677 1784 1684 1793 ι

176 1803 285 1835 rabilia
299 1804 415 1843 dicitis,
428 1805 544 1848 inquit,
555 1816 574 1836 o
589 1805 647 1837 viri
666 1805 789 1844 Thurii,
812 1806 878 1838 sive
894 1806 980 1844 Chii,
994 1817 1048 1838 seu
1062 1806 1277 1848 quodcunque
1292 1805 1378 1836 aliud
1391 1815 1548 1846 agnomen
1563 1815 1643 1837 ven-

176 1857 280 1890 dicare
295 1858 382 1891 lubet
398 1870 407 1891 :
434 1860 521 1891 vobis
535 1859 617 1891 enim
630 1859 836 1892 deliramenta
850 1866 882 1893 et
895 1871 988 1903 nugae
1003 1860 1080 1892 nihil
1095 1865 1169 1892 sunt
1183 1870 1277 1892 curae.
1323 1859 1393 1901 Ego
1407 1864 1511 1891 autem
1526 1859 1645 1891 veritus

174 1914 216 1944 nb
229 1913 269 1944 ad
282 1914 488 1946 contumelias
503 1914 712 1953 devoniretur,
729 1914 916 1957 Ctesippum
932 1925 1034 1946 rursus
1049 1915 1093 1946 sic
1115 1914 1278 1956 mitigavi:
1302 1913 1331 1945 O
1348 1914 1513 1956 Ctesippe,
1529 1914 1641 1946 eadem

172 1968 231 1999 tibi
246 1978 330 2000 nunc
345 1968 429 2007 dico,
445 1979 516 2011 quae
527 1969 640 2002 Cliniae
656 1979 783 2012 quoque
798 1969 954 2007 dicebam,
971 1970 1056 2012 quod
1072 1969 1187 2007 nescis,
1202 1979 1296 2011 quam
1311 1968 1459 1999 mirabilis
1474 1967 1516 1999 sit
1530 1969 1640 2000 horum

172 2022 329 2064 hospitum
345 2023 512 2065 sapientia.
556 2023 674 2055 Verum
689 2024 859 2055 noluerunt
874 2025 954 2055 serio
969 2029 1098 2066 agentes
1124 2022 1215 2055 nobis
1231 2023 1285 2054 illa
1306 2023 1483 2060 ostendere,
1499 2023 1554 2054 sed
1570 2022 1642 2054 imi-

173 2081 275 2108 tantes
291 2077 440 2109 Proteum
464 2079 657 2121 AEgyptium
679 2079 850 2121 sophistam
871 2078 1036 2120 praestigiis
1050 2079 1238 2121 quibusdam
1254 2088 1310 2108 nos
1327 2077 1452 2110 fallunt.
1476 2088 1533 2108 nos
1548 2077 1643 2119 igitur

174 2131 357 2163 Menelaum
372 2132 538 2170 imitemur,
553 2143 657 2175 neque
672 2133 729 2164 hos
743 2133 823 2164 viros
838 2138 911 2164 ante
921 2133 1078 2164 mittamus
1093 2143 1187 2174 quarn
1201 2133 1306 2163 studia
1317 2142 1372 2163 sua
1385 2131 1476 2163 nobis
1486 2131 1641 2173 aperiant.

172 2184 314 2217 Arbitror
328 2186 410 2216 enim
427 2186 666 2228 pulcherrimum
683 2186 834 2228 quiddam
850 2187 950 2217 visum
961 2186 997 2216 iri
1012 2187 1121 2218 horum
1138 2196 1230 2227 opus,
1247 2196 1318 2217 cum
1334 2185 1414 2216 seria
1429 2190 1560 2216 tractare
1574 2195 1640 2216 coe-

172 2239 286 2281 perint.
332 2240 534 2282 Quapropter
547 2241 815 2272 exhortationibus
830 2245 925 2282 atque
942 2241 1021 2271 votis
1038 2240 1198 2282 supplices
1212 2250 1385 2278 exoremus,
1401 2244 1437 2270 nt
1446 2250 1534 2270 suum
1549 2239 1640 2271 nobis

173 2293 310 2324 studium
326 2294 530 2336 patefaciant.
576 2294 808 2336 Exponendum
823 2299 928 2326 autem
944 2305 1047 2326 rursus
1070 2294 1148 2326 mihi
1173 2294 1308 2331 videtur,
1323 2293 1448 2335 qualem
1463 2293 1638 2325 studiorum

172 2346 288 2378 abillis
303 2347 431 2389 figuram
446 2349 581 2391 requiro.
626 2349 773 2381 Conabor
786 2350 882 2391 igitur
905 2349 979 2380 inde
1003 2349 1156 2391 deinceps
1174 2348 1358 2380 continuare
1381 2358 1567 2386 sermonem,
1582 2348 1639 2380 ubi

172 2411 264 2443 snpra
278 2401 465 2439 destitimus,
480 2403 505 2434 si
518 2413 582 2445 quo
597 2408 692 2445 pacto
707 2413 761 2435 eos
778 2413 948 2446 provocare
963 2403 1093 2445 possim,
1109 2407 1143 2434 ut
1159 2402 1222 2433 inei
1237 2401 1439 2434 misereantur
1457 2401 1540 2434 circa
1567 2413 1639 2445 gra-

171 2454 222 2487 via
233 2457 465 2494 contendentis,
480 2457 606 2500 ipsique
622 2458 738 2490 deinde
754 2468 817 2489 rem
833 2458 973 2489 studiose
988 2461 1136 2489 tractent.
1180 2456 1230 2488 Tu
1245 2467 1329 2494 vero,
1347 2456 1464 2495 Clinia,
1480 2457 1556 2488 mihi
1571 2468 1638 2489 me·

171 2519 270 2549 mora,
291 2509 416 2541 ubinam
437 2512 609 2544 orationem
633 2513 666 2543 in
694 2512 906 2555 superioribus
927 2512 1158 2543 intermisimus.
1179 2521 1265 2549 nam,
1280 2516 1316 2542 ut
1341 2522 1401 2554 ego
1427 2510 1569 2549 arbitror,
1585 2512 1637 2545 hic

169 2563 340 2595 orationem
352 2565 543 2607 abrupimus,
567 2577 638 2598 cum
657 2567 726 2609 jam
749 2567 934 2599 conclusum
958 2566 1071 2597 fuisset
1090 2575 1110 2596 a
1135 2565 1226 2597 nobis
1251 2564 1540 2607 philosophandum
1554 2575 1635 2599 esse.

168 2618 298 2648 nonne?
343 2618 422 2651 Cu.
445 2619 604 2651 Profecto.
648 2621 707 2654 So.
730 2620 940 2663 Philosophia
956 2631 1029 2652 vero
1043 2620 1184 2652 scientiae
1204 2619 1384 2662 acquisitio.
1429 2619 1509 2652 Cn.
1531 2619 1639 2653 Certe.

168 2671 224 2704 So.
246 2671 350 2709 Quam
366 2672 472 2715 itaque
488 2674 681 2716 potissimum
693 2675 827 2718 adipisci
841 2675 1002 2708 scientiam
1015 2674 1129 2707 decet?
1153 2684 1270 2711 nonne,
1286 2678 1320 2704 ut
1329 2674 1506 2706 summatim
1518 2674 1634 2712 dicam,

167 2725 252 2757 illam
268 2737 339 2769 quae
354 2727 447 2758 nobis
462 2729 612 2769 prodest?
658 2729 737 2763 Cn.
759 2729 851 2761 Illam
867 2730 978 2772 ipsam.
1024 2730 1081 2762 So.
1106 2728 1160 2760 An
1174 2728 1306 2760 scientia
1319 2727 1374 2760 illa
1389 2728 1523 2759 maxime
1541 2727 1633 2759 nobis

169 2781 340 2822 prodesset,
365 2781 391 2812 si
414 2782 560 2814 sciremus
579 2783 694 2826 quibus
719 2784 752 2815 in
781 2784 867 2816 terris
893 2795 1001 2816 aurum
1024 2783 1157 2815 multum
1183 2782 1354 2814 effoditur?
1400 2782 1479 2814 Cn.
1502 2781 1635 2823 Utique.

169 2833 226 2868 So.
247 2834 461 2868 Veruntamen
477 2848 570 2880 supra
585 2838 616 2869 id
633 2839 875 2879 confutavimus,
889 2840 965 2881 quia
978 2839 1076 2870 nihilo
1100 2837 1198 2880 magis
1222 2837 1384 2879 prodesset
1397 2836 1488 2867 nobis
1503 2834 1635 2867 seientia

168 2888 240 2928 ista,
254 2889 376 2922 etiamsi
392 2891 509 2934 absque
532 2892 637 2924 labore
660 2893 843 2935 tellurisque
867 2893 1036 2925 effossione
1063 2902 1171 2924 aurum
1193 2901 1285 2923 omne
1310 2891 1564 2932 comperiremus,
1579 2888 1632 2919 vel

170 2942 264 2974 etiam
279 2943 304 2974 si
319 2944 441 2986 lapides
463 2946 560 2988 [289]
585 2945 775 2978 efficeremus
789 2957 910 2985 aureos,
924 2947 998 2978 dum
1014 2947 1061 2978 uti
1076 2956 1151 2978 auro
1167 2946 1389 2989 ignoraremus.
1411 2954 1475 2974 non
1491 2941 1633 2973 recorda-

167 2995 229 3027 ris?
273 2997 351 3031 cu.
374 2998 549 3044 Recordor,
575 3005 608 3031 et
635 3000 766 3035 maxime
792 3001 932 3045 quidem.
979 3001 1035 3034 So.
1059 3000 1174 3043 Neque
1206 3000 1271 3033 ulla
1294 2998 1421 3031 alterius
1446 2995 1631 3037 cujusquam

257 3051 346 3084 Plat.
364 3053 420 3086 Tr.
939 3056 967 3088 Ι.
1476 3053 1497 3082 ²
1520 3049 1548 3082 P

1121 3160 1151 3177 h
