1846 3268
160 273 252 361 184]
717 305 1064 345 THEAETETUS.
1539 310 1617 347 255

152 415 222 457 ipse
245 414 376 448 scientia
401 417 459 450 est,
478 417 514 445 ut
539 421 598 453 ego
620 409 863 451 Theaetetusque
887 408 1032 440 diximus.
1076 408 1186 442 Tnsso.
1210 408 1340 441 Dictum
1367 402 1504 452 quidem.
1548 411 1605 444 Sc).

153 469 229 501 Non
244 469 338 510 igitur
351 467 510 499 scientiam
525 465 623 506 magis
637 474 732 506 quam
747 473 811 494 non
827 463 988 494 scientiam
1005 463 1281 504 respondebamus,
1295 463 1383 505 quid
1399 464 1532 496 scientia
1559 465 1612 502 sit,

151 521 342 563 interrogati.
364 521 460 562 [183]
482 519 593 551 Tuzo.
616 517 668 549 Sic
678 521 761 548 certe
774 516 934 548 videmini.
978 516 1035 548 So.
1059 516 1246 558 Opportune
1257 516 1365 558 itaque
1378 518 1616 559 responsionem<

151 576 238 607 illam
263 575 508 610 emendaremus,
534 572 559 603 si
584 572 794 604 demonstrare
815 570 1088 608 contenderemus,
1113 571 1199 612 quod
1225 570 1331 601 omnia
1357 577 1552 610 moveantur,
1579 577 1616 603 ut

154 634 238 661 recta
263 628 316 659 illa
341 627 500 669 responsio
517 626 668 657 videatur.
713 623 783 655 Hoc
799 628 917 663 autem,
938 628 975 654 ut
999 623 1132 661 videtur,
1157 624 1314 666 apparuit,
1338 626 1436 667 quod,
1458 625 1486 657 si
1508 626 1614 657 omnia

153 686 327 720 moventur,
342 681 504 724 responsio
519 679 679 722 quaelibet,
696 678 735 710 de
752 687 941 719 quocunque
963 677 1035 718 quis
1059 678 1258 718 respondeat,
1275 689 1364 720 reque
1378 686 1463 711 recta
1477 684 1536 717 est,
1551 691 1615 723 qua

154 736 187 768 id
202 736 246 768 sic
258 746 291 767 se
306 736 418 767 habere
433 739 466 767 et
479 745 544 766 non
558 734 604 765 sic
618 733 732 764 habere
748 742 780 763 se
805 731 1021 772 respondetur.
1043 732 1130 773 quod
1154 732 1181 762 si
1208 732 1318 770 mavis,
1339 733 1404 764 fieri
1419 734 1590 765 dicendum
1602 745 1613 766 :

154 801 194 822 ne
219 790 304 831 ipsos
331 799 472 820 sermone
498 788 650 820 sistamus.
695 786 782 817 Tne.
805 785 909 817 Recte
932 784 1080 826 loqueris.
1124 785 1180 816 So.
1203 785 1414 828 Praeterquam
1440 788 1472 818 in
1495 789 1567 825 hoc¹
1593 799 1618 819 ο

151 843 327 881 Τὴεοάοτε,
350 844 435 886 quod
462 842 505 873 ita
530 847 562 873 et
586 851 649 872 non
675 839 720 870 ita
747 839 904 871 dicebam.
929 841 1054 879 oportet
1077 843 1182 869 autem
1209 849 1311 880 neque
1342 841 1401 872 hoc
1427 840 1472 871 ita
1498 842 1614 874 dicere.

153 897 269 939 Neque
291 897 374 928 enim
399 896 532 937 amplius
558 895 601 925 ita
623 897 808 930 moveretur,
823 902 926 934 neque
943 902 1043 923 rursus
1057 902 1118 923 non
1133 892 1190 923 ita.
1234 892 1310 924 Non
1326 893 1411 924 enim
1426 898 1528 926 motus
1543 896 1616 933 hoc,

155 951 209 983 sed
225 961 339 982 nomen
355 950 440 982 aliud
456 948 681 991 imponendum
697 947 736 977 ab
751 945 802 982 iis,
818 945 874 987 qui
889 945 964 976 talia
987 945 1141 976 disserunt
1155 957 1162 976 ε
1187 946 1335 987 quoniam
1352 956 1435 978 nunc
1449 948 1490 978 ad
1506 958 1621 979 eorum*

155 1005 400 1046 suppositionem
416 1003 508 1034 verba
524 1012 588 1032 non
601 1001 719 1032 habent
733 1010 742 1038 ;
763 999 824 1030 nisi
834 999 914 1030 forte
928 998 1098 1030 dictionem
1115 1000 1208 1036 hanc,
1223 999 1344 1032 scilicet
1358 1011 1422 1032 non
1439 1003 1619 1042 quomodo-

155 1068 292 1100 cunque,
306 1058 420 1089 habere
436 1057 610 1091 videantur,
627 1064 698 1095 quae
713 1053 842 1095 quidem
857 1052 1051 1093 potissimum
1076 1052 1152 1093 ipsis
1176 1053 1322 1094 congruit
1342 1054 1464 1086 infinite
1480 1055 1617 1096 prolata.-

153 1110 263 1143 Tnzo.
288 1111 392 1142 Valde
418 1109 608 1142 conveniens
633 1108 696 1139 illis
722 1109 789 1138 baec
816 1106 913 1138 dictio
936 1111 995 1138 est.
1041 1107 1098 1137 So.
1120 1106 1204 1143 Jam,
1227 1118 1247 1138 o
1271 1107 1545 1150 Theodore,quod
1570 1110 1616 1141 a‘d‘

155 1165 289 1196 amicum
307 1169 394 1195 tuum
410 1163 534 1200 attinet,
555 1160 792 1203 expedivimus:
816 1160 952 1191 necdum
971 1159 1180 1191 concessimus
1196 1161 1252 1197 illi,
1267 1161 1438 1202 quemlibet
1452 1163 1616 1194 hominem

152 1226 253 1250 rerum
266 1218 403 1248 omnium
429 1227 496 1248 esse
521 1225 706 1251 mensuram,
722 1214 784 1245 nisi
811 1214 936 1255 sapiens
962 1213 1032 1255 quis
1047 1214 1169 1245 existat.
1216 1214 1383 1246 Scientiam
1399 1215 1529 1258 insuper
1543 1222 1616 1249 esse'

155 1282 279 1303 sensum
296 1271 421 1302 minime
436 1270 644 1301 concedemus
661 1268 832 1299 secundum
843 1268 994 1298 rationem
1004 1267 1100 1303 illam,
1113 1278 1182 1309 quae
1195 1268 1312 1299 moveri
1324 1269 1429 1300 omnia
1440 1271 1590 1311 praedicat
1603 1283 1612 1302 ε

154 1323 216 1355 nisi
230 1323 308 1355 forte
329 1323 508 1355 Theaetetus
527 1323 584 1353 iste
600 1322 689 1353 aliter
705 1321 902 1363 persuadeat.
945 1320 1032 1352 THE.
1055 1320 1184 1362 Optime
1208 1321 1327 1362 dixisti,
1342 1333 1361 1353 ο
1388 1324 1541 1356 Socrates.
1565 1325 1614 1357 his

156 1377 238 1408 enim
253 1378 398 1419 peractis,
413 1388 463 1408 me
487 1387 611 1418 quoque
638 1377 677 1407 ab
704 1376 742 1406 iis
764 1375 945 1415 expeditum
972 1385 1039 1406 esse
1065 1375 1167 1412 decet,
1184 1380 1220 1406 ut
1245 1376 1397 1429 interlnos
1411 1384 1614 1411 convenerat.

155 1435 320 1472 postquam
338 1441 408 1462 vero
435 1429 608 1472 disputatio
632 1430 779 1461 adversus
795 1428 996 1470 Protagoram
1012 1429 1107 1460 finem
1123 1430 1257 1471 accepit,
1273 1441 1313 1461 ne
1329 1431 1480 1470 desistite,
1495 1443 1617 1474 quaeso,

154 1484 330 1521 Theodore,
345 1490 512 1525 antequam
529 1489 562 1514 tu
578 1488 610 1515 et
625 1483 766 1514 Socrates
782 1483 965 1524 percurratis
980 1493 1033 1514 eos
1059 1482 1198 1524 insuper,
1220 1484 1272 1525 qui
1288 1490 1367 1516 stare
1382 1486 1490 1517 omnia
1506 1487 1614 1520 volue-

153 1543 238 1575 runt,
252 1539 515 1580 quemadmodum
530 1537 625 1580 paulo
637 1542 710 1568 ante
721 1536 939 1578 proposuistits-
983 1537 1092 1568 Timo.
1116 1538 1197 1569 Cum
1210 1538 1250 1569 sis
1260 1538 1399 1580 juvenis,
1412 1550 1431 1571 o
1442 1540 1616 1579 These-tete,
1648 1536 1650 1539 ¹

154 1592 290 1624 seniores
305 1591 450 1634 injuriam
465 1592 566 1623 facere
582 1592 688 1628 doces,
705 1591 779 1622 dum
797 1596 889 1632 pacta
903 1591 1074 1633 transgredi
1089 1592 1270 1624 exhortaris.
1315 1593 1376 1624 Sed
1388 1594 1554 1636 'accingere
1567 1601 1613 1632 tu,

155 1651 192 1678 ut
206 1646 391 1688 reliquorum
411 1645 544 1686 Socrati,
561 1645 587 1676 si
601 1645 690 1681 velit,
705 1645 855 1675 rationem
869 1645 990 1675 reddaS.
1034 1644 1121 1678 Tne.
1147 1645 1366 1678 Libentissime
1390 1651 1494 1679 tamen
1509 1659 1559 1686 ea,
1575 1649 1616 1680 de

155 1699 269 1742 quibus
284 1699 404 1741 loquor,
421 1699 571 1731 audirem.
616 1699 727 1729 Tunc.
748 1698 895 1740 Equitem
918 1699 951 1729 in
974 1709 1119 1740 campum
1136 1710 1298 1741 provocas,
1313 1711 1382 1732 cum
1399 1701 1558 1733 Socratem
1573 1703 1616 1734 ad

155 1753 378 1794 disputandum
409 1752 550 1784 accersis.
564 1752 736 1794 'interroga
765 1751 871 1794 igitur,
895 1757 989 1794 atque
1019 1753 1137 1785 audies.
1180 1754 1236 1785 So.
1259 1753 1380 1785 Videor
1406 1756 1565 1797 equidem,
1595 1765 1615 1788 o

154 1807 331 1843 Tlieodore,
346 1806 378 1836 in
392 1806 451 1843 his,
464 1816 534 1847 quae
543 1805 724 1837 Theaetetus
734 1805 837 1847 jubet,
850 1806 910 1847 ipsi
923 1806 1049 1837 minime
1062 1807 1224 1848 pariturus.
1269 1808 1380 1839 Timo.
1403 1809 1489 1846 Quid
1500 1811 1617 1847 obstat,

156 1871 220 1902 quo
236 1860 339 1891 minus
363 1859 561 1901 obsequaris?
605 1859 662 1890 So.
685 1859 755 1890 Etsi
776 1859 944 1891 Melissum
961 1865 1055 1901 atque
1071 1861 1160 1902 alios,
1174 1861 1228 1904 qui
1244 1872 1340 1892 unum
1356 1863 1528 1894 consistens
1543 1864 1614 1894 uni-

155 1924 277 1946 versum
289 1913 409 1948 dicunt,
422 1922 527 1943 vereor
538 1922 577 1943 ne
590 1912 667 1943 forte
679 1912 801 1943 onerosi
813 1912 982 1950 videamur,
994 1914 1063 1944 illos
1075 1915 1279 1956 exagitantes,
1291 1915 1394 1946 minus
1408 1921 1511 1947 tamen
1523 1928 1617 1958 quam

155 1967 281 1999 unicum
293 1965 510 1998 Parmenidem
525 1975 641 1998 vereor.
676 1965 878 1997 Parmenides
888 1974 1004 2002 autem,
1023 1972 1056 1997 ut
1071 1967 1245 1999 Homericis
1257 1968 1357 2000 verbis
1375 1975 1452 2007 utar,
1464 1972 1616 2003 verendus

156 2020 233 2052 ‘mibi
248 2030 378 2061 acerque
393 2018 526 2051 videtur.
573 2019 759 2051 Collocutus
777 2029 843 2050 sum
855 2019 930 2050 olim
947 2030 1017 2051 cum
1034 2019 1088 2051 illo
1103 2032 1178 2052 sene
1193 2022 1360 2053 admodum
1385 2024 1488 2055 adhuc
1511 2025 1617 2056 adole-

154 2085 257 2115 scens,
282 2073 420 2115 mihique
435 2073 517 2105 visus
540 2078 587 2104 est
612 2073 800 2114 profundam
822 2084 1065 2116 generosamque
1089 2076 1217 2106 omuino
1244 2077 1428 2118 sapientiam
1445 2078 1615 2119 possidere.

154 2126 251 2168 [184]
274 2126 419 2157 Formido
429 2126 544 2168 itaque,
557 2137 597 2157 ne
607 2126 691 2157 dicta
704 2125 773 2167 ejus
784 2137 940 2169 vocesque
950 2138 1147 2170 nequaquam
1160 2129 1368 2171 intelligamus
1382 2142 1391 2170 ς
1415 2132 1499 2172 quod
1511 2138 1615 2164 autem

154 2181 254 2213 verbis
268 2179 485 2222 subintelligit,
500 2180 598 2210 multo
615 2179 712 2221 magis
728 2190 784 2211 nos
801 2179 916 2220 lateat3
939 2186 972 2212 et
986 2183 1071 2223 quod
1087 2183 1253 2214 maximum
1269 2189 1326 2220 est,
1343 2183 1434 2224 cujus
1443 2185 1542 2226 gratia
1551 2186 1616 2216 dis-

153 2234 276 2276 putatio
300 2235 380 2265 inter
403 2245 460 2265 nos
485 2234 592 2276 coepit,
609 2234 683 2276 quid
708 2234 841 2266 scientia
865 2234 908 2265 sit
930 2235 1100 2277 inquirens,
1126 2236 1334 2268 indiscussum
1359 2237 1561 2279 relinquatur,
1588 2238 1615 2270 si

155 2287 339 2329 procacitati
355 2288 517 2319 verborum
534 2287 774 2330 indulgeamus:
798 2289 968 2329 praesertim
990 2300 1061 2320 cum
1083 2290 1274 2331 amplissima
1290 2291 1422 2332 quaestio
1436 2291 1505 2333 illa,
1521 2303 1615 2334 quam

154 2342 252 2372 modo
265 2341 455 2377 induximus,
469 2342 494 2372 si
510 2347 621 2383 praeter
646 2342 841 2383 propositum
863 2348 895 2373 et
915 2343 1005 2384 quasi
1027 2343 1232 2384 digrediendo
1248 2349 1405 2381 tractetur,
1422 2345 1552 2387 indigna
1567 2347 1614 2377 ni-

156 2395 251 2426 mium
266 2405 392 2436 passura
403 2395 466 2434 sit3
488 2399 521 2426 et
535 2394 561 2426 si
587 2395 680 2426 latius
705 2396 906 2438 exactiusque
932 2397 1119 2438 perficiatur,
1136 2397 1274 2428 scientiae
1290 2396 1387 2439 ipsius
1402 2398 1616 2440 investigatio·

156 2458 228 2479 nem
243 2448 443 2490 impeditura.
464 2453 608 2480 neutrum
625 2459 697 2480 vero
714 2450 806 2481 decet
819 2461 826 2480 :
850 2450 946 2481 immo
961 2450 1116 2482 Theaeteti
1129 2450 1221 2481 foetus
1236 2450 1316 2483 circa
1334 2451 1496 2484 scientiam
1511 2453 1617 2486 obste-

155 2501 244 2532 tricia
257 2501 405 2532 facultate
418 2502 453 2532 iu
470 2502 570 2533 lucem
585 2503 718 2535 educere
730 2509 763 2534 et
779 2502 946 2544 diligenter
972 2504 1155 2534 examinare.
1199 2503 1287 2535 Tne.
1310 2504 1344 2535 Si
1361 2505 1404 2535 ita
1423 2506 1556 2543 videtur,
1572 2508 1616 2538 ita

155 2554 310 2596 agendum
326 2560 385 2586 est.
429 2554 485 2586 So.
509 2554 581 2586 Hoc
597 2560 759 2596 praeterea,
782 2555 954 2592 'l’heaetete,
969 2557 1053 2587 circa
1079 2566 1172 2598 supra
1196 2555 1281 2587 dicta
1295 2557 1467 2589 considera.
1490 2569 1615 2590 sensum

155 2618 223 2639 esse
238 2607 399 2639 scientiam
415 2608 616 2649 respondisti,
632 2619 672 2639 an
688 2609 774 2640 nou?
819 2609 906 2640 Tru-2.
931 2599 1036 2642 Certe.
1080 2610 1134 2640 So.
1158 2609 1191 2640 Si
1213 2610 1283 2651 quis
1307 2610 1521 2653 interrogaret,
1536 2623 1615 2654 quo-1

155 2670 228 2691 nam
243 2659 314 2691 alba
328 2664 360 2691 et
373 2659 460 2701 nigra
475 2660 568 2690 homo
583 2661 703 2698 videat,
717 2672 820 2703 quove
845 2667 937 2693 acuta
953 2668 985 2694 et
1008 2662 1113 2704 gravia
1135 2663 1263 2694 audiat:
1287 2664 1397 2701 oeulis,
1415 2669 1450 2695 ut
1475 2665 1615 2704 arbitror,

155 2718 188 2745 et
201 2713 337 2749 auribus.
352 2713 568 2755 responderem
614 2713 701 2746 Tru-:0
723 2715 892 2757 Equidem.
937 2715 994 2749 So.
1016 2715 1071 2747 Uti
1094 2716 1273 2747 nominibus
1288 2717 1453 2760 verbisque
1478 2729 1617 2750 commu·

155 2766 307 2804 nioribus,
322 2777 425 2808 neque
441 2772 549 2798 exacte
565 2767 748 2810 curioseque
772 2769 954 2810 disquirere,
970 2780 1184 2811 saepenumero
1200 2770 1342 2811 generosi
1354 2771 1452 2802 animi
1467 2777 1524 2809 est,
1541 2783 1617 2804 con-

154 2819 280 2851 trarium
296 2825 400 2851 autem
424 2820 583 2852 illiberalis
599 2833 606 2851 :
630 2831 856 2864 nonnunquam
881 2829 986 2854 tamen
1008 2823 1215 2854 necessarium
1231 2828 1290 2862 est,
1305 2826 1569 2866 quemadmodum
1585 2826 1617 2856 in

155 2873 321 2914 praesentia
336 2873 511 2904 examinare
527 2874 677 2916 cogimur,
690 2878 753 2917 q'ua
768 2887 806 2907 ex
820 2881 908 2918 parte
923 2876 1085 2924 responsio
1101 2882 1155 2907 tua
1170 2877 1271 2908 minus
1286 2883 1371 2910 recta
1381 2879 1431 2910 sit.
1465 2877 1618 2920 Attende,

153 2937 224 2969 quae
238 2928 398 2970 responsio
413 2928 536 2965 rectior,
554 2933 656 2960 utrum
671 2939 742 2971 quae
757 2930 848 2971 dicit,
864 2941 926 2972 quo
941 2930 1083 2962 videmus
1097 2931 1131 2962 id
1147 2931 1255 2962 oculos
1266 2942 1351 2972 esse;
1375 2942 1416 2963 an
1440 2942 1511 2973 quae
1527 2932 1616 2969 dicit,

155 2991 210 3021 per
231 2981 315 3023 quod
332 2981 484 3014 videmus.
507 2982 581 3013 item
604 2993 666 3023 quo
688 2982 831 3014 audimus
857 2993 958 3022 aures,
974 2994 1013 3015 an
1030 2995 1086 3026 per
1099 2985 1185 3026 quod
1200 2976 1356 3018 audimus.
1397 2984 1482 3016 Tus.
1507 2985 1616 3018 Potius
