1846 3268
238 261 290 300 85
843 255 1108 299 PLATONJS
1613 266 1711 316 [159

243 363 416 407 possideas,
432 373 532 395 necne
547 374 554 393 :
578 371 617 394 ne
633 361 682 394 vel
699 366 732 392 tu
749 361 852 399 aliter,
877 372 971 404 quam
987 363 1077 403 velis,
1107 362 1192 405 loqui
1209 363 1337 406 cogaris,
1359 365 1407 396 vel
1425 376 1483 407 ego
1510 369 1624 398 temere
1646 378 1710 398 me-

243 418 310 453 deri
324 418 480 450 festinem.
526 416 559 448 Si
574 426 648 458 ergo
661 420 780 458 gratum
797 416 853 447 tibi
868 416 1005 448 futurum
1021 422 1081 454 est,
1108 417 1203 459 cupio
1219 428 1281 449 una
1305 410 1407 450 tecum
1423 419 1611 462 investigare
1629 432 1636 451 ε
1660 420 1711 452 sin

242 474 356 510 minus,
371 471 591 504 dimittendum
609 470 750 502 arbitror.
795 470 896 502 Immo
906 476 990 502 certe
1001 470 1221 514 gratissimum,
1237 472 1351 515 inquit,
1367 472 1516 507 omnium.
1546 474 1709 512 Quamob-

246 538 322 564 rem,
346 532 382 558 ut
397 526 463 568 ipse
479 530 623 567 praestare
638 530 744 567 putas,
766 524 811 555 ita
826 525 979 567 perquire.
1025 525 1121 558 Hunc
1135 525 1167 557 in
1194 527 1331 564 modum,
1347 527 1485 570 inquam,
1508 530 1704 561 commodior

242 581 405 623 indagatio
426 581 531 612 futura
547 579 680 610 videtur.
725 579 858 611 Constat
883 579 1038 622 profecto,
1063 580 1090 612 si
1115 580 1198 612 inest
1221 581 1318 623 [169]
1341 582 1547 623 temperantia
1561 582 1710 623 tibi‚⁴ha-

242 638 314 668 bere
330 641 360 667 te
375 634 508 676 aliquid,
522 634 606 676 quod
623 634 664 665 de
679 633 738 665 hac
753 633 899 675 opineris.
921 644 1048 666 necesse
1064 639 1113 666 est
1135 634 1232 672 enim,
1257 634 1459 667 inhaerentem
1475 636 1575 677 ipsam
1590 637 1660 674 tibi,
1683 637 1710 669 si

239 691 336 722 modo
357 690 498 730 inhaeret,
522 688 658 730 aliquem
682 687 730 719 sui
752 698 876 719 sensum
902 689 1051 730 praebere,
1076 699 1114 720 ex
1139 699 1203 731 quo
1228 689 1334 731 aliqua
1351 690 1433 721 circa
1454 689 1555 731 ipsam
1570 690 1710 732 insurgat

242 745 366 787 opinio,
378 753 453 786 qua,
468 742 547 786 quid
574 747 607 774 et
627 741 720 784 quale
740 742 946 784 temperantia
971 743 1023 784 sit,
1046 743 1218 784 conjectes.
1240 754 1345 775 nonne
1362 744 1476 785 putas?
1520 743 1605 776 Puto
1619 744 1711 787 equi-

241 800 338 835 dem„
372 797 490 830 Nonne
515 798 578 829 hoc
601 797 729 828 censes?
752 797 912 835 videlicet,
939 802 1104 840 postquam
1127 797 1187 830 scis
1212 797 1299 840 loqui
1321 798 1446 839 Graece,
1471 798 1576 830 dicere
1602 799 1710 842 utique

243 853 355 896 possis,
369 852 521 895 quidnam
533 852 565 883 id
581 851 638 883 tibi
653 850 795 882 videtur?
840 851 1004 883 Fortassis.
1050 851 1095 884 Ut
1109 863 1183 894 ergo
1204 852 1421 894 conjiciamus,
1448 858 1550 884 utrum
1564 853 1622 885 tibi
1636 854 1712 885 insit

241 917 343 940 necne
366 896 585 948 temperantia,
611 905 663 938 dic
686 916 758 948 age,
783 905 933 948 quidnam
960 917 998 938 ex
1025 906 1179 938 sententia
1197 911 1250 937 tua
1265 907 1503 949 temperantiam
1517 918 1584 939 esse
1605 908 1708 944 dicis?

242 961 353 1003 Piguit
366 972 437 994 eum
467 961 578 1003 primo,
603 970 708 1002 neque
730 960 832 995 libens
858 961 899 992 ad
925 961 1180 1003 respondendum
1197 961 1296 994 venit.
1317 962 1442 993 demum
1469 963 1514 994 ita
1535 963 1709 1004 respondit,

241 1015 494 1059 Temperantiam
522 1025 590 1047 esse
615 1015 710 1052 duco,
737 1015 886 1046 decenter
909 1025 1001 1056 agere
1026 1015 1162 1058 singula,
1188 1020 1221 1048 et
1242 1015 1348 1057 quiete
1371 1026 1429 1058 per
1447 1017 1528 1048 viam
1541 1016 1708 1055 incedere,

241 1071 348 1113 quiete
363 1075 396 1103 et
418 1070 518 1112 loqui,
542 1080 579 1102 ac
607 1069 785 1100 summatim
811 1069 916 1112 quiete
942 1069 1048 1101 omnia
1072 1070 1195 1102 facere:
1221 1076 1253 1102 et
1269 1079 1305 1101 ut
1318 1071 1404 1102 brevi
1418 1070 1608 1113 complectar
1621 1072 1708 1114 quod

242 1126 368 1168 quaeris,
390 1125 542 1167 quietudo
569 1125 713 1167 quaedam
738 1134 806 1156 esse
835 1124 912 1155 mihi
941 1123 1076 1156 videtur.
1122 1124 1278 1166 Nunquid
1308 1125 1417 1157 recte?
1443 1125 1581 1168 inquam.
1602 1126 1708 1158 ferunt

243 1190 331 1220 sane,
357 1179 482 1222 quietos
508 1178 649 1211 homines
677 1183 865 1220 temperatos
890 1189 970 1210 esse.
993 1179 1047 1210 sed
1066 1178 1239 1216 videamus,
1264 1182 1305 1210 zm
1329 1190 1403 1211 vera
1420 1179 1598 1222 loquantur.
1641 1180 1708 1212 Dic

240 1234 347 1276 igitur,
370 1233 513 1275 nunquid
531 1233 829 1275 pulchrumaliquid
846 1232 1053 1275 temperantia
1067 1233 1118 1265 sit.
1165 1233 1230 1265 Cn.
1254 1233 1312 1265 Est
1334 1245 1469 1276 prorsus.
1514 1235 1570 1267 So.
1593 1235 1707 1267 Utrum

240 1290 273 1321 in
289 1288 483 1331 grammatici
497 1287 647 1319 facultate
664 1287 824 1330 pulchrius
839 1293 886 1319 est
901 1288 1026 1319 easdem
1041 1287 1146 1318 literas
1161 1286 1225 1319 cito
1240 1287 1384 1328 scribere,
1410 1298 1450 1319 an
1463 1288 1569 1331 quiete
1582 1289 1595 1320 ?
1639 1289 1705 1322 Cn.

242 1346 327 1379 Cito.
379 1344 436 1376 So.
467 1343 586 1384 Legere
611 1348 728 1383 autem,
752 1342 945 1379 celeriterne¹
974 1352 1015 1372 an
1045 1342 1160 1372 tarde?
1205 1342 1271 1374 Cn.
1309 1342 1471 1375 Celeriter.
1526 1343 1582 1377 So,
1617 1344 1706 1382 Quin

241 1400 335 1432 etiam
351 1389 474 1440 pulsare
498 1396 647 1429 citharam
663 1395 823 1437 velociter,
846 1401 879 1428 et
894 1401 1014 1438 promte
1031 1401 1148 1427 certare
1162 1395 1322 1438 pulchrius
1337 1402 1397 1438 est,
1430 1408 1524 1440 quam
1547 1398 1653 1440 quiete
1669 1409 1707 1431 ac

240 1452 352 1485 tarde?
397 1451 462 1484 Cri.
484 1450 541 1482 Est
562 1450 616 1481 ita.
661 1450 717 1482 So.
742 1450 829 1488 Quid
846 1460 918 1481 vero
943 1450 975 1481 in
1002 1461 1178 1492 pugnorum
1204 1450 1460 1494 brachiorumque
1482 1452 1576 1491 ludis,
1600 1463 1706 1485 nonne

240 1507 382 1542 celeritas
398 1507 466 1549 ipsa
480 1505 649 1537 laudatur?
695 1504 761 1537 Cri.
785 1505 916 1547 Utique.
962 1505 1018 1536 So.
1041 1504 1171 1537 Currere
1186 1510 1290 1537 autem
1305 1511 1400 1548 atque
1415 1506 1538 1544 saltare,
1563 1512 1596 1539 et
1610 1508 1707 1540 ceteri

239 1562 378 1605 corporis
393 1565 492 1598 actus,
507 1570 614 1593 nonne
629 1559 654 1590 si
670 1569 802 1601 propere
817 1565 849 1591 et
865 1563 985 1602 promte
999 1559 1093 1600 fiunt,
1107 1560 1147 1590 ad
1163 1559 1327 1602 pulchrum
1350 1561 1517 1602 spectant?
1552 1562 1578 1593 si
1593 1562 1706 1604 ignave

236 1617 438 1658 remisseque,
459 1615 500 1646 ad
517 1614 628 1656 turpe?
674 1613 740 1646 Cn.
762 1613 918 1656 Apparet.
962 1614 1019 1646 So.
1041 1614 1136 1646 Patet
1149 1624 1236 1657 ergo,
1262 1620 1416 1657 quantum
1439 1616 1481 1647 ad
1502 1626 1616 1658 corpus
1631 1618 1706 1648 atti·

241 1676 309 1712 net,
322 1680 388 1702 non
403 1669 490 1712 quod
505 1669 640 1704 tardum,
665 1669 720 1700 sed
736 1669 822 1711 quod
838 1667 928 1700 velox
945 1668 1090 1706 maxime,
1105 1679 1173 1700 esse
1186 1669 1438 1710 pulcherrimum.
1461 1671 1591 1702 nonne?
1636 1671 1704 1704 Cn.

241 1726 393 1758 Omnino.
441 1723 498 1755 So.
519 1722 772 1765 Temperantiam
789 1733 861 1754 vero
877 1722 1042 1765 pulchrum
1057 1722 1136 1764 quid
1161 1733 1228 1754 esse
1248 1724 1409 1755 constitit?
1455 1724 1521 1758 Cn.
1543 1724 1705 1759 constitit.

239 1782 296 1814 So.
318 1780 395 1812 Non
407 1790 481 1821 ergo
493 1778 574 1810 circa
589 1788 703 1820 corpus
718 1777 885 1820 quietudo,
911 1777 1006 1809 immo
1031 1777 1173 1809 celeritas
1196 1778 1236 1809 ad
1254 1778 1493 1820 temperantiam
1513 1779 1704 1822 pertinebit:

238 1835 264 1867 si
279 1835 374 1866 modo
390 1833 554 1875 pulchrum
569 1832 647 1874 quid
661 1836 710 1863 est
725 1831 944 1874 temperantia.
991 1832 1057 1863 Cn.
1080 1831 1225 1864 Videtur.
1269 1833 1326 1865 So.
1350 1832 1506 1865 Docilitas
1514 1844 1588 1866 vero
1598 1845 1705 1867 nonne

237 1888 407 1932 pulchrior,
434 1897 527 1930 quam
542 1887 730 1918 hebetudo?
774 1886 839 1920 Crr.
861 1886 1026 1918 Pulchrior
1050 1890 1144 1919 certe.
1187 1886 1243 1918 So.
1267 1886 1325 1918 Est
1349 1892 1452 1919 autem
1471 1887 1617 1920 docilitas
1641 1889 1705 1922 cito

236 1943 433 1986 perdiscere:
458 1941 617 1973 hebetudo
632 1952 717 1982 vero,
738 1951 806 1973 sero
825 1945 920 1983 atque
944 1940 1040 1973 lente.
1085 1940 1151 1973 Cu.
1175 1940 1336 1973 Profecto.
1379 1941 1435 1973 So.
1457 1942 1583 1987 Docere
1607 1944 1704 1976 aliurn

237 2008 332 2040 quam
361 1995 504 2028 ocissime
529 2005 635 2026 nonne
657 1994 829 2037 pulchrius,
854 2005 949 2037 quam
973 1995 1085 2027 tarde?
1131 1995 1196 2027 Cn.
1231 1995 1344 2027 Procul
1361 1997 1469 2030 dubio.
1515 1997 1570 2030 So.
1593 1998 1704 2030 Remi-

235 2051 316 2084 nisci
330 2051 405 2082 item
431 2056 464 2082 et
489 2048 666 2081 meminisse
690 2060 758 2081 sero
781 2054 876 2092 atque
891 2049 988 2088 lente,
1004 2049 1216 2091 pulchriusne,
1240 2060 1280 2080 an
1306 2050 1400 2082 facile
1423 2056 1519 2094 atque
1534 2054 1702 2095 prompte?

235 2108 301 2140 Crr.
325 2107 487 2148 Prompte.
513 2105 610 2147 [160]
633 2105 690 2136 So.
711 2103 845 2136 solertia
860 2115 931 2136 vero
946 2115 1051 2136 nonne
1066 2104 1207 2136 celeritas
1230 2105 1374 2147 quaedam
1390 2105 1486 2138 animi
1511 2112 1560 2138 est
1583 2107 1703 2149 potius,

233 2171 327 2206 quam
344 2159 496 2192 tarditas?
543 2158 610 2192 Cn.
633 2158 705 2192 Est.r
748 2159 805 2191 So.
826 2158 926 2201 Atqui
950 2163 983 2191 et
1005 2158 1182 2201 intelligere
1205 2169 1276 2201 quae
1293 2159 1440 2191 dicuntur
1462 2160 1494 2191 in
1510 2163 1703 2203 grammatici

235 2216 469 2256 citharistaeque
483 2213 578 2251 ludis,
591 2218 624 2245 et
638 2212 671 2244 in
684 2213 796 2245 ceteris
812 2214 966 2251 omnibus,
984 2223 1048 2245 non
1063 2223 1157 2256 quam
1173 2213 1359 2254 tardissime,
1373 2215 1428 2245 sed
1438 2225 1533 2257 quam
1548 2216 1704 2259 ocissime,

234 2270 476 2314 pulcherrimum
491 2273 550 2300 est.
595 2268 661 2300 Cri.
682 2268 725 2299 Et
739 2269 811 2300 hoc.
857 2268 912 2300 So.
936 2268 1022 2306 Quin
1044 2268 1136 2299 etiam
1158 2267 1192 2299 in
1215 2267 1294 2310 ipsis
1309 2268 1562 2310 indagationibus
1577 2276 1610 2302 et
1624 2281 1701 2303 con·

237 2323 456 2357 sultationibus
471 2322 579 2363 animi,
590 2333 653 2353 non
669 2322 723 2364 qui
739 2323 845 2364 quiete
859 2333 928 2353 sero
943 2327 976 2353 et
984 2322 1035 2353 vix
1050 2321 1216 2365 quaesitum
1235 2322 1370 2363 invenit,
1385 2328 1435 2354 est
1454 2323 1642 2362 laudandus,
1666 2330 1702 2357 ut

236 2378 383 2410 arbitror:
408 2377 462 2408 sed
479 2375 534 2418 qui
550 2377 634 2408 brevi
650 2376 754 2419 potius
769 2381 863 2420 atque
886 2376 1046 2408 facillime.
1091 2376 1156 2409 Crr.
1181 2376 1264 2408 Vera
1288 2377 1356 2408 haec
1382 2383 1467 2410 sunt.
1511 2378 1566 2410 So.
1589 2379 1637 2411 Ex
1652 2380 1702 2412 his

235 2432 404 2475 colligitur,
420 2443 439 2462 o
456 2431 652 2468 Charmides,
667 2436 729 2462 tam
753 2431 787 2462 in
802 2431 853 2468 iis,
880 2441 951 2473 quoe
975 2431 1016 2462 ad
1041 2441 1166 2472 corpus,
1192 2441 1285 2473 quarn
1300 2431 1332 2462 in
1349 2431 1397 2469 iis,
1418 2442 1489 2474 quae
1504 2433 1544 2464 ad
1561 2433 1700 2466 animum

235 2491 392 2530 spectant,
407 2485 528 2517 velocia
551 2491 733 2528 promtaque
759 2485 855 2517 tardis
881 2490 913 2517 et
926 2485 1040 2528 quietis
1056 2485 1232 2527 pulchriora
1247 2485 1356 2518 videri.
1401 2487 1467 2519 Cn.
1489 2487 1543 2518 Sic
1558 2493 1701 2530 apparet.

235 2542 290 2575 So.
313 2540 388 2572 Non
402 2540 499 2582 igitur
513 2539 666 2581 quietudo
691 2540 836 2582 quaedam
858 2539 1063 2581 temperantia
1084 2540 1154 2577 erit,
1177 2550 1281 2581 neque
1297 2540 1361 2571 vita
1385 2542 1492 2582 quieta
1510 2546 1699 2584 temperans,

234 2600 270 2627 ut
280 2596 339 2627 hac
354 2594 474 2626 ratione
488 2593 657 2636 conjicitur
670 2605 679 2627 z
703 2595 959 2637 quandoquidem
975 2595 1061 2636 quod
1077 2599 1282 2636 temperatum
1298 2601 1357 2635 est,
1373 2600 1406 2626 et
1418 2595 1582 2637 pulchrum
1603 2597 1701 2630 debet

233 2660 312 2683 esse.
355 2648 384 2680 E
399 2648 521 2679 duobus
537 2648 619 2679 enim
633 2648 762 2680 alterum
779 2654 838 2686 est,
862 2654 917 2680 aut
932 2659 1104 2691 nunquam,
1129 2653 1184 2680 aut
1198 2659 1265 2680 raro
1279 2649 1463 2691 admodum,
1482 2650 1574 2682 nobis
1587 2651 1620 2682 in
1634 2651 1700 2683 vita

233 2704 349 2748 quietae
363 2702 502 2735 actiones
512 2702 715 2744 pulchriores,
730 2714 823 2745 quam
840 2703 962 2736 veloces
977 2709 1010 2735 et
1025 2704 1237 2745 vehementes,
1250 2709 1472 2745 apparuerunt.
1493 2705 1580 2747 quod
1591 2705 1619 2736 si
1633 2715 1698 2736 non

231 2758 397 2802 pauciores
411 2757 526 2799 quietae
540 2757 692 2794 actiones,
705 2768 797 2799 quam
814 2758 937 2789 veloces
957 2763 990 2790 et
1004 2758 1215 2795 vehementes,
1235 2758 1468 2800 pulchritudine
1489 2762 1634 2801 prestare
1649 2769 1698 2790 re-

233 2813 419 2856 perirentur,
442 2821 545 2853 neque
571 2811 630 2842 hac
652 2811 746 2842 etiam
769 2812 888 2843 ratione
912 2812 1130 2849 conficeretur,
1151 2811 1389 2854 temperantiam
1404 2822 1471 2843 esse
1485 2812 1590 2854 quiete
1605 2823 1699 2854 agere

232 2866 350 2910 potius,
366 2875 459 2907 quam
476 2866 674 2896 vehementer
689 2870 783 2907 atque
798 2866 952 2904 celeriter,
967 2877 1069 2908 neque
1083 2866 1118 2898 in
1133 2866 1202 2908 ipso
1224 2866 1359 2907 incessu,
1373 2876 1477 2907 neque
1491 2865 1524 2898 in
1540 2876 1697 2909 sennone,

231 2931 335 2964 neque
350 2919 384 2951 in
406 2919 469 2952 alio
484 2919 654 2961 quopiam:
679 2930 782 2962 neque
797 2920 861 2951 vita
876 2921 996 2962 quieta,
1012 2931 1105 2963 quam
1121 2920 1277 2963 inquieta,
1301 2920 1462 2952 decentior
1475 2925 1558 2952 esset
1570 2925 1604 2952 et
1617 2925 1696 2953 tem-

232 2972 409 3018 perantior:
433 2974 554 3017 quippe
569 2984 640 3006 cum
655 2973 688 3005 in
702 2974 851 3017 superiori
865 2985 1007 3008 sermone
1022 2976 1220 3019 suppositum
1235 2975 1290 3014 sit,
1315 2974 1478 3018 pulchrum
1494 2985 1562 3008 esse
1575 2974 1698 3018 aliquid
