1846 3268
221 303 320 355 191]
778 294 1123 342 THEAETETUS.
1604 306 1683 343 259

215 409 316 452 ipsam
332 412 386 440 aut
399 411 529 449 utraque
543 409 599 438 aut
620 404 750 436 alterum
765 404 900 446 cogitare
915 405 927 435 ἓ
970 404 1058 436 Tan.
1080 404 1219 437 Necesse
1234 405 1375 437 omnino.
1418 405 1477 438 So,
1500 404 1570 436 Ant
1584 406 1679 438 simul

216 468 272 495 aut
286 462 427 494 alterne?
470 461 558 493 Tne.
581 459 623 490 Et
637 458 732 490 istud.
777 459 833 492 So.
857 453 965 501 Ipsum
982 464 1086 491 autem
1101 459 1239 501 cogitare
1254 470 1328 491 num
1344 459 1430 491 idem
1447 458 1534 502 quod
1555 465 1588 491 et
1600 460 1681 501 ipse,

217 517 334 549 vocas?
376 516 462 547 Tne.
485 514 572 552 Quid
588 518 622 545 tu
637 513 754 545 vocas?
800 513 858 547 So.
881 508 1073 554 Sermonem,
1089 523 1182 555 quem
1209 513 1276 556 ipsa
1292 514 1395 545 anima
1409 513 1441 544 in
1458 524 1490 545 se
1506 513 1574 556 ipsa
1590 513 1681 544 volu-

218 576 265 602 tat
278 570 358 602 circa
372 568 438 609 iila,
458 579 528 610 quae
552 567 740 600 considerat.
763 571 799 597 ut
820 566 949 598 minime
974 577 1107 598 noscens
1133 566 1202 609 ipse
1229 568 1286 599 tibi
1313 567 1452 600 declaro.
1500 567 1571 599 Hoc
1596 567 1682 599 enim

217 623 293 654 mihi
313 622 444 659 videtur,
459 621 649 663 cogitantem
666 620 787 652 scilicet
802 620 936 651 animam
951 620 1031 651 nihii
1054 620 1139 651 aliud
1160 630 1252 662 agere
1267 631 1359 663 quam
1377 631 1480 653 secum
1497 620 1597 662 ipsam
1619 621 1683 652 disss

215 686 325 713 serere,
349 675 445 717 [190]
465 675 697 716 interrogando,
721 674 953 715 respondendo,
974 674 1156 705 affirmando
1177 679 1272 716 atque
1303 676 1460 717 negando.
1507 674 1680 717 Postquam

217 740 290 761 vero
314 729 436 767 definit,
452 729 598 771 idemque
624 728 688 759 sive
713 728 830 759 tardius
845 739 900 760 seu
915 722 1053 759 velocius
1068 728 1318 759 animadvertens
1333 729 1454 767 asserit,
1467 739 1571 772 neque
1586 723 1684 771 vaga·

218 787 279 821 tur,
294 783 374 815 hanc
390 783 488 825 ipsam
502 781 686 825 opinionem
712 782 868 823 ponimus.
912 781 1122 819 Quamobrem
1150 782 1271 823 opinari
1297 782 1384 824 loqui
1404 782 1542 824 appello,
1559 782 1685 823 opinio·

217 847 353 879 nemque
367 847 552 873 sermonem,
567 847 630 867 non
645 837 686 867 ad
703 835 796 866 aiium
809 846 911 877 neque
925 846 1014 878 voce,
1029 836 1084 867 sed
1101 835 1226 867 silentio
1241 841 1274 867 et
1289 836 1329 867 ad
1351 836 1501 877 seipsum.
1545 836 1595 867 Tu
1611 846 1684 867 vero

217 891 295 933 quid
311 891 428 923 sentis?
472 890 559 922 THE.
581 889 684 922 Idem.
728 890 784 921 So.
807 890 946 926 Quando
970 889 1067 931 igitur
1094 890 1207 931 aliquis
1232 889 1362 921 alterum
1378 890 1525 932 opinatur
1540 889 1685 927 alterum,

217 950 306 982 tunc,
333 949 369 976 ut
387 943 520 981 videtur,
545 943 583 974 ad
606 944 744 985 seipsum
769 943 857 980 dicit,
883 943 1014 975 alterum
1041 953 1109 974 esse
1138 944 1280 976 alterum.
1324 943 1411 976 Tne.
1437 943 1557 981 Quidni
1571 944 1583 974 ?
1628 943 1688 975 So.

218 998 412 1036 Recordare,
426 998 567 1039 obsecro,
580 997 607 1028 si
631 997 760 1038 quando
779 1001 882 1027 tecum
906 996 974 1038 ipse
996 995 1111 1027 dixeris
1139 996 1303 1037 pulchrum
1320 996 1448 1028 omnino
1463 1001 1555 1038 turpe
1570 996 1618 1028 vel
1635 997 1686 1027 in-

215 1051 338 1094 justum
360 1062 427 1084 esse
446 1050 588 1093 justum:
612 1050 706 1081 immo
733 1059 883 1080 summam
909 1049 1048 1080 omnium
1070 1050 1115 1080 ita
1139 1049 1315 1083 considera.
1338 1050 1483 1092 nunquid
1499 1049 1686 1092 persuadere

219 1106 279 1137 tibi
294 1106 483 1148 quandoque
506 1103 685 1141 tentaveris,
701 1103 786 1145 quod
814 1103 947 1135 maxime
972 1102 1111 1135 omnium
1138 1103 1268 1135 alterum
1291 1104 1331 1136 sit
1354 1103 1496 1141 alterum,
1513 1113 1552 1134 an
1577 1108 1687 1135 contra

220 1160 330 1192 necin
354 1159 481 1191 somniis
505 1169 642 1200 unquam
666 1169 758 1189 ausus
784 1157 879 1189 fueris
905 1163 1008 1189 tecum
1034 1157 1150 1195 dicere,
1173 1156 1258 1200 quod
1278 1158 1366 1200 paria
1390 1157 1521 1200 imparia
1543 1157 1618 1195 sint,
1635 1157 1685 1188 vel

220 1213 306 1246 aliud
322 1213 470 1255 quiddam
483 1212 675 1255 hujusmodi.
719 1212 769 1243 Tu
776 1223 806 1244 ε.
829 1211 1000 1254 Nunquam
1013 1218 1107 1244 certe.
1151 1213 1207 1245 So.
1231 1212 1385 1254 Nunquid
1399 1213 1494 1244 alium
1505 1212 1686 1254 quempiam

222 1267 288 1299 sive
300 1268 484 1310 prudentem
499 1258 564 1298 sibe
579 1267 721 1297 insanum
746 1277 891 1298 ausurum
914 1266 1072 1299 existimas
1096 1277 1200 1299 secum
1229 1267 1389 1309 loquendo
1405 1278 1442 1299 ex
1459 1267 1611 1299 industria
1627 1265 1688 1297 sibi

222 1321 425 1362 persuadere,
449 1321 560 1352 bovem
586 1320 759 1351 necessario
787 1331 903 1363 equum
918 1321 966 1352 vel
994 1321 1058 1352 duo
1083 1331 1181 1352 unum
1204 1331 1272 1352 esse
1287 1322 1298 1352 ?
1343 1321 1433 1354 Tun.
1458 1321 1605 1358 Minime,
1631 1329 1688 1362 per

219 1375 346 1409 Jovem.
389 1375 447 1407 So.
469 1374 504 1406 Si
528 1385 632 1406 secum
648 1374 734 1416 loqui
750 1374 872 1416 opinari
887 1379 945 1413 est,
961 1385 1054 1406 nemo
1069 1375 1145 1406 dum
1160 1379 1293 1417 utraque
1307 1375 1400 1413 dicit,
1414 1374 1688 1417 opinatur,·attin-

220 1428 328 1472 gitque
337 1429 454 1466 animo,
469 1428 620 1470 proferret
632 1437 770 1469 unquam
794 1427 1037 1471 opinareturque
1052 1429 1182 1461 aiterum
1195 1439 1262 1461 esse
1278 1429 1421 1461 aiterum.
1466 1429 1646 1466 Mittamus,
1663 1426 1690 1458 si

220 1482 338 1524 piacet,
353 1483 480 1514 verbum
489 1482 550 1513 hoc
564 1481 718 1514 Alterum.
742 1483 801 1514 hoc
817 1487 922 1514 autem
937 1488 985 1515 est
999 1484 1084 1525 quod
1100 1484 1185 1521 volo,
1202 1483 1371 1515 Neminem
1386 1482 1507 1526 opinari
1519 1488 1609 1524 turpe
1620 1492 1688 1513 esse

221 1536 397 1578 pulchrum,
413 1541 467 1567 aut
481 1536 566 1567 aliud
581 1536 749 1578 quicquam
764 1536 906 1578 ejusdem
921 1537 1056 1579 generis.
1098 1537 1184 1569 Tun.
1207 1538 1306 1569 Mitto
1326 1538 1485 1580 equidem,
1499 1548 1518 1568 0
1533 1536 1690 1573 Socrates,

221 1590 361 1632 mihique
375 1591 460 1632 quod
477 1589 533 1631 ais,
548 1591 716 1621 admodum
730 1590 845 1632 placet.
890 1591 946 1624 So.
970 1591 1075 1629 Quare
1092 1591 1156 1623 fieri
1172 1592 1295 1634 nequit,
1310 1591 1409 1634 utqui
1425 1591 1571 1633 opinatur
1582 1590 1688 1628 ambo,

222 1643 353 1676 alterum
368 1654 435 1676 esse
451 1644 580 1676 alterum
595 1644 752 1686 opinetur.
795 1644 884 1678 Tun.
910 1645 1013 1676 Patet.
1057 1646 1112 1679 So.
1137 1645 1182 1677 At
1194 1655 1297 1687 neque
1312 1646 1349 1686 is,
1361 1645 1416 1688 qui
1432 1646 1562 1677 alterum
1577 1645 1689 1686 opina-

222 1702 273 1728 tur
286 1697 426 1739 quidem,
442 1698 571 1730 aiterum
587 1698 727 1736 minime,
742 1709 880 1741 unquam
897 1699 1026 1731 aiterum
1042 1710 1109 1731 esse
1119 1700 1249 1731 alterum
1262 1700 1453 1742 opinabitur.
1496 1699 1584 1730 Tua.
1606 1699 1691 1731 Vera

222 1761 348 1784 narras:
371 1762 443 1782 nam
459 1757 621 1794 cogeretur
635 1753 727 1784 etiam
745 1754 830 1794 quod
847 1764 910 1784 non
938 1754 1085 1795 opinatur
1108 1754 1272 1795 attingere.
1317 1755 1372 1786 So.
1397 1754 1510 1796 Neque
1525 1754 1620 1796 igitur
1633 1753 1689 1794 qui

221 1805 313 1837 ambo
327 1816 430 1847 neque
446 1805 502 1847 qui
517 1806 646 1837 alterum
674 1806 835 1848 opinatur,
850 1806 952 1838 aliena
978 1807 1100 1850 opinari
1127 1811 1244 1849 potest.
1291 1809 1494 1850 Quapropter
1509 1807 1564 1850 qui
1577 1807 1687 1838 falsam

222 1859 405 1902 opinionem
421 1859 532 1891 Aliena
549 1860 669 1902 opinari
685 1860 805 1898 definit,
821 1861 897 1892 nihil
922 1861 1027 1893 efficit·
1072 1862 1167 1893 Unde
1192 1872 1296 1904 neque
1318 1863 1379 1895 hoc
1403 1863 1497 1894 modo
1523 1872 1626 1904 neque
1641 1872 1690 1892 se·

223 1914 362 1946 cundum
378 1914 534 1955 superiora
550 1914 730 1956 opinionem
746 1915 854 1946 falsam
870 1915 960 1947 nobis
983 1915 1086 1948 inesse
1109 1921 1245 1948 constat.
1289 1917 1377 1950 Tun.
1401 1916 1489 1954 Non,
1506 1921 1541 1947 ut
1555 1915 1690 1947 videtur.

223 1967 283 2000 So.
306 1967 541 2004 Verumtamen,
557 1979 575 1999 ο
590 1968 764 2006 Theaetete,
780 1970 805 2000 si
820 1970 880 2002 hoc
895 1980 959 2001 non
983 1980 1052 2001 esse
1062 1972 1067 1973 ⁷
1077 1971 1268 2012 apparuerit,
1284 1971 1383 2002 multa
1397 1975 1430 2002 et
1444 1970 1578 2002 absurda
1591 1969 1690 2001 confi-

225 2021 284 2053 teri
297 2032 455 2063 cogemur.
499 2021 585 2054 Tne.
609 2022 787 2060 Quaenam?
831 2024 888 2055 So.
911 2023 987 2054 Non
1014 2023 1099 2066 prius
1124 2024 1182 2055 tibi
1208 2024 1322 2062 dicam,
1337 2034 1431 2066 quam
1446 2023 1574 2055 omnino
1589 2022 1692 2054 consi-

222 2076 332 2108 derare
347 2076 550 2122 contendero.
572 2076 784 2108 erubescerem
802 2087 937 2120 namque
950 2077 1047 2109 nostri
1077 2077 1185 2119 gratia,
1202 2078 1236 2109 in
1262 2077 1300 2108 iis
1322 2088 1392 2120 quae
1417 2078 1607 2114 dubitamus,
1621 2086 1692 2108 cum

224 2130 367 2162 confiteri
383 2140 454 2172 quae
469 2130 553 2168 dico,
564 2141 757 2172 cogeremur.
780 2132 835 2163 sed
849 2131 875 2162 si
899 2130 997 2173 [191]
1020 2131 1069 2161 his
1083 2131 1220 2163 inventis
1235 2132 1323 2163 liberi
1339 2132 1538 2169 evaserimus,
1551 2135 1617 2162 tum
1633 2130 1689 2161 de-

226 2195 312 2215 mum
327 2184 367 2215 de
382 2183 450 2215 aliis
477 2184 639 2226 loquemur
665 2184 740 2216 talia
767 2185 971 2226 patientibus,
987 2190 1098 2226 utpote
1114 2186 1178 2226 ipsi
1199 2186 1238 2217 ab
1254 2184 1435 2226 hujusmodi
1449 2195 1549 2217 errore
1564 2184 1691 2225 penitus

225 2237 334 2270 alieni.
357 2238 403 2268 sin
424 2243 528 2269 autem
552 2238 678 2269 omnino
704 2238 898 2276 deficiemus,
915 2239 1048 2270 humiles
1073 2239 1162 2278 sacti,
1177 2239 1276 2270 veluti
1291 2238 1480 2271 fluctuantes
1493 2243 1527 2270 et
1541 2240 1688 2269 nauseam

226 2291 395 2334 patientes,
411 2292 525 2323 rationi
552 2292 660 2334 utique
687 2293 902 2333 permittemus
917 2292 966 2324 vei
992 2292 1112 2324 calcare
1129 2293 1177 2324 vei
1202 2303 1292 2335 agere
1315 2303 1378 2334 qua
1393 2292 1479 2324 velit.
1525 2291 1639 2332 Itaque
1665 2291 1689 2322 si

226 2345 303 2387 quid
320 2345 421 2377 lucror
445 2346 674 2387 investigando,
695 2346 761 2388 jam
790 2347 876 2380 audi.
920 2346 1007 2380 Tne.
1032 2346 1096 2378 Dic
1120 2347 1224 2378 modo.
1268 2345 1326 2379 So.
1351 2346 1445 2378 Haud
1468 2346 1591 2377 fatebor
1606 2350 1691 2377 recte

228 2409 287 2430 nos
302 2399 508 2436 consensisse,
524 2400 651 2441 quando
675 2400 898 2438 concessimus,
922 2410 993 2442 quae
1018 2401 1089 2443 quis
1114 2401 1216 2438 novit,
1231 2400 1352 2442 opinari
1377 2411 1440 2431 non
1463 2411 1556 2442 posse
1570 2410 1607 2431 ea
1623 2405 1691 2431 'esse

228 2462 302 2495 quae
315 2463 378 2483 non
402 2454 499 2491 novit,
515 2459 611 2495 atque
635 2454 774 2486 mentiri.
797 2454 893 2486 immo
920 2454 986 2486 fieri
1008 2454 1242 2496 quodammodo
1267 2459 1382 2496 potest.
1426 2454 1515 2486 Tm..
1535 2453 1693 2495 Nunquid

228 2506 287 2543 ais,
303 2506 387 2547 quod
401 2511 434 2537 et
447 2517 507 2548 ego
521 2511 596 2539 tunc
612 2506 788 2549 suspicatus
804 2519 884 2545 sum,
900 2508 1029 2550 quando
1054 2508 1087 2539 id
1111 2508 1174 2539 tale
1201 2518 1268 2539 esse
1282 2509 1429 2551 diximus,
1443 2508 1528 2551 quod
1546 2517 1692 2539 nonnun-

229 2569 324 2601 quam
339 2570 398 2601 ego
412 2560 571 2591 Socratem
583 2571 729 2602 noscens,
751 2561 934 2604 eminusque
951 2562 1046 2594 alium
1063 2562 1203 2604 ignotum
1219 2562 1295 2593 mihi
1310 2562 1516 2605 prospiciens,
1531 2562 1690 2594 Socratem

231 2612 307 2643 mihi
320 2617 429 2643 notum
444 2623 510 2645 esse
533 2614 688 2655 putarim?
712 2615 868 2657 contingit
893 2616 977 2647 enim
999 2616 1031 2647 in
1055 2617 1115 2647 hoc
1137 2616 1222 2657 quod
1245 2616 1337 2648 dicis.
1381 2617 1437 2648 So.
1459 2615 1576 2647 Nonne
1599 2616 1638 2647 ab
1653 2626 1692 2647 eo

225 2666 293 2708 jam
309 2666 433 2708 depulsi
451 2677 570 2704 sumus,
585 2668 670 2709 quod
690 2668 856 2706 efficiebat,
872 2675 908 2701 ut
933 2680 1003 2712 quae
1030 2669 1199 2706 noscimus,
1215 2676 1442 2712 cognoscentes
1465 2669 1593 2701 minime
1617 2679 1690 2700 nos-

229 2720 393 2753 ceremus?
437 2720 523 2752 Tur-2.
547 2721 686 2754 Prorsus,
730 2723 788 2755 So.
809 2724 861 2755 Ne
873 2723 967 2766 igitur
983 2724 1028 2756 sic
1039 2724 1186 2766 amptius,
1200 2724 1254 2755 sed
1270 2725 1330 2756 isto
1346 2725 1440 2756 modo
1456 2734 1627 2766 ponamus:
1652 2733 1690 2754 ac

228 2776 310 2807 forte
324 2775 477 2816 quispiam
493 2774 583 2805 nobis
597 2775 794 2813 assentietur,
808 2777 888 2808 forte
903 2777 996 2808 etiam
1010 2777 1235 2809 adversabitur.
1257 2788 1363 2810 verum
1379 2779 1418 2809 ad
1433 2778 1466 2810 id
1482 2778 1694 2818 attendamus,

229 2829 262 2860 in
274 2839 338 2870 quo
353 2828 560 2860 necessarium
576 2833 624 2860 est
639 2839 812 2862 sermonem
829 2830 917 2862 inum
933 2832 1039 2862 omnia
1054 2836 1287 2863 convertentem
1303 2833 1489 2865 examinare.
1534 2831 1618 2863 Vide
1631 2831 1692 2862 ita-

229 2893 304 2926 que,
319 2892 360 2914 an
376 2882 494 2924 aliquid
511 2883 626 2915 dicam.
671 2883 822 2916 Potestne
833 2885 975 2927 quiante
991 2885 1108 2927 aiiquid
1125 2885 1292 2927 ignoravit,
1307 2891 1416 2928 postea
1431 2885 1571 2917 discere?
1604 2884 1692 2916 Tna-

229 2935 341 2967 Potest
361 2941 457 2969 certe.
501 2936 557 2972 sn.
580 2936 696 2969 Nonne
712 2937 797 2969 aliud
813 2939 963 2981 deinceps
978 2945 1075 2983 atque
1100 2940 1208 2971 aliud?
1251 2940 1338 2972 Tne.
1360 2940 1448 2977 Quid
1463 2938 1587 2970 obstat?
1633 2938 1691 2970 So.

228 2988 330 3030 Pone,
342 2990 476 3034 exempli
491 3001 599 3031 causa,
615 3002 735 3024 ceream
753 3003 845 3025 unam
860 2991 892 3026 in
908 2994 1019 3027 animis
1044 2994 1156 3027 uostris
1178 2994 1322 3037 effigiem,
1339 2995 1370 3026 in
1385 2994 1445 3026 hoc
1462 2992 1620 3034 majorem,
1637 2991 1693 3022 mi·
