1846 3268
196 251 292 302 271]
786 248 1082 289 POLITICUS.
1313 277 1316 280 .
1583 250 1660 292 375

198 359 347 386 movetur.
369 358 559 396 quapropter
573 352 735 384 circuitum
749 357 796 384 est
811 353 976 395 adeptum,
998 353 1031 384 in
1047 363 1116 395 quo
1128 348 1254 384 minima
1268 351 1446 394 agitationis
1461 363 1524 384 sum
1541 350 1575 385 fit
1590 350 1660 396 per'-

198 407 341 440 mutatio.
385 408 426 439 Se
449 407 551 449 ipsum
571 412 674 438 autem
703 412 883 438 convertere
910 417 1034 450 semper
1047 408 1143 438 ferme
1159 407 1238 438 nihil
1255 411 1369 448 potest,
1386 411 1498 448 praeter
1512 406 1557 444 id,
1571 408 1656 449 quod

198 472 298 492 rursus
313 461 436 503 agitatis
451 460 594 492 omnibus
620 464 759 500 praestat.
805 460 937 492 Movere
963 466 1066 492 autern
1083 461 1114 492 id
1131 460 1207 492 alias
1221 460 1311 492 aliter
1325 470 1489 501 rursusque
1504 461 1659 492 contrario

199 516 292 546 modo
306 515 394 546 nefas
408 520 466 547 est.
510 514 558 545 Ex
574 513 621 545 his
636 514 781 545 omnibus
796 514 963 546 dicendum
990 519 1048 552 est,
1065 515 1216 546 mundum
1237 525 1340 556 neque
1363 525 1396 546 se
1411 515 1513 556 ipsum
1529 525 1659 546 conver-

200 573 263 600 tere
279 579 410 610 semper,
424 579 528 610 neque
544 573 642 599 toturn
659 579 782 610 semper
796 569 920 610 gemino
937 569 1155 610 contrarioque
1177 569 1307 600 circuitu
1324 570 1364 600 ab
1380 569 1448 611 ipso
1464 567 1537 599 Deo
1553 569 1662 600 reflec-

199 622 244 653 ti:
267 633 369 664 neque
384 633 486 654 rursus
501 622 580 654 duos
595 623 671 654 deos
695 622 793 665 [270]
814 623 976 654 contrariis
991 622 1155 654 sententiis
1167 623 1270 664 ipsum
1280 627 1410 654 vertere.
1455 621 1563 654 Solum
1577 633 1661 660 vero,

201 676 285 717 quod
301 686 400 718 nuper
415 676 561 718 diximus,
577 682 683 714 restat,
696 677 772 708 alias
800 677 840 708 ab
865 676 927 708 alia
953 677 1090 719 quadam
1106 676 1226 714 divina,
1241 676 1272 707 vi
1288 676 1375 714 duci,
1391 676 1549 719 vitamque
1563 687 1666 708 rursus

198 729 386 762 extrinsecus
397 730 574 762 venientem
589 736 622 762 et
636 730 897 763 immortalitatem
913 731 952 762 ab
967 730 1081 773 opifice
1096 741 1152 761 suo
1168 734 1370 772 praeparatam
1388 730 1564 772 suscipere:
1588 730 1667 762 alias

201 784 456 825 autem,quando
478 784 623 816 dimissus
645 785 784 822 recurrit,
802 795 857 827 per
879 795 912 816 se
934 785 1037 826 ipsum
1063 795 1206 816 currere:
1229 784 1285 815 tali
1308 794 1366 826 pro
1381 790 1521 826 tempore
1537 784 1662 816 missum

201 839 280 869 adeo
295 842 331 868 ut
345 838 540 879 retrogradus
556 838 653 869 multa
668 838 895 870 revolutionum
913 838 1010 870 millia
1026 843 1167 881 peragat,
1180 838 1254 880 quia
1276 844 1310 870 et
1331 838 1482 870 maximus
1497 843 1545 869 cst
1559 843 1591 870 et
1607 849 1665 869 un-

202 892 298 933 dique
315 891 438 933 penitus
465 891 633 934 aequilibris
658 898 690 923 et
716 892 845 924 minimo
871 892 1008 934 quodam
1035 891 1162 923 cardine
1185 892 1352 924 revolutus.
1398 892 1455 925 So,
1477 891 1665 923 Verisimilia

201 945 293 976 valde
306 945 366 976 ista
380 945 535 979 videntur.
580 946 687 978 Hosn.
709 945 755 977 Ex
771 946 831 984 his,
847 957 918 988 quae
934 946 1021 978 dicta
1035 951 1119 984 sunt,
1135 945 1357 978 ratiocinantes
1380 946 1555 987 passionem
1578 945 1664 978 illam

201 999 444 1041 consideremus,
458 1010 551 1041 quam
568 1000 705 1031 omnium
721 1011 788 1031 esse
815 1000 948 1031 diximus
973 1000 1158 1032 mirabilium
1180 1011 1316 1033 causam.
1361 999 1419 1031 Est
1436 1005 1540 1031 autern
1555 999 1664 1041 hujus-

205 1053 288 1084 modi
304 1053 458 1095 quaedam.
502 1054 558 1085 So.
582 1054 716 1092 Qualis?
762 1054 871 1087 Hosr.
896 1054 992 1091 Quod
1006 1053 1102 1085 totius
1116 1054 1225 1085 mundi
1237 1054 1378 1086 machina
1390 1059 1455 1085 tum
1467 1054 1512 1085 ita
1520 1059 1556 1084 ut
1571 1063 1668 1094 nunc,

206 1113 270 1137 tum
291 1112 410 1144 contra,
435 1107 614 1140 revolvitur.
659 1107 714 1139 So.
737 1108 811 1145 Quo
839 1108 956 1150 pacto?
1001 1107 1110 1140 Hosr.
1133 1108 1346 1140 Mutationem
1375 1109 1456 1140 hauc
1486 1108 1662 1139 existimare

205 1166 330 1202 oportet
343 1161 480 1192 omnium
496 1161 667 1193 coelcstium
683 1162 923 1194 alternationum
939 1162 1100 1193 maximam
1117 1167 1347 1204 extremamque
1363 1173 1442 1194 esse.
1486 1162 1542 1194 So.
1565 1161 1668 1193 Vide·

205 1220 266 1247 tur.
310 1215 418 1247 Hom».
441 1216 651 1254 Quamobrem
667 1221 911 1248 consentaneum
924 1221 985 1256 est,
997 1222 1072 1248 tunc
1089 1216 1237 1247 maximas
1252 1215 1335 1247 circa
1350 1226 1407 1247 nos
1422 1216 1502 1247 intra
1517 1216 1667 1247 mundum
1680 1224 1682 1226 ’

207 1269 349 1300 viventes
365 1270 553 1301 mutationes
568 1270 645 1302 fieri.
689 1271 743 1303 So.
768 1270 946 1302 Verisimile
962 1270 994 1301 id
1016 1281 1155 1312 quoquc.
1201 1270 1305 1302 Hos1».
1330 1269 1447 1312 Neque
1463 1280 1535 1301 vero
1549 1280 1605 1300 nos
1621 1269 1666 1300 la-

207 1327 263 1359 tet,
277 1333 370 1364 quarn
394 1334 474 1365 aegre
495 1329 527 1355 ct
547 1324 674 1356 difficile
691 1325 801 1355 toleret
814 1324 1019 1355 animantium
1035 1330 1144 1355 natura
1158 1334 1296 1366 magnas,
1313 1324 1425 1354 multas
1439 1330 1472 1355 et
1486 1324 1668 1365 omnigenas

207 1378 406 1417 mutationes.
451 1378 509 1410 So.
533 1377 676 1410 Constat.
722 1378 830 1410 HosP.
854 1377 936 1419 Ergo
953 1378 1100 1409 animalia
1115 1378 1213 1409 multa
1236 1382 1312 1409 tunc
1328 1378 1496 1415 intereunt,
1512 1378 1669 1409 homines-

207 1441 267 1472 que
283 1436 450 1473 supersunt
464 1433 625 1473 perpauci.
671 1431 717 1463 Hi
734 1443 804 1463 vero
829 1431 934 1463 multis
955 1431 1106 1474 novisque
1129 1436 1163 1463 et
1178 1432 1367 1463 mirabilibus
1381 1432 1576 1473 passionibus
1593 1437 1671 1463 tuno·

206 1484 392 1518 afficiuntur.
436 1485 475 1517 Id
491 1491 594 1517 autem
610 1486 764 1528 contingit
779 1487 918 1518 omnium
933 1486 1111 1524 maximum,
1127 1486 1327 1529 sequiturque
1338 1487 1489 1518 continuo
1502 1486 1670 1518 revolutio-

205 1549 276 1569 nem
302 1538 398 1581 illam,
413 1550 475 1581 qua
500 1540 612 1572 coelum
638 1545 745 1573 contra
771 1551 864 1582 quam
890 1551 974 1573 nunc
1000 1540 1179 1573 reflectitur.
1237 1541 1294 1572 So.
1317 1541 1476 1578 Quidnam
1489 1542 1500 1572 ?
1561 1541 1669 1574 Hosx’.

207 1593 368 1636 Principio
392 1594 426 1625 in
448 1604 636 1636 quacunque
659 1599 751 1626 aetate
773 1595 908 1636 quodvis
924 1595 1038 1626 animal
1055 1600 1102 1626 cst
1117 1595 1334 1632 constitutum,
1348 1595 1380 1626 in
1396 1595 1504 1626 eadem
1525 1595 1671 1637 progredi

207 1653 320 1685 cessat,
336 1658 438 1690 neque
455 1648 491 1679 fit
505 1649 610 1679 senius
623 1649 704 1680 ultra
719 1649 895 1680 mortalium
911 1649 1039 1691 aliquod
1054 1661 1061 1680 ς
1086 1649 1140 1680 sed
1157 1649 1189 1679 in
1205 1649 1333 1690 figuram
1349 1648 1459 1680 transit
1473 1649 1671 1687 contrariam,

204 1701 425 1744 junioremque
452 1707 485 1734 et
510 1702 680 1734 molliorem
696 1703 837 1734 habitum
853 1703 956 1734 induit
969 1714 979 1743 ;
1002 1702 1223 1744 seniorumque
1240 1702 1311 1734 cani
1333 1702 1440 1745 capilli
1468 1703 1672 1744 nigrescunt;

209 1761 240 1786 et
255 1756 368 1797 quibus
383 1766 472 1798 genae
484 1757 619 1788 barbatae
633 1757 718 1799 prius
731 1762 829 1795 erant,
838 1757 906 1799 jam
927 1757 1022 1788 barba
1043 1757 1189 1798 deposita
1209 1757 1243 1788 in
1266 1756 1400 1798 priorem
1423 1756 1560 1798 speciem
1583 1757 1670 1788 resti-

209 1815 348 1842 tuuntur.
395 1811 637 1843 Pubescentium
653 1821 778 1853 quoque
794 1821 925 1852 corpora
941 1810 1015 1852 pilis
1031 1810 1142 1852 positis
1157 1810 1354 1847 mollescunt,
1369 1810 1548 1852 sensimque
1563 1811 1670 1852 singu-

210 1864 246 1894 lis
258 1864 368 1896 dicbus
380 1870 412 1895 et
427 1865 571 1897 noctibus
584 1865 797 1897 decrescentia
812 1866 844 1896 in
861 1864 959 1907 puelli
974 1870 1115 1900 naturam
1129 1865 1262 1896 redeunt
1275 1877 1283 1895 :
1307 1870 1402 1906 atque
1417 1866 1449 1896 in
1466 1865 1513 1896 his
1529 1870 1591 1896 tam
1602 1866 1669 1896 ani-

208 1928 267 1949 ma:
277 1929 369 1960 quarn
380 1929 512 1962 corpora
526 1920 665 1951 habiturn
681 1920 816 1952 subcunt
832 1929 1017 1961 puerorum:
1035 1919 1162 1950 demum
1173 1919 1366 1951 tabescentia
1376 1919 1528 1951 deficiunt
1542 1925 1575 1951 et
1590 1919 1672 1951 inte-

209 1978 309 2004 reunt.
336 1972 497 2005 Cadavera
506 1978 654 2016 praeterea
666 1973 802 2011 illorum,
811 1974 864 2016 qui
875 1973 1009 2006 coelestis
1019 1973 1193 2005 mutatione
1202 1972 1361 2015 vertiginis
1369 1973 1471 2005 subito
1480 1979 1671 2012 corruerunt,

209 2026 290 2057 idem
304 2027 477 2070 patiuntur,
490 2031 522 2059 et
532 2028 624 2059 simili
642 2028 881 2070 retrogresslone
900 2028 979 2067 clam
998 2038 1034 2060 ac
1053 2028 1150 2070 [271]
1170 2027 1254 2059 brevi
1273 2033 1465 2069 putrescunt.
1510 2028 1566 2060 So.
1592 2029 1673 2066 Quae

210 2086 284 2113 tunc
300 2086 376 2123 erat,
387 2081 524 2124 Hospes,
540 2082 721 2115 animalium
740 2083 921 2125 generatio?
944 2093 1047 2124 quove
1063 2083 1157 2114 modo
1171 2092 1209 2113 ex
1225 2093 1257 2113 se
1274 2082 1406 2113 invicem
1419 2085 1646 2123 generabantur
1661 2084 1673 2114 ?

210 2134 318 2167 Hosr.
342 2135 487 2173 Constat,
503 2147 522 2167 o
547 2137 702 2175 Socrates,
717 2137 778 2169 illis
802 2137 995 2179 temporibus
1017 2136 1150 2168 invicem
1174 2147 1272 2177 genus
1288 2146 1377 2167 suum
1393 2146 1456 2166 non
1472 2146 1672 2178 propagasse.

210 2189 306 2227 Quod
323 2196 426 2221 autem
442 2190 556 2222 dicitur
571 2191 761 2232 quandoque
778 2202 876 2232 genus
891 2196 991 2222 ortum
1005 2201 1041 2221 ex
1067 2195 1144 2222 terra
1161 2190 1267 2226 fuisse,
1284 2190 1343 2220 hoc
1359 2199 1397 2220 ea
1411 2194 1596 2231 tempestate
1611 2191 1672 2222 fuit

210 2253 312 2274 rursus
327 2255 364 2274 ex
380 2248 458 2275 terra
473 2254 669 2276 conversum.
713 2245 924 2276 Tradiderunt
937 2245 1006 2276 haec
1022 2245 1112 2276 nobis
1127 2244 1217 2286 primi
1232 2243 1278 2275 illi
1301 2242 1527 2286 progenitore3‚
1541 2245 1594 2286 qui
1610 2250 1673 2282 sta-

211 2297 265 2328 tim
285 2302 356 2339 post
369 2298 496 2340 primam
511 2298 735 2330 revolutionem
752 2299 810 2330 orti
825 2304 908 2330 sunt.
931 2299 963 2329 hi
978 2309 1052 2330 sane
1068 2299 1176 2335 horum
1193 2303 1287 2329 testes
1300 2309 1475 2330 sermonum
1498 2299 1672 2340 proecones-

211 2362 273 2393 que
295 2352 432 2389 fuerunt,
447 2352 501 2394 qui
524 2352 651 2383 minime
667 2352 760 2394 vulgo
783 2353 963 2391 creduntur,
979 2363 1050 2384 cum
1075 2358 1177 2384 tamen
1199 2353 1348 2384 credendi
1370 2353 1446 2386 sint.
1490 2354 1586 2391 Quod
1603 2364 1673 2385 vero

211 2405 284 2437 hinc
299 2405 452 2447 sequitur,
466 2405 776 2438 animadvertendum
793 2407 931 2438 arbitror.
954 2407 1026 2439 huic
1041 2407 1123 2438 enim
1139 2407 1224 2448 quod
1240 2407 1365 2444 dicitur,
1380 2418 1469 2439 senes
1485 2407 1517 2438 in
1532 2413 1672 2439 naturam

211 2460 332 2501 regredi
347 2470 523 2501 puerorum,
538 2471 710 2492 consonum
726 2467 785 2498 est,
801 2473 838 2493 ex
855 2462 995 2499 mortuis,
1011 2467 1152 2503 terraque
1167 2461 1349 2502 reconditis,
1363 2461 1475 2493 iterum
1490 2461 1535 2493 ibi
1551 2461 1673 2493 restitu-

213 2521 262 2544 tos
275 2514 558 2557 reviviscentesque
575 2516 663 2557 sequi
678 2516 875 2558 vertiginem,
891 2515 1092 2558 generatione
1105 2516 1135 2546 in
1148 2515 1335 2547 contrarium
1351 2516 1512 2547 revoluta:
1537 2526 1574 2547 ac
1590 2516 1674 2547 terri-

213 2578 309 2608 genas
324 2569 382 2600 hac
398 2569 518 2600 ratione
531 2570 704 2601 necessario
721 2575 930 2611 renascentes,
946 2570 990 2601 sic
1005 2570 1130 2601 nomine
1142 2574 1174 2600 et
1186 2579 1326 2600 sermone
1342 2570 1456 2607 vocari,
1471 2574 1674 2611 quotcunque

212 2622 303 2653 Deus
318 2622 453 2664 ipsorum
466 2623 498 2654 in
513 2623 604 2655 aliam
621 2627 733 2655 sortem
750 2635 813 2655 non
829 2624 987 2655 transtulit
1003 2624 1049 2655 vel
1067 2623 1238 2655 exornavit.
1275 2623 1331 2655 So.
1354 2622 1426 2655 Hoc
1441 2624 1581 2665 profecto
1592 2635 1610 2655 e
1621 2634 1674 2655 su-

212 2676 384 2718 perioribus
397 2677 547 2719 sequitur.
593 2678 708 2710 Verum
722 2679 797 2716 vita,
812 2689 906 2721 quam
923 2679 979 2710 sub
993 2678 1118 2710 Saturni
1129 2688 1224 2719 regno
1239 2688 1307 2709 csse
1322 2677 1414 2718 dicis,
1431 2683 1529 2709 utrum
1543 2679 1600 2709 sub
1614 2677 1676 2709 illis

215 2729 286 2761 coeli
301 2731 566 2772 conversionibus,
581 2742 620 2763 an
635 2733 692 2763 sub
707 2731 755 2764 his
770 2733 888 2764 exstitit
905 2733 917 2763 ?
961 2731 1173 2764 Mutationem
1192 2732 1312 2774 quippe
1335 2732 1410 2763 solis
1425 2732 1674 2774 reliquarumque

214 2784 369 2815 stellarum
383 2785 417 2816 in
434 2785 571 2827 utrisque
585 2785 799 2818 volutionibus
813 2786 993 2828 contingere
1003 2791 1119 2819 certum
1130 2791 1188 2817 est.
1233 2785 1339 2817 Hosr’.
1362 2785 1492 2827 Optime
1505 2795 1676 2816 sermonem

215 2842 340 2869 secutus
353 2849 399 2870 es.
445 2839 540 2877 Quod
557 2844 660 2871 autem
683 2840 853 2881 quaerebas,
869 2845 980 2882 sponte
1002 2839 1106 2871 omnia
1129 2838 1306 2871 hominibus
1329 2838 1426 2879 nasci,
1439 2839 1584 2881 praesenti
1597 2849 1675 2869 con-

217 2891 349 2923 versioni
365 2892 490 2924 minime
504 2893 670 2935 competit,
683 2894 737 2926 sed
754 2894 902 2936 superiori
928 2894 1032 2935 potius
1057 2893 1266 2936 competebat.
1310 2893 1398 2924 Tunc
1415 2902 1488 2923 sane
1505 2891 1600 2922 totius
1615 2891 1676 2922 cir-

217 2944 319 2976 cuitus
335 2947 479 2990 princeps
493 2953 677 2990 curatorque
695 2948 826 2990 primum
843 2948 931 2980 Deus
946 2948 1082 2981 exstitit:
1113 2954 1147 2980 ut
1160 2958 1243 2980 nunc
1260 2957 1314 2990 per
1330 2946 1427 2978 varias
1444 2945 1550 2978 mundi
1569 2945 1675 2988 plagas
