1846 3268
248 252 305 290 74
852 250 1118 292 PLATONIS
1621 253 1692 307 [ιε

255 359 360 386 autem
378 354 485 396 paucis
499 354 776 396 comprehendam,
798 355 920 396 quoties
943 355 1012 397 quis
1034 354 1154 397 aliquid
1177 353 1311 397 alicujus
1333 354 1432 399 gratia
1453 355 1578 398 quierit,
1599 355 1640 389 de
1661 356 1718 388 illo

255 407 328 449 ipso
344 408 534 440 consultatio
551 413 609 450 est,
625 408 715 450 cujus
731 407 829 450 gratia
843 408 927 441 aliud
944 409 1104 450 quaeritur,
1121 419 1184 440 non
1204 410 1245 440 de
1270 420 1307 440 eo
1333 410 1418 451 quod
1432 410 1580 452 quaeritur
1593 409 1720 441 alterius

257 461 370 502 gratia.
413 461 445 492 N
450 472 473 493 r.
496 461 635 493 Necesse
650 467 709 495 est.
754 462 810 494 So.
837 461 970 503 Oportet
988 463 1093 504 itaque
1119 462 1328 494 consultorem
1351 462 1539 501 examinare,
1561 468 1660 494 utrum
1676 462 1718 494 ad

254 514 341 545 illius
352 515 545 546 curationem
560 515 678 556 peritus
693 515 745 555 sit,
774 515 866 557 cujus
883 516 981 557 gratia
994 515 1027 546 in
1042 516 1208 556 praesentia
1223 516 1442 548 deliberamus.
1485 516 1546 549 Nx.
1569 515 1720 547 Omnino.

256 568 312 600 So.
337 567 391 599 An
405 579 469 599 non
486 569 605 600 dictum
621 573 679 610 est,
693 569 734 600 de
755 568 923 610 disciplina
942 569 1091 610 perquiri,
1115 569 1347 600 adolescentum
1374 569 1470 600 animi
1492 570 1612 611 gratia?
1658 569 1718 600 Nx.

255 621 400 653 Dictum.
443 623 500 653 So.
522 622 619 664 Ergo,
635 622 659 653 si
675 622 744 664 quis
759 627 897 653 nostrum
914 623 1119 653 curandorum
1135 623 1308 653 animorum
1324 623 1388 654 arte
1404 622 1536 664 polleat,
1551 622 1718 664 valeatque

255 685 310 706 eos
334 675 522 706 sufficienter
545 676 699 716 excolere,
725 681 758 707 et
783 682 991 718 praeceptores
1016 676 1154 707 eruditos
1183 676 1336 713 habuerit,
1366 676 1608 718 inquirendum?
1653 676 1717 709 LA.

255 727 470 771 Nunquamne
487 729 604 767 vidisti,
619 740 638 760 o
654 730 807 767 Socrates,
824 730 892 761 sine
908 728 1152 771 praeceptoribus
1168 730 1290 771 aliquos
1307 730 1339 760 in
1355 740 1386 761 re
1401 730 1536 771 quadarn
1548 730 1719 771 peritiores,

256 791 351 823 quam
365 792 436 814 cum
452 783 694 826 praeceptoribus
709 783 865 814 evasisse?
911 782 967 814 So.
991 782 1067 814 Vidi
1079 782 1237 824 equidem,
1251 783 1371 814 Laches
1384 794 1391 813 z
1416 783 1528 826 quibus
1537 783 1604 824 ipse
1616 787 1721 814 tamen

257 844 323 865 non
335 835 488 876 crederes,
502 835 530 866 si
552 846 584 867 se
608 836 744 877 optimos
767 836 900 867 artifices
922 836 1140 877 praedicarent,
1163 836 1223 867 nisi
1245 847 1325 878 opus
1348 836 1476 879 aliquod
1499 836 1572 868 artis
1593 836 1719 868 illorum

255 892 340 919 recte
356 893 568 919 constructum
592 888 688 931 [186]
711 894 743 920 et
757 899 854 920 unum
878 894 910 920 et
934 889 1023 931 plura
1044 890 1294 921 monstraverint.
1337 889 1398 920 Νι.
1420 889 1538 921 Verum
1558 894 1607 921 est
1632 891 1718 932 quod

256 941 347 974 dicis.
392 942 447 972 So.
469 941 539 973 Nos
553 942 661 984 itaque
676 943 780 982 decet,
795 953 814 973 o
827 943 947 974 Laches
962 947 995 973 et
1008 942 1112 984 Nicia,
1128 947 1292 984 postquam
1315 942 1521 984 Lysimachus
1535 947 1630 985 atque
1644 942 1720 975 Me-

259 994 353 1026 lesias
377 994 416 1025 ad
445 994 687 1026 consultandum
712 996 753 1026 de
778 995 851 1026 filiis
875 1000 1098 1038 convocarunt,
1121 995 1285 1038 cupientes
1306 996 1442 1038 optimos
1462 995 1585 1027 illorum
1599 997 1721 1028 animos

258 1048 350 1086 effici,
362 1048 388 1079 si
401 1054 610 1090 praeceptores
623 1060 681 1080 nos
695 1050 839 1081 habuisse
850 1049 995 1088 fatemur,
1009 1060 1064 1081 eos
1079 1050 1254 1086 ostendere,
1269 1050 1324 1091 qui
1339 1054 1372 1081 et
1385 1049 1446 1091 ipsi
1460 1050 1591 1092 primum
1606 1049 1720 1092 optimi

258 1102 388 1140 fuerint,
404 1107 437 1134 et
452 1102 618 1135 multorum
634 1104 869 1136 adolescentum
886 1103 1005 1135 animos
1020 1103 1222 1142 erudiverint,
1248 1108 1357 1146 postea
1382 1113 1440 1134 nos
1461 1113 1587 1146 quoque
1601 1103 1721 1135 docue-

258 1155 332 1188 rint.
354 1156 403 1187 vel
419 1156 445 1187 si
460 1156 530 1198 quis
544 1162 683 1189 nostrum
701 1162 924 1199 praeceptorem
938 1157 1082 1189 habuisse
1105 1162 1211 1199 neget,
1234 1167 1330 1199 opera
1350 1167 1408 1189 sua
1429 1161 1599 1189 monstrare
1613 1157 1721 1200 debet,

257 1208 292 1240 in
307 1210 510 1252 mediumque
524 1211 645 1248 afferre,
669 1211 796 1253 quinam
820 1211 1079 1252 Atheniensium,
1103 1211 1152 1243 vel
1169 1211 1343 1253 hospitum,
1367 1214 1423 1243 aut
1436 1210 1534 1254 servi,
1549 1215 1606 1242 aut
1620 1211 1721 1250 liberi,

259 1262 425 1304 diligentia
440 1274 496 1295 sua
510 1265 628 1307 absque
643 1265 855 1297 controversia
870 1265 946 1297 boni
968 1265 1130 1298 evaserint.
1154 1260 1157 1264 ’
1176 1265 1231 1296 Sin
1256 1269 1361 1296 autem
1387 1268 1531 1296 neutrum
1556 1266 1722 1297 ostendere

259 1326 435 1358 possumus,
457 1324 493 1349 ut
506 1318 584 1349 alios
599 1319 792 1351 consultores
813 1320 941 1357 adeant,
963 1319 1076 1361 jubere
1099 1319 1261 1356 debemus,
1287 1329 1389 1361 neque
1403 1318 1438 1350 in
1460 1318 1628 1350 amicorum
1647 1318 1722 1351 filiis

258 1371 467 1412 depravandis
489 1371 522 1403 id
538 1373 640 1404 subire
654 1373 800 1414 periculi,
823 1384 886 1416 quo
913 1374 1000 1415 apud
1025 1373 1259 1405 adolescentum
1278 1372 1466 1404 domesticos
1491 1372 1722 1404 accusationem

260 1423 425 1456 maximam
442 1437 624 1458 mereamur.
667 1427 835 1469 Equidem,
850 1439 870 1459 o
885 1427 1074 1470 Lysimache
1089 1433 1184 1469 atque
1200 1427 1347 1464 Melesia,
1362 1427 1403 1458 de
1417 1437 1467 1458 me
1481 1426 1552 1469 ipso
1566 1426 1600 1457 in
1615 1426 1724 1469 primis

259 1488 376 1517 assero,
390 1480 510 1511 nullum
525 1481 584 1513 hac
600 1481 641 1512 de
655 1491 686 1512 re
701 1480 778 1512 mihi
795 1481 974 1523 magistrum
989 1481 1155 1517 exstitisse,
1170 1490 1349 1522 quanquam
1365 1490 1384 1511 a
1398 1485 1505 1511 tenera
1525 1485 1618 1511 astate
1638 1490 1719 1512 sern-

260 1543 317 1574 per
330 1543 393 1564 rem
409 1534 491 1566 hanc
515 1535 671 1566 affectavi.
694 1546 800 1566 verum
824 1542 927 1566 tamen
954 1535 1102 1576 sophistis
1126 1536 1298 1566 mercedem
1321 1534 1439 1565 solvere
1461 1543 1525 1564 non
1539 1533 1643 1575 valeo,
1665 1534 1721 1576 qui

261 1586 319 1617 soli
342 1586 476 1628 polliciti
497 1587 567 1619 sunt
590 1589 705 1620 bonum
729 1599 778 1620 me
801 1594 834 1621 et
857 1589 974 1621 clarum
997 1589 1129 1621 efficere.
1156 1589 1224 1631 ipse
1239 1599 1311 1619 vero
1333 1587 1459 1630 proprio
1482 1587 1610 1630 ingenio
1623 1593 1719 1620 artem

260 1639 343 1671 hanc
357 1640 498 1673 invenire
512 1642 605 1673 etiam
619 1653 705 1674 nunc
721 1643 847 1674 minime
860 1654 997 1686 possum.
1044 1643 1148 1680 Quam
1163 1643 1188 1674 si
1202 1641 1312 1674 Nicias
1326 1642 1378 1673 hic
1392 1642 1441 1673 vel
1456 1641 1576 1674 Laches
1589 1642 1722 1681 invenit,

260 1693 310 1723 vel
325 1693 448 1732 didicit,
463 1696 547 1726 haud
564 1696 709 1738 equidem
725 1697 911 1728 admirabor.
932 1695 1049 1728 etenim
1066 1696 1206 1738 pecuniis
1222 1696 1319 1738 magis
1342 1695 1516 1738 abundant,
1537 1701 1572 1727 ut
1591 1696 1632 1727 ab
1654 1696 1724 1728 aliis

261 1747 380 1779 discere
396 1754 533 1790 queant:
557 1755 590 1780 et
605 1749 740 1781 seniores
756 1756 840 1791 sunt,
853 1754 889 1781 ut
898 1749 966 1791 jam
981 1750 1120 1782 invenire
1137 1750 1308 1792 potuerint.
1352 1749 1511 1781 Videntur
1525 1754 1629 1781 autem
1643 1751 1722 1783 mihi

261 1803 303 1834 ad
317 1803 524 1835 erudiendum
539 1803 691 1835 sufficere.
712 1815 816 1847 neque
831 1804 914 1835 enim
930 1814 1031 1847 usque
1051 1805 1131 1835 adeo
1145 1804 1302 1845 intrepide
1317 1804 1358 1835 de
1373 1803 1484 1834 studiis
1505 1803 1616 1845 juveni
1631 1804 1723 1836 bonis

261 1857 312 1888 vel
328 1857 416 1887 malis
431 1858 624 1896 statuissent,
638 1859 700 1890 nisi
716 1864 879 1900 putassent
893 1858 1082 1890 sufficienter
1096 1859 1163 1890 haec
1185 1867 1384 1899 cognoscere.
1429 1856 1542 1889 Cetera
1559 1857 1609 1889 his
1632 1858 1722 1900 equi-

261 1911 333 1942 dem
348 1913 466 1944 credo:
491 1912 575 1953 quod
591 1922 663 1943 vero
679 1912 877 1950 dissentiant,
903 1913 1070 1944 admiratus
1096 1923 1175 1943 sum.
1218 1911 1321 1954 Atqui
1335 1910 1599 1952 quemadmodum
1622 1921 1726 1953 nuper

261 1965 382 1997 Laches
392 1965 538 2007 jubebat,
553 1977 593 1997 ne
608 1977 658 1997 me
671 1965 855 2004 dimitteres,
871 1967 926 1998 sed
943 1965 1188 2008 percontareris:
1213 1966 1259 1996 ita
1272 1975 1355 1996 nunc
1371 1975 1430 2006 ego
1452 1963 1584 1996 vicissim
1601 1969 1633 1996 te
1645 1975 1723 2006 rogo

255 2018 433 2061 jubeoque,
457 2019 657 2061 Lysimache,
682 2031 724 2051 ne
750 2020 918 2052 Lachetem
944 2020 1133 2062 Niciamque
1159 2019 1311 2061 dimittas,
1332 2020 1386 2050 sed
1411 2019 1451 2050 ab
1475 2018 1527 2049 his'
1545 2018 1723 2060 sciscitetis,

262 2073 372 2105 diceus
386 2073 430 2104 eis
446 2074 604 2105 Socratem
619 2074 747 2114 dixisse,
762 2085 824 2106 rem
839 2075 938 2116 ipsam
954 2085 1019 2106 non
1030 2073 1217 2115 intelligere,
1233 2082 1336 2115 neque
1351 2072 1524 2115 dijudicare
1536 2082 1638 2114 posse,
1654 2073 1724 2115 quis

261 2132 397 2158 vestrum
413 2137 485 2158 vcra
499 2127 644 2169 loquatur
657 2140 664 2159 ε
689 2129 809 2170 quippe
824 2139 895 2160 cum
911 2139 970 2159 uec
981 2128 1124 2159 inventor
1139 2128 1245 2159 harum
1260 2137 1360 2158 rerum
1374 2127 1443 2168 ipse
1454 2125 1559 2162 fuerit,
1569 2135 1673 2168 neque
1684 2127 1725 2158 ab

261 2181 324 2212 alio
340 2181 476 2212 docente
502 2181 659 2213 didicerit.
700 2182 751 2213 Tu
766 2187 882 2222 autem,
905 2182 1026 2214 Laches
1044 2192 1081 2213 ac
1102 2181 1210 2219 Nicia,
1234 2181 1330 2212 dicite
1354 2180 1478 2222 utrique
1503 2180 1606 2218 nobis,
1629 2190 1724 2223 quem

262 2235 346 2267 circa
356 2234 510 2276 juvenum
526 2235 745 2267 educationem
761 2237 976 2268 doctissimum
988 2236 1196 2268 conveneritis
1210 2247 1217 2265 :
1241 2240 1273 2266 et
1289 2240 1389 2265 utrum
1400 2235 1555 2266 discentes
1565 2235 1605 2266 ab
1616 2234 1724 2277 aliquo

263 2289 369 2320 sciatis
384 2289 464 2325 haec,
480 2299 520 2319 an
535 2289 597 2330 ipsi
613 2290 717 2331 potius
733 2290 909 2322 inventores
924 2290 1002 2321 sitis.
1048 2289 1144 2326 Quod
1160 2289 1185 2319 si
1201 2288 1366 2325 didicistis.
1392 2288 1461 2330 quis
1481 2288 1643 2330 utriusque
1657 2299 1724 2319 ma-

263 2342 380 2383 gister?
400 2342 496 2384 quive
511 2342 566 2374 alii
590 2342 664 2375 artis
688 2343 829 2385 ejusdem
846 2343 1055 2385 professores?
1079 2350 1114 2373 ut
1138 2342 1163 2372 si
1188 2342 1291 2372 minus
1316 2341 1412 2383 [187]
1437 2341 1525 2372 vobis
1546 2341 1587 2372 ad
1610 2341 1679 2373 haec
1705 2352 1726 2374 a

263 2395 446 2437 reipublicae
479 2396 614 2437 negotiis
649 2403 790 2438 superest
823 2397 891 2438 otii,
923 2407 977 2428 eos
1003 2396 1164 2436 adeamus,
1198 2395 1501 2436 persuadeamusque
1530 2394 1580 2425 vel
1613 2405 1724 2427 mune-

264 2448 361 2485 ribus,
384 2449 433 2479 vel
458 2449 568 2491 gratia,
593 2450 642 2481 vel
678 2450 828 2492 utrisque,
859 2455 896 2481 ut
919 2454 952 2481 et
978 2455 1149 2480 nostrorum
1176 2454 1210 2480 et
1245 2453 1414 2479 vestrorum
1438 2447 1572 2478 filiorum
1617 2458 1723 2480 curam

263 2502 449 2543 suscipiant,
463 2513 504 2534 ne
520 2503 652 2544 improbi
664 2503 739 2535 sacti
753 2504 922 2546 majoribus
938 2503 1001 2535 suis
1016 2502 1162 2534 dedecori
1189 2502 1260 2535 sint.
1305 2501 1360 2532 Sin
1384 2506 1489 2533 autem
1509 2501 1571 2543 ipsi
1585 2511 1640 2534 vos
1662 2502 1723 2535 hoe

262 2555 438 2594 invenistis,
452 2557 601 2588 adducite
618 2558 648 2588 in
664 2558 814 2595 medium,
831 2559 855 2589 si
871 2569 950 2600 quos
964 2557 1044 2588 forte
1057 2557 1135 2588 alios
1151 2556 1314 2598 diligentia
1329 2561 1430 2586 vestra
1443 2566 1482 2586 ex
1506 2555 1608 2597 pravis
1622 2556 1722 2587 bonos

264 2608 426 2651 clarosque
441 2610 583 2643 homines
597 2611 806 2644 reddideritis.
852 2611 1017 2642 Enimvero
1033 2610 1059 2641 si
1082 2621 1166 2642 nunc
1190 2610 1323 2652 primum
1345 2610 1458 2640 docere
1479 2608 1629 2650 incipitis,
1655 2609 1724 2641 ani-

264 2663 531 2695 madvertendurnv
547 2670 606 2705 est,
633 2676 697 2696 non
722 2665 832 2697 Carem
856 2665 1012 2708 quendam
1036 2665 1176 2696 mercede
1203 2664 1406 2700 conductum,
1429 2663 1484 2694 sed
1505 2667 1538 2694 et
1550 2667 1668 2695 vestros
1692 2668 1726 2694 et

265 2717 434 2749 amicorum
450 2717 530 2749 filios
543 2718 578 2749 in
594 2718 759 2751 discrimen
774 2729 831 2750 nos
847 2719 960 2750 ducere
974 2729 982 2748 :
1006 2723 1039 2749 et
1053 2716 1206 2759 profecto,
1222 2721 1256 2747 ut
1270 2717 1364 2748 habet
1375 2715 1584 2758 proverbium,
1595 2714 1629 2746 in
1642 2715 1724 2747 vasis

263 2770 364 2811 ipsius
374 2770 496 2812 jactura
513 2777 608 2803 artem
624 2772 795 2813 figulariam
820 2771 1017 2814 experimini.
1063 2770 1170 2803 Dicite
1198 2771 1316 2812 itaque,
1336 2769 1412 2810 quid
1428 2779 1465 2800 ex
1486 2767 1534 2799 his
1559 2768 1669 2800 adesse
1690 2774 1723 2800 et

265 2829 443 2866 competere
459 2825 547 2856 vobis
562 2825 696 2857 asseritis
711 2826 759 2857 vel
774 2825 918 2868 negatis?
962 2824 1041 2856 Haec
1057 2829 1091 2856 tu
1107 2823 1219 2855 abillis
1229 2822 1396 2859 sciscitare,
1407 2820 1606 2864 Lysimache,
1621 2830 1725 2863 neque

266 2887 321 2908 eos
346 2877 489 2910 dimittas
503 2879 600 2920 prius,
626 2889 720 2921 quam
745 2880 967 2921 respondeant.
1012 2878 1075 2910 Lv.
1096 2878 1200 2910 Probe
1226 2876 1312 2919 loqui
1338 2876 1492 2913 Socrates,
1507 2886 1527 2907 o
1547 2873 1616 2917 viri,
1645 2875 1723 2907 mihi

267 2930 400 2965 videtur.
445 2932 478 2965 Si
493 2943 566 2975 ergo
583 2933 669 2965 vobis
684 2938 804 2976 gratum
821 2934 958 2968 futurum
973 2938 1032 2973 est,
1059 2944 1078 2965 o
1096 2931 1191 2966 Nicia
1205 2936 1299 2974 atque
1308 2929 1447 2972 Laches,
1463 2929 1724 2972 interrogantibus
