1846 3268
158 304 258 355 423]
747 298 1044 342 CRATYLUS.
1544 309 1623 348 329

159 414 253 447 versa
266 411 332 451 illa,
348 421 403 455 per
413 421 484 454 quae
501 420 614 443 nomen
630 410 756 450 dicitur,
769 414 933 451 quaereret,
946 419 1111 452 rursusque
1125 410 1191 448 ilia,
1207 422 1263 453 per
1276 422 1347 454 quae
1359 411 1508 445 dicuntur
1518 414 1621 451 verba,

157 467 376 506 sciscitaretur,
392 470 594 508 pergeretque
610 464 654 495 ita
676 464 875 506 perquirere:
900 473 1006 495 nonne
1025 463 1081 505 qui
1106 466 1288 506 respondet,
1302 467 1468 508 defagitari
1493 467 1620 498 tandem

158 525 191 552 et
205 531 333 552 renuere
347 519 534 562 cogeretur?
580 518 703 550 His-mu.
728 518 813 549 Mihi
829 528 903 548 sane
917 518 1050 550 vid-etur.
1075 517 1173 561 [422]
1195 519 1253 551 so.
1274 520 1415 557 Quando
1436 520 1543 562 itaque
1567 522 1622 563 qui

157 584 337 617 responsum
350 574 499 615 denegat,
516 571 624 603 merito
641 572 797 603 cessabit?
821 582 860 603 an
887 582 952 602 non
977 577 1142 613 postquam
1166 574 1206 604 ad
1221 574 1350 605 nomina
1363 575 1417 606 illa
1432 575 1619 617 pervenerit,

156 638 227 670 quae
241 632 413 659 ceterorum
434 631 508 657 sunt
530 631 562 657 et
584 635 759 657 sermonum
781 630 814 656 et
837 624 999 655 nominum
1015 625 1196 657 elementa?
1220 627 1287 658 haec
1303 628 1410 670 utique
1426 628 1450 659 si
1465 628 1623 660 elementa

157 686 241 722 sunt,
254 692 292 712 ex
306 681 373 712 aliis
389 680 567 711 nominibus
590 679 764 720 composita
779 679 879 710 videri
898 690 962 710 non
990 679 1118 712 debent.
1142 682 1406 722 quemadmodum
1430 692 1521 723 supra
1543 692 1619 724 aga-

156 736 246 777 thon,
258 735 292 766 id
308 741 356 766 est
371 736 500 775 bonum,
515 733 650 764 diximus
664 744 702 764 ex
716 738 840 774 aga-stu,
855 732 887 763 id
911 737 960 763 est
977 732 1122 774 jucundo
1149 735 1352 776 amabilique,
1368 740 1400 766 et
1416 737 1504 773 thou,
1520 736 1552 767 id
1575 741 1623 768 est

156 789 270 830 veloci,
285 788 506 831 compositum.
532 788 630 819 thoon
658 797 758 818 rursus
779 797 818 817 ex
841 786 910 818 aliis
935 791 1077 818 constare
1100 788 1254 826 dicemus,
1269 789 1386 830 illaque
1410 800 1449 820 ex
1465 790 1543 821 aliis.
1566 791 1622 821 sed

156 847 321 885 postquam
336 844 375 874 ad
392 843 423 873 id
440 841 684 884 pervenerimus,
697 841 782 882 quod
799 840 879 871 ultra
895 851 933 872 ex
947 839 1018 872 aliis
1042 841 1220 873 nominibus
1243 851 1307 874 non
1330 843 1541 880 constituitur,
1557 854 1623 875 me-

153 896 215 928 rito
230 907 287 928 nos
302 898 340 928 ad
354 897 545 928 elementum
561 896 740 938 pervenisse
753 895 906 933 dicemus,
921 905 979 926 nec
993 895 1121 927 ulterius
1135 897 1195 928 hoc
1209 896 1242 927 in
1266 897 1328 928 alia
1343 898 1471 928 nomina
1486 898 1623 929 referen-

155 951 243 984 dum.
286 951 408 983 Unam.
432 951 518 982 Scite
533 949 610 980 mihi
633 949 720 991 loqui
743 948 866 980 videris.
911 949 968 981 So.
992 948 1042 980 An
1062 960 1125 980 non
1141 961 1179 981 ea
1194 951 1234 982 de
1249 951 1362 992 quibus
1378 951 1472 992 paulo
1487 956 1560 983 ante
1574 952 1622 982 in-

152 1006 331 1048 terrogabas
346 1006 474 1036 nomina
489 1005 644 1036 elementa
659 1004 753 1035 sunt?
776 1008 962 1044 oportetque
978 1008 1094 1034 rectam
1109 1003 1234 1035 illorum
1252 1004 1404 1036 rationem
1420 1001 1516 1036 aliter*
1524 1015 1618 1046 quam

154 1059 342 1100 reliquorum
365 1058 578 1100 investigare?
624 1058 744 1088 Hnam.
782 1057 950 1088 Probabile
981 1058 1015 1088 id
1046 1058 1186 1099 quidem.
1230 1059 1288 1090 So.
1325 1059 1492 1090 Probabile
1522 1064 1620 1097 certe,

156 1111 382 1154 Hermogenes.
405 1112 563 1153 superiora
580 1112 686 1152 itaque
700 1111 806 1142 omnia
822 1110 854 1141 in
869 1112 936 1142 haec
951 1111 1078 1142 redacta
1095 1113 1249 1145 videntur.
1273 1123 1311 1144 ac
1335 1113 1361 1143 si
1387 1113 1430 1144 ita
1452 1124 1486 1144 se
1501 1123 1548 1144 res
1563 1114 1620 1144 ha-

156 1166 222 1203 bet,
239 1171 275 1197 ut
295 1165 372 1197 milri
387 1165 521 1203 videtur,
537 1175 639 1196 rursus
660 1175 718 1206 age
741 1165 792 1196 hic
810 1175 874 1195 una
901 1175 1021 1196 mecum
1048 1166 1225 1206 considera,
1240 1176 1280 1197 ne
1296 1167 1376 1198 forte
1391 1166 1530 1204 delirem,
1545 1167 1620 1198 dum

154 1224 272 1252 rectam
294 1220 462 1261 primorum
484 1219 646 1250 nominum
669 1218 821 1250 rationem
845 1229 1001 1260 exponere
1027 1225 1126 1252 tento.
1173 1220 1296 1251 Hsmn.
1331 1220 1393 1252 Dic
1418 1221 1525 1254 modo.
1558 1231 1619 1262 ego

153 1284 290 1316 namque
305 1284 362 1316 pro
377 1273 491 1304 viribus
507 1273 689 1304 meditabor.
734 1273 790 1304 So.
813 1272 956 1304 Arbitror
979 1274 1124 1315 equidem
1149 1274 1181 1304 in
1199 1274 1260 1305 hoc
1276 1279 1306 1304 te
1321 1274 1511 1312 consentire,
1526 1285 1621 1305 unam

158 1338 226 1359 esse
241 1332 355 1359 rectam
370 1333 403 1359 et
419 1327 510 1369 primi
524 1332 557 1358 et
572 1327 671 1358 ultimi
683 1327 825 1358 nominis
839 1326 1003 1364 rationem,
1020 1327 1203 1370 nullumque
1218 1327 1339 1359 illorum
1355 1339 1396 1360 eo
1411 1329 1496 1370 quod
1508 1339 1622 1360 nomen

153 1385 216 1418 est,
229 1381 268 1412 ab
282 1382 343 1412 alio
359 1381 547 1422 discrepare.
593 1380 718 1412 Hmm.
742 1380 894 1413 Maxime.
940 1380 996 1412 So.
1019 1380 1143 1412 Etenim
1167 1382 1305 1413 omnium
1322 1393 1392 1423 quae
1407 1393 1502 1427 supra
1518 1382 1623 1413 retuli·

152 1444 224 1466 mus
250 1434 411 1466 nominum
434 1439 519 1466 recta
540 1434 619 1465 ratio
645 1435 678 1465 in
703 1434 763 1466 hoc
784 1433 936 1472 constitit,
962 1439 998 1466 ut
1020 1434 1121 1476 qualis
1144 1446 1279 1478 quaeque
1305 1446 1351 1467 res
1368 1436 1408 1467 sit
1424 1436 1623 1468 indicaretur.

157 1487 280 1520 Hnnu.
304 1489 418 1521 Procul
433 1488 541 1520 dubio.
587 1488 644 1520 So.
667 1487 740 1519 Hoc
755 1486 865 1529 utique
887 1497 952 1518 non
974 1488 1077 1520 minus
1100 1489 1255 1530 prioribus
1278 1500 1371 1531 quam
1397 1489 1622 1532 posterioribus

157 1547 334 1585 competere
349 1543 458 1579 debet,
474 1542 642 1573 si-nomina
661 1541 767 1572 futura
789 1545 873 1572 sunt.
919 1541 1042 1573 Heme.
1067 1542 1207 1575 Prorsus.
1252 1543 1307 1574 So.
1331 1542 1431 1584 Atqui
1454 1543 1626 1584 posteriora

154 1597 285 1628 nomina
301 1607 356 1638 per
369 1596 471 1638 priora
486 1596 547 1627 hoc
569 1595 692 1627 efficere
707 1599 861 1636 poterant.
907 1594 1032 1628 Hnnn.
1055 1595 1210 1637 Apparet.
1255 1596 1311 1627 So.
1334 1596 1437 1627 Prima
1454 1606 1538 1633 vero,
1554 1596 1625 1638 qui-

155 1651 215 1682 bus
231 1650 293 1682 alia
306 1660 370 1681 non
387 1650 578 1691 praecedunt,
594 1660 657 1691 quo
684 1654 776 1690 pacto
794 1659 888 1690 quam
905 1649 1039 1680 maxime
1054 1660 1102 1680 res
1117 1649 1200 1691 ipsas
1215 1650 1305 1681 nobis
1329 1650 1510 1687 ostendent,
1525 1650 1552 1681 si
1568 1660 1626 1681 no·

158 1704 245 1736 mina
259 1714 327 1736 esse
341 1703 482 1735 debent?
527 1701 581 1733 Ad
598 1703 657 1733 hoc
675 1701 749 1733 mihi
761 1702 926 1743 responde.
971 1702 1004 1732 Si
1018 1713 1096 1734 voce
1108 1710 1140 1734 et
1155 1702 1262 1744 lingua
1276 1703 1494 1743 caruissemus,
1508 1703 1626 1734 voluis-

155 1768 323 1800 semusque
336 1768 383 1789 res
398 1757 534 1789 invicem
547 1756 718 1797 declarare,
733 1766 839 1787 nonne
855 1756 984 1798 perinde
1000 1766 1037 1787 ac
1053 1766 1137 1788 nunc
1153 1757 1243 1794 muti,
1260 1757 1402 1788 manibus
1414 1757 1580 1799 capiteque
1593 1761 1625 1788 et

156 1811 271 1844 ceteris
286 1811 431 1843 membris
446 1811 620 1853 significum
647 1810 909 1842 tentavissemus?
955 1810 1078 1842 Hnam.
1101 1810 1195 1842 Haud
1221 1811 1321 1849 aliter,
1344 1810 1498 1842 Socrates,
1526 1810 1624 1853 [423]

159 1865 216 1898 So.
240 1865 322 1908 Ergo
338 1875 507 1908 supernum
520 1865 684 1907 quippiam
699 1875 735 1896 ac
749 1865 818 1896 leve
833 1865 1085 1905 demonstraturi,
1099 1866 1212 1897 coelum
1228 1875 1333 1896 versus
1357 1875 1482 1896 manum
1497 1865 1625 1896 extulis-

159 1930 275 1958 semus,
291 1920 390 1962 ipsam
405 1920 448 1951 rei
463 1923 603 1950 naturam
623 1919 803 1950 imitantes:
828 1919 974 1950 inferiora
995 1930 1068 1951 vero
1093 1925 1127 1951 et
1151 1920 1256 1961 gravia
1281 1919 1461 1961 dejectione
1487 1919 1624 1960 quadam

153 1973 244 2005 humi
257 1973 475 2005 innuissemus.
497 1972 574 2014 quin
588 1972 684 2003 etiam
701 1976 874 2004 currentem
890 1983 1005 2014 equum
1022 1973 1069 2004 vel
1086 1973 1172 2004 aliud
1187 1973 1355 2016 quicquam
1371 1972 1553 2004 animalium
1576 1972 1627 2003 in-

154 2027 304 2068 dicaturi,
328 2037 493 2070 corporum
519 2032 692 2058 nostrorum
719 2031 825 2068 gestus
851 2027 1028 2070 figurasque
1059 2028 1098 2058 ad
1120 2027 1245 2059 illorum
1267 2027 1503 2059 similitudinem
1529 2037 1624 2069 quam

152 2081 297 2124 ⁴proxime
311 2081 445 2124 quisque
460 2081 610 2112 finxisset.
655 2080 778 2112 Herm.
802 2080 1020 2112 Necessarium
1042 2082 1129 2123 quod
1145 2082 1190 2112 ais
1207 2092 1275 2113 esse
1292 2081 1368 2113 mihi
1383 2082 1518 2113 videtur.
1563 2073 1632 2114 So.

153 2135 253 2168 nunc
266 2135 299 2166 in
314 2136 452 2173 modum,
468 2140 504 2166 ut
517 2135 656 2173 arbitror,
680 2135 728 2166 his
742 2134 880 2177 corporis
897 2135 1037 2176 partibus
1057 2140 1216 2167 ostensum
1231 2141 1314 2167 esset
1329 2146 1336 2167 :
1361 2145 1492 2177 corpore
1509 2134 1621 2166 videli—

157 2194 209 2220 eet
220 2190 307 2232 qaod
323 2189 456 2230 quisque
472 2195 640 2221 monstrare
656 2190 796 2221 voluerat
810 2189 969 2222 imitante.
1015 2189 1136 2221 Hnnm.
1160 2189 1211 2221 Ita
1225 2195 1320 2222 certe.
1362 2190 1420 2221 So.
1442 2189 1617 2231 Postquam

153 2253 232 2275 vcro
248 2253 335 2280 voce,
347 2243 455 2285 lingua
470 2248 503 2275 et
516 2254 568 2275 ore
583 2244 741 2276 declarare
755 2244 920 2284 voluimus,
936 2254 1043 2276 nonne
1058 2244 1103 2275 ita
1113 2245 1237 2276 demum
1254 2254 1310 2285 per
1324 2244 1392 2275 haec
1408 2243 1544 2275 ostensio
1557 2243 1623 2281 fiet,

155 2298 186 2329 si
200 2307 257 2339 per
271 2297 404 2329 eacirca
428 2298 593 2339 quodlibet
615 2298 699 2330 sacta
720 2298 816 2330 suerit
830 2298 991 2330 imitatio?
1037 2298 1160 2330 HERM.
1185 2297 1403 2330 Necessarium
1430 2302 1521 2340 puto.
1566 2298 1624 2330 So.

159 2351 286 2383 Nomen
301 2353 407 2394 itaque
422 2357 481 2390 est,
499 2357 533 2383 ut
548 2357 691 2394 apparet,
707 2352 840 2384 imitatio
858 2353 955 2389 vocis,
970 2363 1033 2394 qua
1049 2353 1189 2395 quisquis
1202 2352 1322 2393 aliquid
1340 2352 1488 2389 imitatur,
1503 2362 1558 2394 per
1569 2363 1624 2383 vo-

161 2415 230 2438 cem
245 2405 383 2437 inritatur
396 2411 429 2437 et
454 2406 606 2437 nominat.
650 2407 773 2438 Hnnm.
794 2406 883 2438 Idem
911 2406 987 2438 mihi
1011 2416 1136 2448 quoque
1151 2406 1285 2438 videtur.
1331 2407 1386 2438 So.
1411 2405 1563 2437 Nondum
1579 2411 1627 2437 ta-

161 2465 330 2491 menreete
345 2459 462 2492 dictum
478 2460 634 2492 existimo.
679 2461 801 2492 Hmm.
825 2461 1059 2498 Quamobrem?
1105 2461 1162 2492 So.
1186 2460 1344 2497 Quoniam
1369 2461 1447 2491 istos
1473 2460 1577 2491 ovium
1593 2465 1626 2491 et

161 2513 311 2554 gallorum
338 2518 573 2555 ceterorumque
593 2514 770 2546 animalium
797 2515 968 2546 imitatores
993 2514 1083 2546 fateri
1108 2524 1290 2556 cogeremur
1313 2514 1474 2545 nominare
1499 2514 1628 2556 eadem,

159 2576 231 2607 quae
245 2566 418 2598 imitantur.
461 2566 584 2600 Hau.
607 2568 692 2600 Vera
705 2569 852 2611 loqueris.
898 2570 954 2601 So.
978 2568 1100 2600 Decere
1115 2569 1148 2599 id
1166 2567 1302 2600 censes?
1348 2567 1470 2600 Herus.
1494 2568 1626 2609 Nequa-

162 2630 267 2662 quam.
291 2620 344 2651 sed
359 2630 515 2662 quaenmn,
527 2631 546 2652 o
562 2621 716 2660 Socrates,
729 2622 860 2654 imitatio
877 2634 992 2654 nomen
1008 2623 1089 2654 erit?
1133 2623 1191 2654 So-
1214 2622 1246 2653 N
1249 2632 1289 2652 on
1305 2622 1376 2653 talis
1391 2622 1535 2659 imitatio,
1548 2632 1626 2663 qua-

157 2673 197 2705 lis
212 2684 283 2716 quae
300 2685 354 2716 per
369 2674 516 2709 musicam
532 2675 579 2712 fit,
592 2675 733 2716 quamvis
749 2686 825 2707 voce
839 2676 904 2707 fiat.
928 2687 1031 2719 neque
1044 2676 1138 2707 etiam
1156 2676 1327 2707 eorundem
1350 2685 1480 2716 quorum
1504 2680 1536 2706 et
1558 2686 1626 2706 mu·

161 2728 225 2759 sion
239 2728 372 2759 imitatio
384 2733 435 2759 est
448 2741 456 2760 z
483 2739 586 2770 neque
612 2730 696 2760 enim
711 2740 768 2772 per
782 2730 932 2762 musicam
948 2730 1155 2761 imitationem
1171 2729 1330 2760 nominare
1345 2729 1498 2762 videmur.
1543 2729 1626 2760 Dico

162 2787 266 2813 nutem
291 2783 355 2814 sic:
380 2784 469 2814 adest
495 2783 585 2814 rebus
600 2794 659 2814 vox
683 2789 717 2814 et
740 2784 838 2826 figura
859 2784 1007 2826 colorque
1033 2784 1184 2826 plurimis.
1227 2783 1350 2814 Herus.
1370 2783 1525 2815 Omnino.
1572 2784 1627 2814 So.

162 2836 295 2868 Videtur
308 2836 395 2874 mihi,
413 2837 436 2867 si
449 2837 518 2878 quis
531 2838 601 2869 haec
619 2837 769 2874 imitetur,
784 2848 886 2880 neque
902 2839 985 2870 circa
999 2838 1189 2869 imitationes
1205 2837 1279 2868 istas
1291 2837 1479 2868 nominandi
1494 2837 1627 2867 facultas

162 2890 343 2922 consistere.
366 2891 415 2922 hae
432 2891 585 2933 siquidem
601 2897 675 2922 sunt
691 2892 801 2933 partim
815 2892 945 2933 musica,
961 2892 1073 2934 partim
1088 2902 1159 2923 vero
1175 2891 1309 2933 pictura.
1332 2891 1460 2921 nonne?
1506 2890 1628 2920 Hmm.

163 2943 273 2975 Plane.
316 2944 373 2976 So.
396 2945 483 2983 Quid
510 2946 550 2977 ad
577 2946 661 2977 hoc?
684 2956 790 2977 nonne
814 2945 980 2978 essentiam
1004 2956 1072 2977 esse
1095 2945 1210 2987 cuique
1233 2950 1338 2987 putas,
1363 2943 1627 2986 quemadmodum

165 2997 263 3030 coiori
277 3004 310 3029 et
320 2999 432 3030 oeteris
448 3010 519 3042 quae
531 3010 624 3044 supra
640 3000 793 3033 diximus?
840 3000 893 3033 An
908 3011 973 3032 non
988 3001 1071 3032 inest
1086 2999 1182 3033 colori
1191 3009 1228 3032 ac
1241 2998 1310 3032 voci
1324 2997 1460 3030 essentia
1473 2996 1633 3038 quoedam,

249 3050 339 3085 Plat.
356 3053 411 3085 Tr.
952 3054 979 3087 Ι.
1470 3052 1489 3080 2
1511 3049 1537 3079 T
