1846 3268
234 226 310 265 198
836 219 1107 263 PLATONI'S
1598 228 1698 280 [468

229 333 333 360 utrum
358 326 414 359 tibi
435 326 470 360 id
485 325 631 360 videntur
653 325 756 369 ipsum
772 325 854 359 velle
874 327 962 369 quod
985 328 1119 365 faciunt,
1134 325 1282 363 videlicet
1298 327 1510 370 ,pharmacum
1537 327 1642 362 bibere
1663 335 1700 362 et

229 381 428 424 asperitatem
443 380 512 423 ejus
537 380 691 423 perferre:
719 391 759 412 an
776 379 942 413 sanitatem
958 381 1076 423 potius,
1090 380 1182 423 cujus
1193 382 1294 424 gratia
1307 381 1432 416 bibunt.
1478 382 1565 416 Por..
1588 383 1697 416 Mani-

229 437 343 468 festum
358 440 419 472 est,
431 445 486 466 eos
502 435 567 467 fieri
582 445 674 466 sanos
690 433 783 472 velle,
799 433 890 476 cujus
904 435 1003 477 gratia
1019 435 1180 478 potionem
1195 440 1336 469 sumunt.
1379 436 1434 469 So.
1456 435 1577 469 Nonne
1594 442 1628 469 et
1641 437 1698 480 qui

229 489 380 532 navigant
393 495 449 521 aut
462 489 548 520 aliud
563 489 726 531 negotium
742 488 928 521 lucricausa
942 490 1152 528 obeunt„non
1168 489 1199 522 id
1215 490 1326 525 volunt
1350 491 1436 533 quod
1460 490 1605 523 faciunt?
1628 491 1699 533 quis

229 545 314 576 enim
326 543 487 586 navigare,
500 543 603 575 subire
616 543 767 585 pericula,
781 542 940 575 molestias
954 543 1068 577 habere
1084 543 1180 576 velit?
1202 544 1257 577 sed
1274 544 1352 576 illud
1369 544 1491 582 volunt,
1509 549 1544 578 ut
1556 545 1700 583 arbitror,

227 598 321 640 cujus
343 599 442 640 gratia
464 597 633 639 navigant3
671 596 797 629 divitias
825 597 950 631 scilicet
963 606 972 630 t
1010 598 1119 630 harum
1147 598 1232 632 enim
1260 599 1362 641 gratia
1390 598 1553 641 navigant.
1610 598 1700 636 Por..

229 652 383 685 Maxime.
428 651 483 683 So.
505 651 558 683 An
573 661 637 683 non
659 650 693 683 in
707 651 853 683 omnibus
867 662 996 695 quoque
1019 651 1172 691 similiter,
1195 652 1336 696 quisquis
1349 651 1470 695 aliquid
1485 652 1618 695 alicujus
1633 653 1700 695 agit

229 706 340 748 gratia,
354 715 420 737 non
434 705 470 738 id
484 705 552 736 vult
565 705 651 748 quod
666 705 744 747 agit,
759 706 815 738 sed
833 705 912 737 illud
934 716 972 738 cu
972 705 1026 747 jus
1042 706 1140 748 gratia
1155 706 1243 749 agit?
1284 706 1374 740 Pot.
1396 706 1447 742 Ita
1461 706 1596 738 videtur.
1639 706 1699 740 So.

228 760 282 792 An
296 764 396 792 estex
410 758 556 791 omnibus
569 758 702 801 aliquid,
716 759 803 801 quod
818 769 882 790 non
898 764 954 791 aut
969 760 1086 792 bonum
1100 759 1143 792 sit
1155 765 1211 792 aut
1222 760 1338 792 malum
1354 765 1410 792 aut
1422 760 1532 793 horum
1547 759 1700 799 medinm,

230 825 334 856 neque
357 814 474 845 bonum
499 812 622 844 scilicet
644 822 747 855 neque
774 813 915 844 malum?
959 813 1048 846 Por..
1070 813 1162 846 Nihil
1187 814 1328 847 omnino.
1372 814 1430 847 So.
1451 813 1567 857 Neque
1581 814 1698 849 bonum

228 868 357 911 quidem
372 867 452 900 dicis
465 866 664 908 sapientiam,
679 866 856 904 sanitatem,
871 866 1011 906 divitias,
1033 867 1160 909 aliaque
1184 868 1307 910 generis
1333 867 1500 909 ejusdem?
1523 867 1606 900 mala
1625 877 1699 900 vero

228 923 339 954 horum
353 921 530 954 contraria?
574 921 660 953 Por,-
682 920 852 963 Equidem.
896 921 953 953 So.
976 921 1058 959 Quae
1073 932 1146 953 vero
1161 932 1264 964 neque
1281 923 1365 954 bona
1384 926 1458 953 sunt
1478 931 1582 964 neque
1605 921 1702 959 mala,

229 977 306 1008 talia
324 977 469 1019 quaedam
489 974 583 1013 dicis,
597 985 670 1018 quae
694 975 888 1018 quandoque
909 975 999 1013 boni,
1012 976 1204 1019 quandoque
1218 975 1292 1007 mali
1307 975 1477 1018 participia
1490 980 1576 1018 sunt,
1599 974 1699 1017 [468]

226 1031 422 1073 quandoque
436 1029 556 1062 neutri:
580 1029 678 1061 veluti
703 1029 825 1069 sedere,
839 1030 968 1067 vadere,
981 1040 1115 1068 currere,
1129 1029 1276 1071 navigare
1290 1041 1298 1060 :
1322 1040 1440 1067 rursus,
1454 1029 1552 1061 veluti
1565 1029 1700 1071 lapides,

228 1086 326 1128 ligna,
342 1089 508 1127 ceteraque
523 1083 648 1116 similia.
669 1093 776 1115 nonne
790 1083 866 1115 talia
879 1083 1026 1126 quaedam
1049 1094 1116 1116 esse
1141 1082 1232 1122 dicis,
1248 1094 1319 1125 quae
1341 1093 1445 1125 neque
1460 1083 1544 1117 bona
1557 1082 1700 1125 appelles

228 1151 332 1182 neque
351 1139 457 1171 mala?
502 1139 586 1170 1³01..
608 1137 700 1170 Talia
723 1143 822 1171 certe.
866 1130 923 1171 S'o.
947 1136 1060 1170 Utrum
1082 1137 1180 1180 igitur
1203 1138 1309 1170 media
1332 1138 1401 1170 haec
1423 1137 1575 1170 bonorum
1601 1140 1700 1179 agunt

227 1194 340 1237 gratia,
351 1193 498 1236 quotiens
511 1192 633 1235 agunt?
657 1203 697 1224 an
713 1193 796 1224 bona
818 1192 917 1235 gratia
942 1192 1138 1225 mediorum?
1184 1191 1269 1226 Bor..
1291 1192 1406 1224 Media
1420 1192 1573 1224 bonorum
1588 1191 1700 1233 gratia.

225 1249 285 1281 So.
308 1248 391 1290 Ergo
407 1253 573 1290 sequentes
583 1247 705 1278 bonum
721 1252 754 1279 et
768 1246 924 1288 vadimus,
939 1246 1067 1289 quando
1083 1246 1238 1285 vadimus,
1254 1252 1399 1289 praestare
1413 1246 1445 1278 id
1460 1245 1698 1281 existimantes}

226 1307 261 1334 et
271 1302 410 1334 vicissim
422 1301 623 1345 quiescimus,
637 1301 893 1344 quandocunque
907 1300 1110 1343 quiescimus,
1126 1301 1171 1332 ob<
1183 1300 1217 1332 id
1233 1301 1336 1342 ipsum
1359 1301 1488 1332 bonum.
1510 1310 1617 1332 nonne
1631 1298 1699 1332 ita?

228 1358 314 1389 Por,-
336 1356 388 1388 Ita
411 1366 546 1399 prorsus.
591 1355 647 1387 So.
671 1355 828 1389 Praeterea
851 1355 877 1387 si
902 1365 982 1397 quos
997 1354 1184 1396 occidimus,
1207 1354 1352 1397 ejusdem
1379 1354 1478 1396 gratia
1501 1353 1698 1386 occidimusz

226 1411 432 1453 similiterque
446 1409 631 1452 expellimus
646 1414 742 1451 atque
758 1408 908 1455 rapimus,
924 1413 1072 1450 putantes
1089 1414 1234 1451 praestare
1249 1409 1341 1441 nobis
1357 1409 1432 1441 talia
1454 1407 1567 1441 facere·
1613 1407 1698 1440 Por..

226 1465 342 1498 Procul
358 1464 468 1497 dubio.
511 1464 568 1496 So.
592 1463 804 1501 Quamobrem
821 1463 896 1494 boni
919 1463 1020 1506 gratia
1042 1463 1110 1496 haec
1133 1463 1256 1495 faciunt
1280 1463 1398 1500 omnia,
1423 1462 1606 1505 quicunque
1621 1460 1700 1493 saci-

226 1524 297 1552 unt.
342 1519 428 1551 Por..
450 1518 629 1551 Assentior.
672 1517 730 1552 So.
752 1516 807 1549 An
822 1527 888 1549 non
902 1516 983 1549 inter
1007 1528 1066 1549 nos
1091 1517 1253 1559 convenit,
1267 1527 1332 1558 non
1353 1515 1580 1559 quaealicujus
1601 1514 1701 1558 gratia

226 1574 371 1612 facimus,
386 1573 479 1611 velle,
495 1573 551 1604 sed
565 1572 645 1604 illud
668 1571 761 1614 cujus
787 1571 856 1603 haec
881 1571 981 1614 gratia
995 1571 1154 1605 facimus?
1201 1572 1286 1604 Por..
1307 1571 1463 1603 Maxime.
1499 1569 1561 1603 So.
1585 1569 1700 1611 Itaque

227 1639 292 1660 non
311 1627 459 1671 jugulare
481 1626 665 1669 simpliciter
692 1625 885 1669 omninoque
911 1625 1068 1665 volumus,
1091 1636 1195 1668 neque
1223 1625 1394 1668 expellere,
1416 1635 1520 1667 neque
1550 1624 1700 1666 pecunias

226 1693 358 1726 rapere:
379 1693 486 1715 verum
500 1681 525 1713 si
539 1681 722 1714 conducant
736 1680 816 1718 haec,
830 1680 934 1712 facere
949 1680 1112 1712 volumus:
1136 1681 1162 1712 si
1177 1684 1325 1721 noceant,
1338 1679 1494 1713 nolumus.
1516 1678 1599 1711 bona
1613 1677 1698 1716 enim

227 1738 386 1780 volumus,
401 1741 438 1768 ut
448 1736 515 1778 ipse
531 1735 588 1767 ais.
611 1745 683 1778 quae
697 1745 770 1767 vero
785 1745 889 1777 neque
904 1734 988 1766 bona
1003 1745 1109 1777 neque
1123 1734 1203 1766 mala
1218 1739 1303 1772 sunt,
1318 1744 1383 1766 non
1398 1732 1523 1776 proprie
1532 1733 1674 1765 volun-us
1689 1743 1700 1772 ς

228 1802 334 1834 neque
359 1791 455 1823 mala.-
496 1789 617 1822 Videor
646 1789 716 1827 tibi,
743 1789 833 1826 Pole,
858 1799 931 1820 vera
957 1788 1070 1831 loqui?
1093 1798 1133 1820 an
1163 1798 1228 1820 non
1242 1788 1254 1819 ἒ
1299 1787 1386 1826 Quid
1409 1797 1475 1820 non
1501 1787 1700 1830 respondes?

229 1848 314 1879 Por..
336 1846 432 1878 Vera.
476 1844 533 1877 So.
555 1844 767 1882 Quamobrem
779 1843 805 1875 si
819 1843 853 1874 in
867 1843 916 1874 liis
930 1842 1157 1880 consentimus,
1177 1842 1203 1874 si
1226 1841 1300 1885 quis
1313 1841 1494 1885 quempiam
1507 1840 1701 1875 interfecerit

226 1900 278 1932 vel
293 1900 370 1931 urbe
384 1898 513 1941 ejecerit
524 1897 573 1930 vel
590 1897 756 1940 privaverit
770 1896 970 1939 patrimoniO,
994 1895 1060 1928 sive
1081 1901 1234 1939 tyrannus
1249 1896 1303 1927 ille
1319 1895 1361 1927 sit
1375 1896 1440 1928 sive
1454 1901 1569 1934 orator,
1583 1900 1699 1938 putans

226 1955 259 1986 id
274 1954 386 1986 melius
401 1951 460 1984 sibi
474 1952 552 1989 fore,
567 1962 638 1983 cum
651 1956 756 1983 tamen
771 1951 812 1982 sit
826 1950 930 1992 pejus,
946 1951 974 1982 is
991 1950 1100 1992 utique
1114 1950 1212 1982 saciet
1224 1961 1296 1993 quae
1312 1950 1371 1983 sibi
1385 1950 1542 1986 videntur.
1562 1961 1671 1982 nonne
1685 1951 1698 1982 ἰ

226 2009 313 2041 Por„
336 2007 442 2040 Certe.
487 2007 541 2039 So.
563 2005 595 2037 N
599 2005 718 2048 unquid
734 2005 829 2037 etiam
841 2015 913 2047 quae
927 2005 1007 2041 vult,
1022 2005 1048 2035 si
1064 2004 1194 2047 quidem
1210 2005 1278 2036 haec
1294 2003 1356 2035 sint
1371 2003 1477 2037 aiala?
1523 2004 1608 2042 Quid
1632 1996 1698 2036 non

225 2062 421 2105 respondes?
468 2061 554 2097 Por..
577 2059 655 2092 Non
671 2059 793 2091 videtur
807 2058 884 2091 mihi
898 2069 970 2101 quae
986 2058 1055 2089 vult
1069 2058 1182 2091 facere.
1228 2058 1285 2090 So.
1309 2058 1454 2095 Quanam
1470 2058 1570 2100 igitur.
1578 2058 1699 2091 ratione

227 2117 274 2149 vir
288 2117 358 2148 talis
373 2126 517 2158 magnam
533 2115 628 2146 habet
643 2113 676 2145 in
686 2113 852 2155 republica
865 2117 1054 2155 potestatem
1068 2112 1080 2143 ἓ
1104 2112 1130 2144 si
1145 2111 1277 2155 quidem
1293 2122 1408 2154 magna
1420 2116 1565 2153 potestas
1580 2113 1697 2147 bonum

227 2172 380 2215 quiddam
395 2175 455 2207 est,
472 2174 507 2200 ut
528 2169 598 2212 ipse
622 2167 716 2200 etiam
733 2166 903 2199 confiteris.
947 2166 1034 2199 Por..
1058 2165 1159 2198 Nullo
1177 2171 1281 2208 pacto.
1325 2166 1382 2199 So.
1406 2166 1490 2198 Vera
1515 2177 1590 2209 ergo
1610 2167 1698 2200 diee-

229 2228 312 2266 bam,
323 2225 390 2257 fieri
403 2235 494 2267 posse
509 2228 545 2255 ut
555 2223 596 2254 sit
609 2223 664 2265 qui
679 2222 713 2253 in
729 2221 857 2254 civitate
880 2231 952 2264 quae
967 2220 1027 2252 sibi
1042 2220 1200 2258 videntur,
1216 2220 1343 2258 efficiat,
1358 2230 1462 2263 neque
1485 2226 1591 2252 tamen
1613 2231 1699 2263 tnag-

227 2290 301 2312 nam
317 2279 490 2322 potentiam
513 2278 641 2315 habeat,
655 2287 758 2319 neque
783 2287 854 2319 quae
866 2275 954 2314 velit,
980 2279 1065 2317 agat.
1112 2275 1197 2307 Por..
1222 2275 1323 2312 Quasi
1338 2285 1410 2306 vero
1437 2281 1483 2313 tu,
1498 2286 1518 2306 ο
1540 2275 1699 2318 Socrates,

227 2345 293 2366 non
307 2338 398 2376 optes
413 2333 572 2365 licentiam
587 2332 700 2363 habere
715 2330 856 2363 faciendi
871 2329 1028 2373 quidquid
1044 2328 1102 2360 tibi
1116 2329 1260 2360 videatur
1275 2330 1309 2361 in
1329 2329 1468 2367 civitate,
1483 2330 1590 2372 potius
1602 2340 1697 2373 quam

227 2399 293 2420 non
309 2389 442 2419 habere:
467 2397 570 2429 neque
585 2386 714 2418 affectes
730 2385 802 2418 talis
817 2395 898 2423 esse,
913 2384 1023 2428 quales
1044 2383 1215 2419 nonnullos
1231 2384 1330 2421 vides,
1345 2383 1394 2415 vel
1409 2383 1634 2416 interficientes
1649 2383 1696 2416 vel

229 2441 441 2484 exspoliantes
457 2440 504 2471 vel
526 2439 733 2482 conjicientes
748 2439 780 2471 in
796 2439 934 2477 vincula,
949 2448 1159 2482 quoscunque
1174 2442 1207 2469 et
1221 2438 1478 2480 quandocunque
1493 2438 1554 2471 sibi
1566 2437 1698 2471 viderur.

227 2497 286 2528 So.
318 2495 452 2528 Justene
476 2494 555 2526 dicis
576 2505 615 2525 an
641 2493 780 2536 injuste?
836 2494 922 2527 Pox..
960 2493 1256 2535 Quomodocunque
1295 2491 1393 2534 [469]
1431 2492 1466 2524 id
1497 2492 1564 2530 fiat„
1591 2503 1698 2524 noune

228 2555 395 2592 utrumque
419 2548 616 2591 optandum?
661 2548 718 2580 So.
753 2547 847 2580 Bona
866 2548 959 2580 verba
985 2557 1104 2589 quaeso,
1130 2557 1149 2577 ο
1171 2546 1262 2578 Pole.
1309 2546 1395 2578 Por..
1419 2545 1506 2584 Quid
1527 2545 1594 2578 ita?
1639 2546 1697 2580 So.

229 2604 389 2644 Quoniam
405 2614 468 2635 non
484 2604 578 2635 decet
592 2603 642 2634 vel
658 2603 752 2634 vitam
770 2602 895 2634 minime
904 2601 1076 2644 optabilem
1091 2605 1239 2642 exoptare
1255 2599 1304 2631 vel
1319 2600 1475 2642 miseram,
1486 2600 1580 2633 immo
1593 2601 1699 2643 potius

228 2659 379 2692 misereri.
420 2658 505 2690 Por..
528 2657 616 2695 Quid
642 2657 738 2689 vero?
761 2657 845 2688 itane
871 2667 905 2688 se
931 2657 1045 2688 habere
1074 2666 1130 2687 eos
1156 2655 1196 2686 de
1220 2654 1335 2697 quibus
1363 2654 1487 2696 loquor,
1516 2654 1695 2686 existimas?

230 2715 287 2746 So.
311 2712 398 2750 Quid
419 2711 585 2754 prohibet?
630 2711 716 2744 Por..
742 2711 934 2753 Quicunque
958 2710 1053 2752 igitur
1080 2709 1206 2752 perimit
1219 2718 1430 2751 quencunque
1444 2707 1591 2750 opinatur
1610 2707 1698 2750 juste

231 2767 422 2804 necandum,
444 2765 550 2797 infelix
575 2765 633 2796 tibi
655 2764 903 2806 miserabilisque
933 2763 1081 2795 videtur?
1127 2764 1187 2795 So.
1209 2762 1285 2794 Nou
1315 2762 1391 2793 mihi
1419 2761 1567 2805 quidem:
1592 2772 1697 2804 neque

231 2828 336 2853 tamen
350 2819 493 2852 conditio
517 2819 587 2860 ejus
613 2820 765 2861 optanda.
809 2819 895 2852 Pon.
919 2818 973 2850 An
993 2829 1057 2850 non
1083 2817 1177 2859 paulo
1204 2822 1278 2849 aute
1303 2816 1445 2848 miserum
1461 2816 1588 2857 dicebas
1603 2817 1697 2848 esse?

229 2876 288 2908 8ο.
311 2875 466 2907 Dicebam
479 2874 639 2915 equidem,
654 2884 673 2905 ο
689 2874 802 2915 amice,
817 2874 872 2905 sed
888 2873 1006 2915 injuste
1020 2873 1217 2905 occidentem
1233 2883 1242 2911 ;
1265 2870 1464 2912 eundemque
1489 2869 1616 2913 insuper
1638 2870 1696 2903 rui·

229 2929 412 2962 scrabilem:
436 2928 506 2970 ejus
519 2938 592 2961 vero
618 2928 672 2971 qui
694 2927 781 2970 juste
802 2927 963 2968 interficit,
987 2926 1204 2961 conditionem
1218 2935 1366 2968 noucsse
1381 2924 1564 2967 optandam.
1610 2925 1696 2958 Por..
