1846 3268
179 297 280 347 452]
781 293 1041 333 GoneiAS.
1570 300 1646 341 189

182 399 264 430 circa
278 408 444 430 sermones.
490 395 581 430 Gon.
605 396 689 434 Quia
712 401 883 428 ceterarum
910 395 1037 437 quidem
1060 395 1172 428 artium
1185 397 1315 430 scientia
1329 400 1442 442 omnis,
1457 411 1476 432 o
1491 402 1648 442 Socrates,

181 452 263 483 circa
278 451 437 482 manuales
449 450 630 482 affectiones
645 449 849 490 actionesque
869 448 1062 490 hujusmodi,
1088 455 1123 482 ut
1148 451 1192 481 ita
1206 452 1350 490 dixerim,
1366 460 1514 488 versatur.
1559 456 1648 489 Rhe.

183 506 288 537 toricae
302 516 375 536 vero
390 504 510 536 nullum
526 508 574 536 est
589 514 668 546 opus
682 503 853 545 ejusmodi,
868 504 922 535 sed
936 504 1037 534 omnis
1045 505 1128 536 actio
1141 505 1210 547 ejus
1223 512 1317 548 atque
1330 512 1469 549 potestas
1484 509 1517 540 in
1537 510 1646 542 dicen-

183 560 224 590 do
240 558 391 591 consistit.
422 558 515 590 Hanc
530 559 571 589 ob
587 568 712 589 causam
729 557 860 588 arbitror
873 557 1059 589 rhetoricam
1075 569 1142 589 esse
1153 564 1250 591 artem
1259 561 1342 593 circa
1353 572 1510 594 sermones
1524 574 1532 594 ε
1549 564 1646 606 idque

182 618 265 645 recte
278 613 440 644 dicere'me
455 612 584 643 affirmo.
628 612 684 642 So.
708 610 902 653 Intelligone
916 621 1010 653 quam
1027 612 1104 643 velis
1120 623 1188 644 eam
1204 613 1308 646 dicere
1321 614 1332 645 ?
1355 615 1434 646 forte
1443 627 1516 648 vero
1532 616 1646 649 clarius

180 667 457 708 comprehendam.
480 667 535 697 sed
552 666 719 707 responde.
765 665 845 696 Sunt
861 664 951 696 nobis
966 669 1061 703 artes,
1077 676 1118 696 an
1133 667 1221 697 non?
1268 667 1357 700 Gon.
1380 669 1472 703 Sunt.
1517 671 1574 704 So.
1597 671 1645 703 Ex

182 721 319 751 omnium
330 730 459 752 numero
474 720 585 751 artium
601 719 677 751 alias
692 729 759 750 esse
774 718 914 756 arbitror,
930 729 1002 760 quae
1017 719 1049 750 in
1065 730 1160 761 opere
1174 720 1344 761 plurimum
1360 728 1530 762 versantur,
1545 725 1646 758 verbis

181 779 285 806 autem
301 784 409 815 parum
433 774 603 805 admodum
624 773 789 815 indigent:
811 773 888 804 alias
904 783 989 811 vem,
1015 783 1087 816 quae
1112 774 1218 812 nullis,
1234 775 1290 806 sed
1305 776 1400 807 etiam
1417 787 1473 818 per
1486 778 1645 811 silentium

182 828 292 870 perfici
306 833 459 870 possunt:
484 828 749 870 quemadmodum
764 837 811 857 ars
826 826 991 868 pingendi,
1006 832 1038 859 et
1052 828 1213 866 statuaria,
1227 833 1260 860 et
1274 829 1344 861 aliae
1367 830 1486 865 multae.
1532 832 1580 863 Ex
1598 838 1645 864 ta-

181 881 256 913 lium
272 892 401 914 numero
417 892 530 924 negare
545 882 657 913 videris
669 892 736 913 esse
751 880 947 912 rhetoricam.
993 880 1085 914 Gon.
1109 881 1212 914 Recte
1226 883 1408 921 admodum,
1423 885 1578 924 Socrates,
1593 897 1647 919 ac·

180 935 273 977 cipiS.
319 936 374 968 So.
397 935 480 967 Aliae
497 940 644 977 praeterea
659 940 739 967 artes
755 941 839 972 sunt,
864 946 935 977 quae
952 936 1052 967 verbis
1075 941 1176 968 totum
1202 943 1378 980 peragunt:
1401 949 1495 980 opere
1511 951 1596 978 vero,
1613 946 1648 972 ut

178 990 226 1022 ita
237 990 352 1028 dicam,
365 996 419 1021 aut
433 991 509 1022 nihil
525 995 581 1023 aut
596 1001 702 1032 parum
718 989 874 1031 indigent.
896 990 999 1032 qualis
1014 994 1062 1021 est
1088 991 1296 1029 arithmetica,
1315 994 1556 1034 computatoria,
1571 1005 1646 1036 geo-

182 1045 303 1081 metria,
324 1051 357 1076 et
382 1050 562 1076 tesserarum
585 1044 780 1086 talorumque
803 1043 908 1083 ludus,
932 1050 965 1076 et
990 1044 1060 1076 aliae
1085 1045 1192 1077 multae
1218 1050 1322 1079 artes:
1345 1057 1474 1089 quarum
1501 1048 1645 1089 quaedam

181 1099 274 1129 verba
289 1099 463 1130 actionibus
481 1099 576 1130 ferme
591 1099 710 1131 habent
725 1099 859 1140 aequalia
873 1110 883 1138 3
906 1099 1047 1141 plurimae
1069 1110 1141 1131 vero
1157 1100 1246 1142 plura
1260 1112 1268 1132 ε
1291 1106 1387 1144 atque
1401 1102 1531 1133 omniuo
1547 1103 1647 1134 omnis

181 1162 284 1183 earum
300 1153 383 1184 actio
398 1158 599 1195 potestasque
616 1154 646 1184 in
663 1152 818 1194 ejusmodi
833 1153 933 1184 verbis
949 1152 1104 1186 consistit.
1148 1154 1258 1186 Talem
1282 1155 1418 1198 aliquam
1434 1155 1548 1187 videris
1570 1156 1647 1187 mihi

181 1206 363 1237 rhetoricam
380 1207 496 1238 dicere.
541 1207 633 1238 Gon.
657 1207 701 1237 Et
716 1218 786 1238 vere
802 1207 920 1238 videor.
966 1207 1022 1238 So.
1046 1207 1196 1241 Attamen
1209 1209 1316 1239 harum
1333 1209 1450 1240 nullam
1466 1210 1596 1241 arbitror
1614 1215 1645 1241 te

180 1259 364 1291 rhetoricam
380 1261 539 1302 appellare
553 1271 561 1292 ε
587 1260 727 1302 quamvis
743 1260 868 1298 dixeris,
884 1266 980 1291 artem
995 1260 1027 1290 in
1044 1261 1180 1292 dicendo
1197 1262 1257 1292 vim
1273 1262 1439 1294 habentem
1455 1273 1522 1294 esse
1541 1264 1645 1295 rheto-

179 1313 284 1346 ricam.
307 1325 377 1344 nam
393 1315 418 1345 si
432 1314 502 1356 quis
522 1313 660 1346 cavillari
677 1313 782 1350 vellet,
799 1313 844 1345 sic
861 1314 1162 1355 argumentationem
1178 1315 1369 1358 susciperet:
1394 1315 1477 1358 Ergo
1499 1316 1646 1348 arithme-

179 1368 284 1403 ticam,
301 1378 319 1398 o
345 1368 475 1409 Gorgia,
491 1367 675 1400 rhetoricam
701 1368 888 1409 nuncupas?
933 1367 1009 1399 Non
1033 1368 1145 1410 opinor
1171 1374 1274 1400 tamen
1301 1375 1331 1401 te
1349 1370 1397 1401 vel
1420 1371 1646 1403 arithmeticam

180 1421 228 1452 vel
244 1422 446 1463 geometriam
463 1422 644 1453 rhetoricam
672 1421 787 1453 dicere.
809 1422 905 1464 [451]
927 1421 1018 1454 Gon.
1042 1422 1144 1454 Recte
1169 1428 1272 1465 putas,
1295 1434 1314 1455 ο
1337 1424 1492 1463 Socrates,
1505 1430 1538 1456 et
1558 1425 1645 1466 juste

180 1475 323 1518 suscipis.
366 1477 422 1507 So.
446 1475 526 1518 Age,
543 1487 628 1508 nunc
645 1482 677 1507 et
693 1483 726 1507 tu
741 1476 979 1518 responsionem
1006 1487 1098 1518 quam
1122 1478 1268 1518 petebam
1294 1478 1416 1519 perfice.
1441 1490 1512 1512 cum
1538 1480 1645 1511 rheto-

179 1530 242 1561 rica
257 1529 297 1561 sit
311 1541 347 1561 ex
364 1541 468 1561 earum
484 1531 594 1561 artium
610 1541 750 1568 numero,
775 1541 846 1573 quae
872 1530 1039 1573 plurimum
1056 1531 1156 1563 verbis
1182 1537 1322 1569 utuntur,
1346 1533 1410 1564 sint
1425 1544 1496 1564 vero
1520 1538 1553 1564 et
1574 1534 1644 1565 aliae

179 1584 278 1615 tales:
302 1595 414 1616 conare
440 1585 530 1615 nobis
554 1585 737 1626 exprimere,
762 1595 906 1627 quaenam
932 1596 992 1626 ars,
1009 1590 1040 1616 et
1063 1586 1146 1617 circa
1165 1586 1241 1628 quid
1257 1586 1288 1617 in
1304 1587 1441 1618 dicendo
1457 1587 1519 1619 vim
1536 1589 1646 1629 praeci-

178 1649 272 1679 puam
288 1639 405 1670 habens
420 1639 460 1670 sit
475 1639 637 1671 rhetorica.
685 1638 795 1670 Veluti
811 1639 835 1670 si
849 1639 917 1680 quis
932 1639 964 1669 in
989 1639 1116 1676 artibus,
1131 1650 1208 1681 quas
1231 1650 1325 1682 supra
1347 1642 1640 1678 commemorabam,

180 1703 229 1724 me
244 1693 422 1734 interroget,
434 1703 453 1723 0
467 1693 622 1731 Socrates,
637 1703 781 1735 quaenam
797 1693 919 1724 illarum
936 1693 1131 1725 arithmetica
1153 1699 1212 1731 est,
1227 1695 1448 1735 responderem
1472 1695 1593 1737 utique,
1611 1701 1646 1726 ut

181 1752 213 1777 tu
230 1748 323 1778 modo
337 1746 476 1787 dicebas,
488 1758 555 1779 eam
583 1759 652 1779 esse
673 1759 710 1779 ex
736 1758 841 1778 earum
866 1747 977 1778 artium
1004 1757 1228 1790 numero,quae
1243 1748 1345 1779 verbis
1372 1749 1539 1790 plurimum
1563 1761 1647 1781 asse-

179 1806 328 1842 quuntur.
373 1801 422 1833 Ac
437 1801 461 1832 si
477 1813 579 1832 rursus
597 1806 841 1843 percontaretur,
857 1801 939 1833 circa
960 1802 1037 1843 quid
1055 1807 1206 1843 versatur,
1226 1803 1362 1834 dicerem
1383 1803 1466 1835 circa
1490 1804 1573 1845 paris
1587 1804 1645 1834 im-

169 1846 326 1898 parisque
350 1856 504 1894 notitiam,
527 1861 604 1897 quot
620 1861 750 1898 utraque
767 1855 840 1887 sint.
885 1856 971 1893 Quin
988 1856 1082 1887 etiam
1099 1857 1124 1887 si
1146 1856 1282 1898 requirat
1299 1857 1426 1898 iterum,
1448 1862 1647 1899 computato-

179 1911 254 1941 riam
278 1921 349 1942 vcro
365 1916 459 1941 artem
476 1921 568 1952 quam
584 1910 755 1952 appellem,
770 1911 980 1952 respondebo,
995 1911 1076 1942 hanc
1099 1922 1228 1953 quoque
1253 1911 1333 1942 inter
1353 1921 1406 1942 eas
1427 1916 1507 1942 artes
1523 1916 1644 1943 connu-

181 1965 299 2002 merari,
313 1975 384 2006 quae
400 1965 500 1996 verbis
517 1969 616 1996 toturn
631 1964 778 2007 implent.
823 1965 920 2002 Quod
936 1964 963 1996 si
977 1964 1139 2006 efflagitet,
1163 1965 1245 1996 circa
1260 1965 1334 2007 quid
1351 1970 1499 2006 versetur,
1512 1975 1644 2007 respon-

178 2019 261 2050 debo
277 2029 382 2049 eorum
400 2029 495 2056 more,
513 2019 567 2061 qui
589 2019 716 2051 decreta
731 2018 933 2051 conscribunt
947 2019 979 2049 in
1004 2019 1145 2061 populo:
1170 2019 1319 2051 videlicet
1333 2020 1595 2061 computatoriam
1612 2019 1644 2050 in

173 2073 242 2111 aliis
257 2073 382 2115 quidem
396 2073 441 2104 ita
457 2084 489 2104 se
506 2074 619 2104 habere
635 2074 900 2117 quemadmodum
917 2077 950 2104 et
976 2073 1171 2104 arithmetica
1186 2084 1254 2105 sese
1270 2074 1375 2107 habet.
1420 2073 1545 2115 Nempe
1562 2074 1644 2105 circa

176 2127 260 2159 idem
277 2133 438 2169 utramque
453 2138 531 2165 esse,
548 2138 604 2169 par
618 2127 739 2159 scilicet
751 2133 846 2169 atque
861 2127 960 2169 impar
973 2138 980 2157 z
1005 2127 1060 2159 sed
1075 2126 1110 2158 in
1125 2128 1184 2159 hoc
1200 2127 1335 2165 differre,
1349 2127 1497 2170 quoniam
1512 2138 1643 2169 compu-

178 2182 289 2213 tatoria
309 2181 486 2213 consideret
513 2193 567 2223 par
592 2187 625 2213 et
640 2182 751 2224 impar,
767 2193 860 2223 quam
877 2186 910 2213 et
923 2182 963 2212 ad
988 2192 1020 2213 se
1046 2186 1079 2212 et
1104 2181 1239 2213 invicem
1262 2182 1446 2224 quantitatis
1470 2181 1643 2213 conficiant

178 2245 338 2266 summam.
383 2235 539 2267 Praeterea
553 2235 577 2267 si
593 2236 675 2278 quis„
692 2247 741 2267 me
757 2236 896 2273 dicente,
910 2235 1131 2266 astronomiam
1151 2235 1184 2266 in
1199 2246 1303 2266 earum
1319 2235 1430 2266 artium
1446 2245 1559 2277 genere
1574 2235 1639 2266 col-

177 2288 283 2327 locari,
299 2300 370 2331 quae
396 2295 495 2321 totum
523 2290 624 2321 verbis
648 2290 827 2327 absolvunt,
845 2300 947 2321 rursus
972 2294 1217 2331 percontaretur,
1234 2289 1316 2321 circa
1341 2290 1417 2331 quid
1443 2288 1639 2332 potissimum

177 2344 310 2375 tendant
330 2344 527 2375 astronomiae
554 2344 667 2375 verba:
693 2344 891 2385 subjicerem,
914 2343 996 2375 circa
1021 2348 1170 2374 astrorum
1197 2347 1314 2374 motum
1337 2343 1474 2385 solisque
1499 2343 1643 2383 etlunae,

177 2408 240 2439 qua
254 2398 386 2429 invicem
400 2398 518 2429 ratione
534 2397 657 2429 illorum
675 2409 707 2430 se
727 2399 865 2430 habeant
887 2409 1004 2429 cursu-⁸.
1050 2397 1138 2429 Gon.
1162 2397 1265 2428 Recte
1278 2396 1430 2439 profecto,
1452 2408 1470 2428 o
1487 2396 1642 2432 Socrates,

177 2452 391 2492 responderes.
436 2452 493 2484 So.
516 2451 586 2494 Age
598 2452 662 2494 jam
679 2458 711 2484 et
727 2457 772 2490 tu,
790 2464 809 2484 ο
825 2452 956 2494 Gorgia.
1002 2451 1149 2483 Profecto
1165 2451 1315 2483 rhetorica
1326 2462 1363 2483 ex
1378 2451 1438 2482 illis
1454 2455 1503 2482 est
1512 2451 1642 2487 artibus,

177 2514 250 2547 quas
275 2506 368 2536 verbu
393 2511 583 2548 pertractant
612 2507 717 2538 onmia
744 2512 777 2538 et
800 2506 980 2548 perficiunt.
1003 2506 1130 2537 nonne?
1176 2505 1268 2537 Gon.
1291 2505 1448 2537 Profecto.
1495 2504 1552 2536 So.
1577 2504 1642 2536 Dic

177 2570 263 2601 ergo,
278 2560 354 2600 quid
371 2570 408 2590 ex
422 2560 566 2591 omnibus
581 2559 614 2592 id
631 2561 671 2591 sit
687 2561 893 2602 potissimum,
910 2561 950 2591 de
966 2571 1029 2601 quo
1044 2558 1066 2590 ii
1082 2570 1238 2591 sermones
1254 2560 1419 2596 habentur,
1434 2557 1548 2601 quibus
1571 2558 1641 2589 rbe-

175 2613 273 2645 torica
289 2613 406 2644 utitur?
451 2613 527 2645 Gor.
551 2615 692 2646 Maxima
713 2620 746 2645 et
770 2615 902 2656 optima,
925 2626 944 2645 o
967 2615 1123 2651 Socrates,
1149 2624 1248 2645 rerum
1274 2614 1478 2644 humanarum
1502 2612 1640 2653 negotia.

178 2666 235 2700 So.
257 2666 304 2698 At
324 2667 384 2698 hoc
399 2667 540 2698 similiter
559 2668 813 2711 ambiguumpst,
830 2669 959 2710 Gorgia,
979 2679 1037 2700 nec
1065 2668 1130 2699 ullo
1152 2668 1246 2699 modo
1261 2667 1388 2699 clarum.
1411 2667 1538 2698 arbitror
1552 2666 1641 2707 equi·

176 2722 261 2758 dem,
277 2727 308 2753 te
323 2721 511 2753 cantilenam
528 2721 624 2760 illam,
637 2733 708 2764 quae
724 2724 840 2755 circum
856 2723 886 2754 in
914 2722 1067 2755 conviviis
1093 2722 1226 2762 canitur,
1240 2721 1407 2758 audivisse,
1423 2721 1454 2751 in
1482 2730 1544 2761 qua
1566 2729 1642 2750 can-

177 2781 257 2808 tores
272 2775 316 2806 ita
330 2780 577 2806 connumerant:
600 2776 765 2818 Optimum
781 2777 908 2819 quidem
922 2787 988 2808 esse
1004 2778 1084 2808 bene
1101 2776 1201 2807 valere
1215 2787 1223 2807 ε
1247 2775 1394 2807 Secundo
1410 2774 1480 2806 loco
1496 2784 1563 2805 esse
1577 2773 1641 2803 for-

179 2839 298 2860 mosum
314 2841 321 2859 ;
345 2829 450 2860 Tertio
467 2830 579 2861 habere
595 2830 732 2868 divitias,
757 2836 792 2862 ut
809 2831 908 2862 verbis
933 2830 1037 2872 poe'tae
1054 2830 1150 2872 ipsius
1167 2837 1245 2867 utar,
1261 2829 1347 2860 nulla
1361 2829 1470 2860 fraude
1485 2827 1641 2870 quaesitas.

180 2882 272 2922 Gon..
298 2883 414 2914 Audivi
431 2883 584 2915 nimirum.
609 2884 663 2914 sed
681 2895 825 2925 quorsum
842 2885 909 2915 haec
927 2884 938 2914 ?
984 2883 1041 2914 So.
1063 2883 1220 2921 Quoniam
1237 2883 1340 2914 subito
1364 2882 1421 2913 tibi
1445 2881 1542 2922 [452]
1567 2879 1640 2910 arti-

177 2936 251 2968 fices
267 2947 370 2968 earum
387 2948 486 2968 rerum
503 2931 711 2974 occurrerent,
724 2949 801 2980 quas
827 2937 858 2969 in
884 2949 922 2969 ea
943 2938 1100 2969 cantilena
1117 2938 1214 2980 poeta
1230 2937 1382 2973 laudavit,
1399 2935 1537 2966 medicus
1552 2934 1638 2964 vide-

175 2989 251 3024 licet
265 2994 297 3021 ct
310 2990 497 3034 paedotrlbcs
513 2997 545 3023 et
560 2997 747 3030 numtuator,
763 2991 944 3034 diceretque
959 2991 1091 3034 primum
1107 2991 1258 3033 medicus,
1274 2989 1405 3031 Decipit
1421 2993 1451 3019 te
1464 2986 1607 3029 Gorgias,
1620 2998 1638 3017 0
