<?xml version="1.0" encoding="UTF-8"?>
<!DOCTYPE html PUBLIC "-//W3C//DTD XHTML 1.0 Transitional//EN"
    "http://www.w3.org/TR/xhtml1/DTD/xhtml1-transitional.dtd">
<html xmlns="http://www.w3.org/1999/xhtml" xml:lang="en" lang="en">
 <head>
  <title>
</title>
<meta http-equiv="Content-Type" content="text/html;charset=utf-8" />
  <meta name='ocr-system' content='tesseract 3.04.00' />
  <meta name='ocr-capabilities' content='ocr_page ocr_carea ocr_par ocr_line ocrx_word'/>
</head>
<body>
  <div class='ocr_page' id='page_1' title='image "./platonisetquaeve10plat_0272.png"; bbox 0 0 1846 3268; ppageno 0'>
   <div class='ocr_carea' id='block_1_1' title="bbox 229 260 1701 318">
    <p class='ocr_par' dir='ltr' id='par_1_1' title="bbox 229 260 1701 318">
     <span class='ocr_line' id='line_1_1' title="bbox 229 260 1701 318; baseline 0.001 -16"><span class='ocrx_word' id='word_1_1' title='bbox 229 264 309 303; x_wconf 79' lang='lat'>262</span> <span class='ocrx_word' id='word_1_2' title='bbox 839 260 1108 303; x_wconf 79' lang='lat' dir='ltr'>PLATONIS</span> <span class='ocrx_word' id='word_1_3' title='bbox 1141 261 1144 264; x_wconf 54' lang='lat'><em>⁴</em></span> <span class='ocrx_word' id='word_1_4' title='bbox 1602 266 1701 318; x_wconf 82' lang='lat'>[196</span> 
     </span>
    </p>
   </div>
   <div class='ocr_carea' id='block_1_2' title="bbox 225 363 1702 3069">
    <p class='ocr_par' dir='ltr' id='par_1_2' title="bbox 225 363 1702 3069">
     <span class='ocr_line' id='line_1_2' title="bbox 229 363 1697 409; baseline 0 -10"><span class='ocrx_word' id='word_1_5' title='bbox 229 367 437 409; x_wconf 87' lang='lat' dir='ltr'>audiuntque,</span> <span class='ocrx_word' id='word_1_6' title='bbox 452 370 486 398; x_wconf 87' lang='lat' dir='ltr'>et</span> <span class='ocrx_word' id='word_1_7' title='bbox 499 364 585 398; x_wconf 80' lang='lat' dir='ltr'>aliud</span> <span class='ocrx_word' id='word_1_8' title='bbox 602 374 687 406; x_wconf 83' lang='lat' dir='ltr'>saepe</span> <span class='ocrx_word' id='word_1_9' title='bbox 701 373 757 406; x_wconf 90' lang='lat' dir='ltr'>pro</span> <span class='ocrx_word' id='word_1_10' title='bbox 773 363 835 396; x_wconf 80' lang='lat' dir='ltr'>alio</span> <span class='ocrx_word' id='word_1_11' title='bbox 846 364 1017 406; x_wconf 82' lang='lat' dir='ltr'>cogitando</span> <span class='ocrx_word' id='word_1_12' title='bbox 1029 364 1156 407; x_wconf 87' lang='lat' dir='ltr'>decepti</span> <span class='ocrx_word' id='word_1_13' title='bbox 1169 364 1374 408; x_wconf 85' lang='lat' dir='ltr'>concipiunt:</span> <span class='ocrx_word' id='word_1_14' title='bbox 1399 371 1494 409; x_wconf 78' lang='lat' dir='ltr'>atque</span> <span class='ocrx_word' id='word_1_15' title='bbox 1507 365 1540 398; x_wconf 87' lang='lat' dir='ltr'>hi</span> <span class='ocrx_word' id='word_1_16' title='bbox 1555 366 1697 409; x_wconf 79' lang='lat' dir='ltr'>decepti,</span> 
     </span>
     <span class='ocr_line' id='line_1_3' title="bbox 229 417 1697 463; baseline 0 -10"><span class='ocrx_word' id='word_1_17' title='bbox 229 421 429 458; x_wconf 73' lang='lat' dir='ltr'>mentientes,</span> <span class='ocrx_word' id='word_1_18' title='bbox 444 420 542 462; x_wconf 85' lang='lat' dir='ltr'>ignari</span> <span class='ocrx_word' id='word_1_19' title='bbox 553 423 715 450; x_wconf 84' lang='lat' dir='ltr'>vocantur.</span> <span class='ocrx_word' id='word_1_20' title='bbox 756 417 846 450; x_wconf 70' lang='lat' dir='ltr'>Tun.</span> <span class='ocrx_word' id='word_1_21' title='bbox 868 417 1055 451; x_wconf 77' lang='lat' dir='ltr'>Rectissime</span> <span class='ocrx_word' id='word_1_22' title='bbox 1071 420 1223 460; x_wconf 89' lang='lat' dir='ltr'>omnium,</span> <span class='ocrx_word' id='word_1_23' title='bbox 1240 431 1259 451; x_wconf 94' lang='lat' dir='ltr'>o</span> <span class='ocrx_word' id='word_1_24' title='bbox 1275 421 1430 459; x_wconf 77' lang='lat' dir='ltr'><strong>Socrates,</strong></span> <span class='ocrx_word' id='word_1_25' title='bbox 1446 420 1594 463; x_wconf 84' lang='lat' dir='ltr'>loqueris.</span> <span class='ocrx_word' id='word_1_26' title='bbox 1639 421 1697 454; x_wconf 85' lang='lat' dir='ltr'>So.</span> 
     </span>
     <span class='ocr_line' id='line_1_4' title="bbox 228 471 1697 514; baseline -0.001 -7"><span class='ocrx_word' id='word_1_27' title='bbox 228 473 404 507; x_wconf 83' lang='lat' dir='ltr'>Fatendum</span> <span class='ocrx_word' id='word_1_28' title='bbox 419 474 516 514; x_wconf 84' lang='lat' dir='ltr'>igitur</span> <span class='ocrx_word' id='word_1_29' title='bbox 535 473 629 504; x_wconf 84' lang='lat' dir='ltr'>salsas</span> <span class='ocrx_word' id='word_1_30' title='bbox 656 471 836 503; x_wconf 86' lang='lat' dir='ltr'>hominibus</span> <span class='ocrx_word' id='word_1_31' title='bbox 858 473 1025 514; x_wconf 77' lang='lat' dir='ltr'><strong>opiniones</strong></span> <span class='ocrx_word' id='word_1_32' title='bbox 1050 473 1162 505; x_wconf 85' lang='lat' dir='ltr'>inesse.</span> <span class='ocrx_word' id='word_1_33' title='bbox 1205 473 1290 507; x_wconf 66' lang='lat' dir='ltr'>Tua.</span> <span class='ocrx_word' id='word_1_34' title='bbox 1312 474 1427 507; x_wconf 81' lang='lat' dir='ltr'><strong>Valde.</strong></span> <span class='ocrx_word' id='word_1_35' title='bbox 1473 475 1530 506; x_wconf 87' lang='lat' dir='ltr'>So.</span> <span class='ocrx_word' id='word_1_36' title='bbox 1552 474 1596 506; x_wconf 88' lang='lat' dir='ltr'>Et</span> <span class='ocrx_word' id='word_1_37' title='bbox 1609 485 1697 507; x_wconf 81' lang='lat' dir='ltr'>veras</span> 
     </span>
     <span class='ocr_line' id='line_1_5' title="bbox 229 525 1699 571; baseline -0.001 -10"><span class='ocrx_word' id='word_1_38' title='bbox 229 529 369 571; x_wconf 79' lang='lat' dir='ltr'>insuper.</span> <span class='ocrx_word' id='word_1_39' title='bbox 414 528 502 560; x_wconf 66' lang='lat' dir='ltr'>Tne.</span> <span class='ocrx_word' id='word_1_40' title='bbox 527 526 569 557; x_wconf 85' lang='lat' dir='ltr'>Et</span> <span class='ocrx_word' id='word_1_41' title='bbox 583 536 682 557; x_wconf 84' lang='lat' dir='ltr'>veras.</span> <span class='ocrx_word' id='word_1_42' title='bbox 726 525 782 557; x_wconf 87' lang='lat' dir='ltr'>So.</span> <span class='ocrx_word' id='word_1_43' title='bbox 803 526 877 558; x_wconf 87' lang='lat' dir='ltr'>Jarn</span> <span class='ocrx_word' id='word_1_44' title='bbox 893 526 1004 568; x_wconf 88' lang='lat' dir='ltr'>utique</span> <span class='ocrx_word' id='word_1_45' title='bbox 1028 527 1104 558; x_wconf 84' lang='lat' dir='ltr'>satis</span> <span class='ocrx_word' id='word_1_46' title='bbox 1129 532 1275 569; x_wconf 34' lang='lat' dir='ltr'>constare,</span> <span class='ocrx_word' id='word_1_47' title='bbox 1297 529 1486 570; x_wconf 84' lang='lat' dir='ltr'>putandum,</span> <span class='ocrx_word' id='word_1_48' title='bbox 1500 529 1578 560; x_wconf 80' lang='lat' dir='ltr'>duas</span> <span class='ocrx_word' id='word_1_49' title='bbox 1593 529 1699 571; x_wconf 90' lang='lat' dir='ltr'>opini-</span> 
     </span>
     <span class='ocr_line' id='line_1_6' title="bbox 229 579 1700 625; baseline 0 -11"><span class='ocrx_word' id='word_1_50' title='bbox 229 594 307 614; x_wconf 88' lang='lat' dir='ltr'>ones</span> <span class='ocrx_word' id='word_1_51' title='bbox 322 593 401 614; x_wconf 85' lang='lat' dir='ltr'>esse.</span> <span class='ocrx_word' id='word_1_52' title='bbox 444 581 531 613; x_wconf 69' lang='lat' dir='ltr'>Tne.</span> <span class='ocrx_word' id='word_1_53' title='bbox 554 580 766 622; x_wconf 87' lang='lat' dir='ltr'>Magnopere.</span> <span class='ocrx_word' id='word_1_54' title='bbox 812 579 868 612; x_wconf 87' lang='lat' dir='ltr'>So.</span> <span class='ocrx_word' id='word_1_55' title='bbox 893 579 1096 622; x_wconf 88' lang='lat' dir='ltr'>Importunus</span> <span class='ocrx_word' id='word_1_56' title='bbox 1111 590 1226 613; x_wconf 80' lang='lat' dir='ltr'>revera</span> <span class='ocrx_word' id='word_1_57' title='bbox 1241 582 1452 625; x_wconf 84' lang='lat' dir='ltr'>molestusque</span> <span class='ocrx_word' id='word_1_58' title='bbox 1471 583 1655 620; x_wconf 87' lang='lat' dir='ltr'>admodum,</span> <span class='ocrx_word' id='word_1_59' title='bbox 1679 593 1700 614; x_wconf 93' lang='lat' dir='ltr'>o</span> 
     </span>
     <span class='ocr_line' id='line_1_7' title="bbox 226 633 1696 677; baseline -0.001 -8"><span class='ocrx_word' id='word_1_60' title='bbox 226 637 401 674; x_wconf 80' lang='lat' dir='ltr'>Tbeaetetc,</span> <span class='ocrx_word' id='word_1_61' title='bbox 414 636 459 666; x_wconf 90' lang='lat' dir='ltr'>vir</span> <span class='ocrx_word' id='word_1_62' title='bbox 482 633 621 677; x_wconf 80' lang='lat' dir='ltr'>garrulus</span> <span class='ocrx_word' id='word_1_63' title='bbox 644 645 712 665; x_wconf 86' lang='lat' dir='ltr'>esse</span> <span class='ocrx_word' id='word_1_64' title='bbox 728 634 862 665; x_wconf 90' lang='lat' dir='ltr'>videtur.</span> <span class='ocrx_word' id='word_1_65' title='bbox 906 634 994 667; x_wconf 74' lang='lat' dir='ltr'>Tua.</span> <span class='ocrx_word' id='word_1_66' title='bbox 1017 634 1175 672; x_wconf 83' lang='lat' dir='ltr'>Quorsum</span> <span class='ocrx_word' id='word_1_67' title='bbox 1198 636 1290 668; x_wconf 78' lang='lat' dir='ltr'>haec?</span> <span class='ocrx_word' id='word_1_68' title='bbox 1336 636 1392 668; x_wconf 93' lang='lat' dir='ltr'>So.</span> <span class='ocrx_word' id='word_1_69' title='bbox 1417 636 1499 674; x_wconf 84' lang='lat' dir='ltr'>Quia</span> <span class='ocrx_word' id='word_1_70' title='bbox 1526 636 1696 669; x_wconf 77' lang='lat' dir='ltr'>ruditatem</span> 
     </span>
     <span class='ocr_line' id='line_1_8' title="bbox 228 687 1697 733; baseline 0.001 -11"><span class='ocrx_word' id='word_1_71' title='bbox 228 701 329 723; x_wconf 88' lang='lat' dir='ltr'>meam</span> <span class='ocrx_word' id='word_1_72' title='bbox 343 689 471 721; x_wconf 85' lang='lat' dir='ltr'>moleste</span> <span class='ocrx_word' id='word_1_73' title='bbox 483 688 563 728; x_wconf 83' lang='lat' dir='ltr'>sero,</span> <span class='ocrx_word' id='word_1_74' title='bbox 578 687 668 729; x_wconf 82' lang='lat' dir='ltr'>quasi</span> <span class='ocrx_word' id='word_1_75' title='bbox 684 688 893 730; x_wconf 78' lang='lat' dir='ltr'><strong>garrulitatem</strong></span> <span class='ocrx_word' id='word_1_76' title='bbox 909 689 1079 731; x_wconf 88' lang='lat' dir='ltr'>quandam.</span> <span class='ocrx_word' id='word_1_77' title='bbox 1103 699 1174 720; x_wconf 85' lang='lat' dir='ltr'>narn</span> <span class='ocrx_word' id='word_1_78' title='bbox 1201 690 1286 732; x_wconf 89' lang='lat' dir='ltr'>quod</span> <span class='ocrx_word' id='word_1_79' title='bbox 1301 690 1387 722; x_wconf 84' lang='lat' dir='ltr'>aliud</span> <span class='ocrx_word' id='word_1_80' title='bbox 1402 691 1566 733; x_wconf 88' lang='lat' dir='ltr'>quisquam</span> <span class='ocrx_word' id='word_1_81' title='bbox 1581 701 1697 723; x_wconf 85' lang='lat' dir='ltr'>nomen</span> 
     </span>
     <span class='ocr_line' id='line_1_9' title="bbox 228 741 1699 787; baseline 0 -11"><span class='ocrx_word' id='word_1_82' title='bbox 228 745 384 787; x_wconf 84' lang='lat' dir='ltr'>imponat,</span> <span class='ocrx_word' id='word_1_83' title='bbox 400 743 528 786; x_wconf 86' lang='lat' dir='ltr'>quando</span> <span class='ocrx_word' id='word_1_84' title='bbox 543 742 656 784; x_wconf 89' lang='lat' dir='ltr'>aliquis</span> <span class='ocrx_word' id='word_1_85' title='bbox 671 742 712 773; x_wconf 93' lang='lat' dir='ltr'>ob</span> <span class='ocrx_word' id='word_1_86' title='bbox 727 741 846 784; x_wconf 85' lang='lat' dir='ltr'>ingenii</span> <span class='ocrx_word' id='word_1_87' title='bbox 862 743 1038 774; x_wconf 80' lang='lat' dir='ltr'><strong>tarditatem</strong></span> <span class='ocrx_word' id='word_1_88' title='bbox 1056 753 1212 775; x_wconf 77' lang='lat' dir='ltr'>sermones</span> <span class='ocrx_word' id='word_1_89' title='bbox 1227 754 1345 775; x_wconf 85' lang='lat' dir='ltr'>sursum</span> <span class='ocrx_word' id='word_1_90' title='bbox 1361 744 1544 776; x_wconf 85' lang='lat' dir='ltr'>deorsumve</span> <span class='ocrx_word' id='word_1_91' title='bbox 1559 744 1699 782; x_wconf 83' lang='lat' dir='ltr'>invertit,</span> 
     </span>
     <span class='ocr_line' id='line_1_10' title="bbox 229 797 1696 841; baseline -0.001 -10"><span class='ocrx_word' id='word_1_92' title='bbox 229 810 300 831; x_wconf 91' lang='lat' dir='ltr'>cum</span> <span class='ocrx_word' id='word_1_93' title='bbox 317 797 496 841; x_wconf 81' lang='lat' dir='ltr'>persuaderi</span> <span class='ocrx_word' id='word_1_94' title='bbox 510 798 657 838; x_wconf 82' lang='lat' dir='ltr'>nequeat,</span> <span class='ocrx_word' id='word_1_95' title='bbox 673 801 706 828; x_wconf 91' lang='lat' dir='ltr'>et</span> <span class='ocrx_word' id='word_1_96' title='bbox 721 801 869 838; x_wconf 89' lang='lat' dir='ltr'>tanquam</span> <span class='ocrx_word' id='word_1_97' title='bbox 885 797 981 828; x_wconf 75' lang='lat' dir='ltr'>hebes</span> <span class='ocrx_word' id='word_1_98' title='bbox 998 797 1148 840; x_wconf 85' lang='lat' dir='ltr'>expedire</span> <span class='ocrx_word' id='word_1_99' title='bbox 1169 798 1417 840; x_wconf 89' lang='lat' dir='ltr'>disputationem</span> <span class='ocrx_word' id='word_1_100' title='bbox 1433 798 1561 830; x_wconf 89' lang='lat' dir='ltr'>omnino</span> <span class='ocrx_word' id='word_1_101' title='bbox 1576 799 1696 830; x_wconf 83' lang='lat' dir='ltr'>nullam</span> 
     </span>
     <span class='ocr_line' id='line_1_11' title="bbox 225 849 1690 892; baseline 0 -8"><span class='ocrx_word' id='word_1_102' title='bbox 225 852 330 884; x_wconf 86' lang='lat' dir='ltr'>valcat</span> <span class='ocrx_word' id='word_1_103' title='bbox 343 856 376 883; x_wconf 86' lang='lat' dir='ltr'>et</span> <span class='ocrx_word' id='word_1_104' title='bbox 390 850 603 882; x_wconf 77' lang='lat' dir='ltr'>dubitationes</span> <span class='ocrx_word' id='word_1_105' title='bbox 618 849 772 881; x_wconf 81' lang='lat' dir='ltr'>evadere?</span> <span class='ocrx_word' id='word_1_106' title='bbox 814 849 902 882; x_wconf 76' lang='lat' dir='ltr'>Tris.</span> <span class='ocrx_word' id='word_1_107' title='bbox 923 850 971 881; x_wconf 91' lang='lat' dir='ltr'>Tu</span> <span class='ocrx_word' id='word_1_108' title='bbox 989 861 1060 882; x_wconf 87' lang='lat' dir='ltr'>vero</span> <span class='ocrx_word' id='word_1_109' title='bbox 1075 851 1152 892; x_wconf 91' lang='lat' dir='ltr'>quid</span> <span class='ocrx_word' id='word_1_110' title='bbox 1168 851 1298 883; x_wconf 77' lang='lat' dir='ltr'>moleste</span> <span class='ocrx_word' id='word_1_111' title='bbox 1313 852 1373 883; x_wconf 84' lang='lat' dir='ltr'>fers</span> <span class='ocrx_word' id='word_1_112' title='bbox 1386 853 1398 884; x_wconf 88' lang='lat'>?</span> <span class='ocrx_word' id='word_1_113' title='bbox 1442 853 1499 886; x_wconf 88' lang='lat' dir='ltr'>So.</span> <span class='ocrx_word' id='word_1_114' title='bbox 1514 851 1597 883; x_wconf 74' lang='lat' dir='ltr'>›Non</span> <span class='ocrx_word' id='word_1_115' title='bbox 1619 857 1690 884; x_wconf 81' lang='lat' dir='ltr'>tan-</span> 
     </span>
     <span class='ocr_line' id='line_1_12' title="bbox 227 903 1695 948; baseline 0 -10"><span class='ocrx_word' id='word_1_116' title='bbox 227 913 296 938; x_wconf 84' lang='lat' dir='ltr'>tum</span> <span class='ocrx_word' id='word_1_117' title='bbox 311 916 393 948; x_wconf 83' lang='lat' dir='ltr'>aegre</span> <span class='ocrx_word' id='word_1_118' title='bbox 407 905 521 948; x_wconf 87' lang='lat' dir='ltr'>patior,</span> <span class='ocrx_word' id='word_1_119' title='bbox 535 914 640 935; x_wconf 83' lang='lat' dir='ltr'>verum</span> <span class='ocrx_word' id='word_1_120' title='bbox 658 903 751 935; x_wconf 89' lang='lat' dir='ltr'>etiam</span> <span class='ocrx_word' id='word_1_121' title='bbox 764 903 919 941; x_wconf 85' lang='lat' dir='ltr'>dubitavi,</span> <span class='ocrx_word' id='word_1_122' title='bbox 936 904 1086 945; x_wconf 82' lang='lat' dir='ltr'>quidnam</span> <span class='ocrx_word' id='word_1_123' title='bbox 1103 905 1321 946; x_wconf 85' lang='lat' dir='ltr'>respondeam,</span> <span class='ocrx_word' id='word_1_124' title='bbox 1338 906 1364 936; x_wconf 90' lang='lat' dir='ltr'>si</span> <span class='ocrx_word' id='word_1_125' title='bbox 1379 906 1450 948; x_wconf 90' lang='lat' dir='ltr'>quis</span> <span class='ocrx_word' id='word_1_126' title='bbox 1465 906 1510 937; x_wconf 80' lang='lat' dir='ltr'>ita</span> <span class='ocrx_word' id='word_1_127' title='bbox 1523 906 1695 948; x_wconf 65' lang='lat' dir='ltr'>quesierit,</span> 
     </span>
     <span class='ocr_line' id='line_1_13' title="bbox 228 957 1696 1002; baseline -0.001 -10"><span class='ocrx_word' id='word_1_128' title='bbox 228 960 259 992; x_wconf 89' lang='lat' dir='ltr'>O</span> <span class='ocrx_word' id='word_1_129' title='bbox 275 960 430 996; x_wconf 81' lang='lat' dir='ltr'>Socrates,</span> <span class='ocrx_word' id='word_1_130' title='bbox 445 958 583 999; x_wconf 84' lang='lat' dir='ltr'>reperisti</span> <span class='ocrx_word' id='word_1_131' title='bbox 594 957 674 999; x_wconf 86' lang='lat' dir='ltr'>jam,</span> <span class='ocrx_word' id='word_1_132' title='bbox 689 957 872 999; x_wconf 85' lang='lat' dir='ltr'>opinionem</span> <span class='ocrx_word' id='word_1_133' title='bbox 888 958 994 989; x_wconf 82' lang='lat' dir='ltr'>falsam</span> <span class='ocrx_word' id='word_1_134' title='bbox 1018 969 1082 989; x_wconf 90' lang='lat' dir='ltr'>non</span> <span class='ocrx_word' id='word_1_135' title='bbox 1108 958 1142 990; x_wconf 89' lang='lat' dir='ltr'>in</span> <span class='ocrx_word' id='word_1_136' title='bbox 1164 958 1306 990; x_wconf 85' lang='lat' dir='ltr'>sensibus</span> <span class='ocrx_word' id='word_1_137' title='bbox 1321 959 1469 997; x_wconf 87' lang='lat' dir='ltr'>invicem,</span> <span class='ocrx_word' id='word_1_138' title='bbox 1484 961 1592 992; x_wconf 88' lang='lat' dir='ltr'>nonin</span> <span class='ocrx_word' id='word_1_139' title='bbox 1608 961 1696 1002; x_wconf 85' lang='lat' dir='ltr'>cogi-</span> 
     </span>
     <span class='ocr_line' id='line_1_14' title="bbox 227 1012 1697 1055; baseline 0 -9"><span class='ocrx_word' id='word_1_140' title='bbox 227 1013 412 1054; x_wconf 77' lang='lat' dir='ltr'>tationibus,</span> <span class='ocrx_word' id='word_1_141' title='bbox 428 1012 530 1044; x_wconf 88' lang='lat' dir='ltr'>sedin</span> <span class='ocrx_word' id='word_1_142' title='bbox 546 1020 714 1054; x_wconf 87' lang='lat' dir='ltr'>congressu</span> <span class='ocrx_word' id='word_1_143' title='bbox 735 1021 845 1043; x_wconf 89' lang='lat' dir='ltr'>sensus</span> <span class='ocrx_word' id='word_1_144' title='bbox 869 1022 939 1043; x_wconf 90' lang='lat' dir='ltr'>cum</span> <span class='ocrx_word' id='word_1_145' title='bbox 965 1012 1156 1054; x_wconf 78' lang='lat' dir='ltr'>cogitatione</span> <span class='ocrx_word' id='word_1_146' title='bbox 1180 1013 1373 1045; x_wconf 81' lang='lat' dir='ltr'>consistere?</span> <span class='ocrx_word' id='word_1_147' title='bbox 1419 1013 1467 1045; x_wconf 87' lang='lat' dir='ltr'>At</span> <span class='ocrx_word' id='word_1_148' title='bbox 1490 1024 1549 1055; x_wconf 86' lang='lat' dir='ltr'>ego</span> <span class='ocrx_word' id='word_1_149' title='bbox 1565 1014 1697 1052; x_wconf 83' lang='lat' dir='ltr'>fatebor,</span> 
     </span>
     <span class='ocr_line' id='line_1_15' title="bbox 229 1065 1699 1110; baseline 0 -10"><span class='ocrx_word' id='word_1_150' title='bbox 229 1073 266 1100; x_wconf 89' lang='lat' dir='ltr'>ut</span> <span class='ocrx_word' id='word_1_151' title='bbox 287 1073 378 1110; x_wconf 87' lang='lat' dir='ltr'>puto,</span> <span class='ocrx_word' id='word_1_152' title='bbox 394 1066 630 1110; x_wconf 83' lang='lat' dir='ltr'>gloriabundus,</span> <span class='ocrx_word' id='word_1_153' title='bbox 644 1065 733 1108; x_wconf 84' lang='lat' dir='ltr'>quasi</span> <span class='ocrx_word' id='word_1_154' title='bbox 749 1066 908 1108; x_wconf 84' lang='lat' dir='ltr'>egregium</span> <span class='ocrx_word' id='word_1_155' title='bbox 925 1066 1075 1108; x_wconf 88' lang='lat' dir='ltr'>quiddam</span> <span class='ocrx_word' id='word_1_156' title='bbox 1090 1066 1312 1100; x_wconf 73' lang='lat' dir='ltr'>invenerimus.</span> <span class='ocrx_word' id='word_1_157' title='bbox 1357 1067 1446 1100; x_wconf 73' lang='lat' dir='ltr'>Tun.</span> <span class='ocrx_word' id='word_1_158' title='bbox 1469 1068 1555 1104; x_wconf 77' lang='lat' dir='ltr'>Mihi</span> <span class='ocrx_word' id='word_1_159' title='bbox 1569 1068 1699 1110; x_wconf 80' lang='lat' dir='ltr'>quidem</span> 
     </span>
     <span class='ocr_line' id='line_1_16' title="bbox 226 1120 1702 1164; baseline 0 -10"><span class='ocrx_word' id='word_1_160' title='bbox 226 1123 394 1164; x_wconf 83' lang='lat' dir='ltr'>videtur,o</span> <span class='ocrx_word' id='word_1_161' title='bbox 410 1120 565 1158; x_wconf 82' lang='lat' dir='ltr'>Socrates,</span> <span class='ocrx_word' id='word_1_162' title='bbox 579 1120 822 1162; x_wconf 78' lang='lat' dir='ltr'>haudquaquam</span> <span class='ocrx_word' id='word_1_163' title='bbox 849 1125 940 1162; x_wconf 89' lang='lat' dir='ltr'>turpe</span> <span class='ocrx_word' id='word_1_164' title='bbox 957 1130 1037 1158; x_wconf 87' lang='lat' dir='ltr'>esse,</span> <span class='ocrx_word' id='word_1_165' title='bbox 1059 1121 1144 1163; x_wconf 91' lang='lat' dir='ltr'>quod</span> <span class='ocrx_word' id='word_1_166' title='bbox 1167 1131 1252 1152; x_wconf 86' lang='lat' dir='ltr'>nunc</span> <span class='ocrx_word' id='word_1_167' title='bbox 1277 1127 1436 1153; x_wconf 78' lang='lat' dir='ltr'>ostensum</span> <span class='ocrx_word' id='word_1_168' title='bbox 1460 1126 1525 1154; x_wconf 76' lang='lat' dir='ltr'>est.</span> <span class='ocrx_word' id='word_1_169' title='bbox 1558 1122 1622 1154; x_wconf 81' lang='lat' dir='ltr'>-So.</span> <span class='ocrx_word' id='word_1_170' title='bbox 1643 1122 1702 1154; x_wconf 38' lang='lat' dir='ltr'>Au&gt;</span> 
     </span>
     <span class='ocr_line' id='line_1_17' title="bbox 226 1172 1693 1217; baseline -0.001 -8"><span class='ocrx_word' id='word_1_171' title='bbox 226 1178 297 1209; x_wconf 84' lang='lat' dir='ltr'>haec</span> <span class='ocrx_word' id='word_1_172' title='bbox 310 1176 366 1208; x_wconf 87' lang='lat' dir='ltr'>ille</span> <span class='ocrx_word' id='word_1_173' title='bbox 378 1174 424 1207; x_wconf 86' lang='lat' dir='ltr'>sic</span> <span class='ocrx_word' id='word_1_174' title='bbox 438 1174 543 1206; x_wconf 80' lang='lat' dir='ltr'>infert.</span> <span class='ocrx_word' id='word_1_175' title='bbox 587 1174 742 1216; x_wconf 89' lang='lat' dir='ltr'>Nunquid</span> <span class='ocrx_word' id='word_1_176' title='bbox 758 1174 815 1212; x_wconf 86' lang='lat' dir='ltr'>ais,</span> <span class='ocrx_word' id='word_1_177' title='bbox 830 1175 916 1217; x_wconf 93' lang='lat' dir='ltr'>quod</span> <span class='ocrx_word' id='word_1_178' title='bbox 936 1174 1109 1215; x_wconf 84' lang='lat' dir='ltr'>hominem,</span> <span class='ocrx_word' id='word_1_179' title='bbox 1124 1185 1217 1217; x_wconf 90' lang='lat' dir='ltr'>quem</span> <span class='ocrx_word' id='word_1_180' title='bbox 1236 1175 1412 1217; x_wconf 78' lang='lat' dir='ltr'>cogitamus</span> <span class='ocrx_word' id='word_1_181' title='bbox 1422 1172 1592 1217; x_wconf 79' lang='lat' dir='ltr'>duntaxat,</span> <span class='ocrx_word' id='word_1_182' title='bbox 1605 1175 1693 1208; x_wconf 82' lang='lat' dir='ltr'>vide-</span> 
     </span>
     <span class='ocr_line' id='line_1_18' title="bbox 227 1229 1698 1272; baseline -0.002 -9"><span class='ocrx_word' id='word_1_183' title='bbox 227 1241 297 1263; x_wconf 87' lang='lat' dir='ltr'>mus</span> <span class='ocrx_word' id='word_1_184' title='bbox 312 1241 386 1263; x_wconf 89' lang='lat' dir='ltr'>vero</span> <span class='ocrx_word' id='word_1_185' title='bbox 400 1239 612 1272; x_wconf 80' lang='lat' dir='ltr'>nequaquam,</span> <span class='ocrx_word' id='word_1_186' title='bbox 624 1235 783 1270; x_wconf 84' lang='lat' dir='ltr'>nunquam</span> <span class='ocrx_word' id='word_1_187' title='bbox 799 1239 914 1270; x_wconf 89' lang='lat' dir='ltr'>equum</span> <span class='ocrx_word' id='word_1_188' title='bbox 939 1239 1007 1261; x_wconf 92' lang='lat' dir='ltr'>esse</span> <span class='ocrx_word' id='word_1_189' title='bbox 1030 1229 1213 1271; x_wconf 87' lang='lat' dir='ltr'>opinemur:</span> <span class='ocrx_word' id='word_1_190' title='bbox 1237 1240 1331 1272; x_wconf 85' lang='lat' dir='ltr'>quem</span> <span class='ocrx_word' id='word_1_191' title='bbox 1346 1230 1379 1261; x_wconf 91' lang='lat' dir='ltr'>in</span> <span class='ocrx_word' id='word_1_192' title='bbox 1393 1229 1558 1272; x_wconf 65' lang='lat' dir='ltr'>praesentia</span> <span class='ocrx_word' id='word_1_193' title='bbox 1574 1240 1634 1262; x_wconf 83' lang='lat' dir='ltr'>nec</span> <span class='ocrx_word' id='word_1_194' title='bbox 1649 1229 1698 1261; x_wconf 81' lang='lat' dir='ltr'>vi-</span> 
     </span>
     <span class='ocr_line' id='line_1_19' title="bbox 227 1282 1699 1326; baseline -0.003 -8"><span class='ocrx_word' id='word_1_195' title='bbox 227 1286 339 1318; x_wconf 87' lang='lat' dir='ltr'>demus</span> <span class='ocrx_word' id='word_1_196' title='bbox 353 1294 413 1316; x_wconf 90' lang='lat' dir='ltr'>nec</span> <span class='ocrx_word' id='word_1_197' title='bbox 427 1283 596 1326; x_wconf 86' lang='lat' dir='ltr'>tangimus,</span> <span class='ocrx_word' id='word_1_198' title='bbox 611 1293 716 1315; x_wconf 89' lang='lat' dir='ltr'>verum</span> <span class='ocrx_word' id='word_1_199' title='bbox 731 1282 929 1314; x_wconf 88' lang='lat' dir='ltr'>solummodo</span> <span class='ocrx_word' id='word_1_200' title='bbox 944 1283 1119 1325; x_wconf 83' lang='lat' dir='ltr'>cogitamus</span> <span class='ocrx_word' id='word_1_201' title='bbox 1134 1284 1276 1326; x_wconf 86' lang='lat' dir='ltr'>nihilque</span> <span class='ocrx_word' id='word_1_202' title='bbox 1292 1284 1376 1315; x_wconf 80' lang='lat' dir='ltr'>aliud</span> <span class='ocrx_word' id='word_1_203' title='bbox 1394 1283 1476 1316; x_wconf 85' lang='lat' dir='ltr'>circa</span> <span class='ocrx_word' id='word_1_204' title='bbox 1487 1283 1699 1316; x_wconf 40' lang='lat' dir='ltr'>{nummatis</span> 
     </span>
     <span class='ocr_line' id='line_1_20' title="bbox 227 1337 1699 1380; baseline -0.001 -9"><span class='ocrx_word' id='word_1_205' title='bbox 227 1339 319 1371; x_wconf 86' lang='lat' dir='ltr'>mus?</span> <span class='ocrx_word' id='word_1_206' title='bbox 364 1338 444 1370; x_wconf 86' lang='lat' dir='ltr'>Haec</span> <span class='ocrx_word' id='word_1_207' title='bbox 459 1337 618 1380; x_wconf 86' lang='lat' dir='ltr'>equidem,</span> <span class='ocrx_word' id='word_1_208' title='bbox 635 1341 669 1368; x_wconf 91' lang='lat' dir='ltr'>ut</span> <span class='ocrx_word' id='word_1_209' title='bbox 683 1337 825 1378; x_wconf 81' lang='lat' dir='ltr'>arbitror,</span> <span class='ocrx_word' id='word_1_210' title='bbox 836 1337 941 1369; x_wconf 89' lang='lat' dir='ltr'>dicere</span> <span class='ocrx_word' id='word_1_211' title='bbox 957 1348 1006 1369; x_wconf 88' lang='lat' dir='ltr'>me</span> <span class='ocrx_word' id='word_1_212' title='bbox 1018 1338 1152 1371; x_wconf 75' lang='lat' dir='ltr'>fatebor.</span> <span class='ocrx_word' id='word_1_213' title='bbox 1195 1338 1284 1370; x_wconf 70' lang='lat' dir='ltr'>Tne.</span> <span class='ocrx_word' id='word_1_214' title='bbox 1307 1338 1348 1369; x_wconf 88' lang='lat' dir='ltr'>Et</span> <span class='ocrx_word' id='word_1_215' title='bbox 1364 1338 1487 1371; x_wconf 85' lang='lat' dir='ltr'>merito.</span> <span class='ocrx_word' id='word_1_216' title='bbox 1531 1337 1589 1373; x_wconf 60' lang='lat' dir='ltr'>So*-</span> <span class='ocrx_word' id='word_1_217' title='bbox 1610 1338 1699 1370; x_wconf 69' lang='lat' dir='ltr'>Tum·</span> 
     </span>
     <span class='ocr_line' id='line_1_21' title="bbox 226 1391 1702 1435; baseline -0.001 -9"><span class='ocrx_word' id='word_1_218' title='bbox 226 1393 282 1426; x_wconf 90' lang='lat' dir='ltr'>ille</span> <span class='ocrx_word' id='word_1_219' title='bbox 296 1404 305 1426; x_wconf 70' lang='grc' dir='ltr'>ε</span> <span class='ocrx_word' id='word_1_220' title='bbox 330 1392 502 1432; x_wconf 85' lang='lat' dir='ltr'>Undecim‚</span> <span class='ocrx_word' id='word_1_221' title='bbox 517 1402 587 1434; x_wconf 82' lang='lat' dir='ltr'>quae</span> <span class='ocrx_word' id='word_1_222' title='bbox 602 1391 673 1433; x_wconf 88' lang='lat' dir='ltr'>quis</span> <span class='ocrx_word' id='word_1_223' title='bbox 687 1391 788 1422; x_wconf 85' lang='lat' dir='ltr'>solum</span> <span class='ocrx_word' id='word_1_224' title='bbox 803 1392 935 1433; x_wconf 84' lang='lat' dir='ltr'>cogitat,</span> <span class='ocrx_word' id='word_1_225' title='bbox 943 1393 1116 1424; x_wconf 88' lang='lat' dir='ltr'>secundum</span> <span class='ocrx_word' id='word_1_226' title='bbox 1133 1393 1214 1424; x_wconf 88' lang='lat' dir='ltr'>banc</span> <span class='ocrx_word' id='word_1_227' title='bbox 1230 1393 1380 1424; x_wconf 88' lang='lat' dir='ltr'>rationem</span> <span class='ocrx_word' id='word_1_228' title='bbox 1397 1402 1556 1435; x_wconf 86' lang='lat' dir='ltr'>nunqnam</span> <span class='ocrx_word' id='word_1_229' title='bbox 1569 1393 1702 1435; x_wconf 71' lang='lat' dir='ltr'>putabit</span> 
     </span>
     <span class='ocr_line' id='line_1_22' title="bbox 229 1445 1699 1490; baseline -0.001 -11"><span class='ocrx_word' id='word_1_230' title='bbox 229 1458 298 1480; x_wconf 90' lang='lat' dir='ltr'>csse</span> <span class='ocrx_word' id='word_1_231' title='bbox 313 1447 492 1485; x_wconf 86' lang='lat' dir='ltr'>duodecim,</span> <span class='ocrx_word' id='word_1_232' title='bbox 509 1456 580 1488; x_wconf 82' lang='lat' dir='ltr'>quae</span> <span class='ocrx_word' id='word_1_233' title='bbox 597 1445 691 1477; x_wconf 87' lang='lat' dir='ltr'>etiam</span> <span class='ocrx_word' id='word_1_234' title='bbox 703 1445 900 1477; x_wconf 85' lang='lat' dir='ltr'>solummodo</span> <span class='ocrx_word' id='word_1_235' title='bbox 915 1446 1045 1488; x_wconf 87' lang='lat' dir='ltr'>cogitat.</span> <span class='ocrx_word' id='word_1_236' title='bbox 1080 1446 1168 1484; x_wconf 87' lang='lat' dir='ltr'>Quid</span> <span class='ocrx_word' id='word_1_237' title='bbox 1185 1447 1224 1478; x_wconf 90' lang='lat' dir='ltr'>ad</span> <span class='ocrx_word' id='word_1_238' title='bbox 1240 1447 1332 1478; x_wconf 86' lang='lat' dir='ltr'>haec?</span> <span class='ocrx_word' id='word_1_239' title='bbox 1368 1447 1458 1479; x_wconf 71' lang='lat' dir='ltr'>Tris..</span> <span class='ocrx_word' id='word_1_240' title='bbox 1480 1446 1699 1490; x_wconf 79' lang='lat' dir='ltr'>Respondebo</span> 
     </span>
     <span class='ocr_line' id='line_1_23' title="bbox 229 1499 1697 1544; baseline 0 -12"><span class='ocrx_word' id='word_1_241' title='bbox 229 1512 301 1544; x_wconf 69' lang='lat' dir='ltr'>quas</span> <span class='ocrx_word' id='word_1_242' title='bbox 317 1501 426 1532; x_wconf 87' lang='lat' dir='ltr'>videns</span> <span class='ocrx_word' id='word_1_243' title='bbox 440 1500 553 1542; x_wconf 88' lang='lat' dir='ltr'>aliquis</span> <span class='ocrx_word' id='word_1_244' title='bbox 568 1505 624 1530; x_wconf 89' lang='lat' dir='ltr'>aut</span> <span class='ocrx_word' id='word_1_245' title='bbox 635 1505 767 1540; x_wconf 85' lang='lat' dir='ltr'>tangens</span> <span class='ocrx_word' id='word_1_246' title='bbox 778 1499 906 1530; x_wconf 80' lang='lat' dir='ltr'>forsitan</span> <span class='ocrx_word' id='word_1_247' title='bbox 919 1500 1066 1531; x_wconf 88' lang='lat' dir='ltr'>undecim</span> <span class='ocrx_word' id='word_1_248' title='bbox 1077 1501 1244 1532; x_wconf 87' lang='lat' dir='ltr'>duodecim</span> <span class='ocrx_word' id='word_1_249' title='bbox 1257 1511 1325 1532; x_wconf 85' lang='lat' dir='ltr'>csse</span> <span class='ocrx_word' id='word_1_250' title='bbox 1338 1505 1463 1543; x_wconf 88' lang='lat' dir='ltr'>putaret</span> <span class='ocrx_word' id='word_1_251' title='bbox 1477 1512 1486 1532; x_wconf 74' lang='grc' dir='ltr'><strong>ε</strong></span> <span class='ocrx_word' id='word_1_252' title='bbox 1504 1511 1575 1544; x_wconf 80' lang='lat' dir='ltr'>quae</span> <span class='ocrx_word' id='word_1_253' title='bbox 1591 1506 1697 1533; x_wconf 84' lang='lat' dir='ltr'>tamen</span> 
     </span>
     <span class='ocr_line' id='line_1_24' title="bbox 229 1553 1697 1597; baseline 0.001 -11"><span class='ocrx_word' id='word_1_254' title='bbox 229 1555 263 1586; x_wconf 88' lang='lat' dir='ltr'>iu</span> <span class='ocrx_word' id='word_1_255' title='bbox 278 1554 470 1597; x_wconf 83' lang='lat' dir='ltr'>cogitatione</span> <span class='ocrx_word' id='word_1_256' title='bbox 485 1554 592 1590; x_wconf 83' lang='lat' dir='ltr'>habet,</span> <span class='ocrx_word' id='word_1_257' title='bbox 611 1563 773 1595; x_wconf 87' lang='lat' dir='ltr'>nunquam</span> <span class='ocrx_word' id='word_1_258' title='bbox 795 1553 937 1585; x_wconf 89' lang='lat' dir='ltr'>similiter</span> <span class='ocrx_word' id='word_1_259' title='bbox 957 1553 1127 1595; x_wconf 84' lang='lat' dir='ltr'>judicaret.</span> <span class='ocrx_word' id='word_1_260' title='bbox 1172 1555 1229 1586; x_wconf 88' lang='lat' dir='ltr'>So.</span> <span class='ocrx_word' id='word_1_261' title='bbox 1253 1555 1342 1592; x_wconf 88' lang='lat' dir='ltr'>Quid</span> <span class='ocrx_word' id='word_1_262' title='bbox 1365 1555 1480 1596; x_wconf 85' lang='lat' dir='ltr'>porro?</span> <span class='ocrx_word' id='word_1_263' title='bbox 1503 1565 1612 1587; x_wconf 79' lang='lat' dir='ltr'>censes</span> <span class='ocrx_word' id='word_1_264' title='bbox 1638 1555 1697 1587; x_wconf 86' lang='lat' dir='ltr'>ali-</span> 
     </span>
     <span class='ocr_line' id='line_1_25' title="bbox 230 1606 1697 1652; baseline 0 -12"><span class='ocrx_word' id='word_1_265' title='bbox 230 1619 324 1652; x_wconf 88' lang='lat' dir='ltr'>quem</span> <span class='ocrx_word' id='word_1_266' title='bbox 357 1619 463 1640; x_wconf 91' lang='lat' dir='ltr'>secum</span> <span class='ocrx_word' id='word_1_267' title='bbox 489 1606 780 1650; x_wconf 79' lang='lat' dir='ltr'>ipso-considerare</span> <span class='ocrx_word' id='word_1_268' title='bbox 803 1606 943 1649; x_wconf 89' lang='lat' dir='ltr'>quinque</span> <span class='ocrx_word' id='word_1_269' title='bbox 954 1623 956 1625; x_wconf 80' lang='grc'><strong>-</strong></span> <span class='ocrx_word' id='word_1_270' title='bbox 969 1612 1003 1639; x_wconf 88' lang='lat' dir='ltr'>et</span> <span class='ocrx_word' id='word_1_271' title='bbox 1026 1613 1159 1649; x_wconf 85' lang='lat' dir='ltr'>septem,</span> <span class='ocrx_word' id='word_1_272' title='bbox 1183 1608 1281 1650; x_wconf 85' lang='lat'><strong>[196]</strong></span> <span class='ocrx_word' id='word_1_273' title='bbox 1308 1619 1373 1639; x_wconf 88' lang='lat' dir='ltr'>non</span> <span class='ocrx_word' id='word_1_274' title='bbox 1398 1609 1540 1640; x_wconf 88' lang='lat' dir='ltr'>homines</span> <span class='ocrx_word' id='word_1_275' title='bbox 1567 1609 1697 1651; x_wconf 81' lang='lat' dir='ltr'>inquam</span> 
     </span>
     <span class='ocr_line' id='line_1_26' title="bbox 228 1661 1699 1705; baseline 0.001 -11"><span class='ocrx_word' id='word_1_276' title='bbox 228 1663 368 1705; x_wconf 88' lang='lat' dir='ltr'>quinque</span> <span class='ocrx_word' id='word_1_277' title='bbox 383 1667 417 1694; x_wconf 90' lang='lat' dir='ltr'>et</span> <span class='ocrx_word' id='word_1_278' title='bbox 439 1667 571 1703; x_wconf 80' lang='lat' dir='ltr'>septem,</span> <span class='ocrx_word' id='word_1_279' title='bbox 588 1671 646 1692; x_wconf 88' lang='lat' dir='ltr'>nec</span> <span class='ocrx_word' id='word_1_280' title='bbox 672 1661 759 1692; x_wconf 88' lang='lat' dir='ltr'>aliud</span> <span class='ocrx_word' id='word_1_281' title='bbox 785 1661 953 1703; x_wconf 88' lang='lat' dir='ltr'>quicquam</span> <span class='ocrx_word' id='word_1_282' title='bbox 977 1661 1145 1703; x_wconf 87' lang='lat' dir='ltr'>ejusmodi,</span> <span class='ocrx_word' id='word_1_283' title='bbox 1171 1662 1225 1693; x_wconf 84' lang='lat' dir='ltr'>sed</span> <span class='ocrx_word' id='word_1_284' title='bbox 1249 1662 1318 1703; x_wconf 85' lang='lat' dir='ltr'>ipsa</span> <span class='ocrx_word' id='word_1_285' title='bbox 1344 1662 1483 1705; x_wconf 88' lang='lat' dir='ltr'>quinque</span> <span class='ocrx_word' id='word_1_286' title='bbox 1504 1668 1537 1694; x_wconf 82' lang='lat' dir='ltr'>et</span> <span class='ocrx_word' id='word_1_287' title='bbox 1561 1671 1699 1705; x_wconf 85' lang='lat' dir='ltr'>septem,</span> 
     </span>
     <span class='ocr_line' id='line_1_27' title="bbox 231 1714 1696 1760; baseline 0.001 -12"><span class='ocrx_word' id='word_1_288' title='bbox 231 1727 303 1760; x_wconf 81' lang='lat' dir='ltr'>quae</span> <span class='ocrx_word' id='word_1_289' title='bbox 329 1717 464 1748; x_wconf 79' lang='lat' dir='ltr'>diximus</span> <span class='ocrx_word' id='word_1_290' title='bbox 476 1716 522 1748; x_wconf 87' lang='lat' dir='ltr'>ibi</span> <span class='ocrx_word' id='word_1_291' title='bbox 535 1716 570 1747; x_wconf 91' lang='lat' dir='ltr'>in</span> <span class='ocrx_word' id='word_1_292' title='bbox 586 1714 688 1757; x_wconf 81' lang='lat' dir='ltr'>effigie</span> <span class='ocrx_word' id='word_1_293' title='bbox 705 1720 907 1746; x_wconf 88' lang='lat' dir='ltr'>monumenta</span> <span class='ocrx_word' id='word_1_294' title='bbox 922 1726 1001 1753; x_wconf 81' lang='lat' dir='ltr'>esse,</span> <span class='ocrx_word' id='word_1_295' title='bbox 1014 1721 1047 1746; x_wconf 88' lang='lat' dir='ltr'>et</span> <span class='ocrx_word' id='word_1_296' title='bbox 1060 1715 1137 1747; x_wconf 86' lang='lat' dir='ltr'>falsa</span> <span class='ocrx_word' id='word_1_297' title='bbox 1151 1716 1186 1747; x_wconf 89' lang='lat' dir='ltr'>in</span> <span class='ocrx_word' id='word_1_298' title='bbox 1198 1715 1260 1747; x_wconf 85' lang='lat' dir='ltr'>illis</span> <span class='ocrx_word' id='word_1_299' title='bbox 1273 1716 1393 1758; x_wconf 86' lang='lat' dir='ltr'>opinari</span> <span class='ocrx_word' id='word_1_300' title='bbox 1410 1716 1671 1758; x_wconf 59' lang='lat' dir='ltr'>posseneminem</span> <span class='ocrx_word' id='word_1_301' title='bbox 1684 1718 1696 1749; x_wconf 67' lang='grc' dir='ltr'><strong><em>ἒ</em></strong></span> 
     </span>
     <span class='ocr_line' id='line_1_28' title="bbox 230 1769 1700 1817; baseline -0.001 -13"><span class='ocrx_word' id='word_1_302' title='bbox 230 1772 317 1804; x_wconf 70' lang='lat' dir='ltr'>Tne.</span> <span class='ocrx_word' id='word_1_303' title='bbox 342 1772 479 1804; x_wconf 90' lang='lat' dir='ltr'>Censeo.</span> <span class='ocrx_word' id='word_1_304' title='bbox 524 1769 581 1803; x_wconf 84' lang='lat' dir='ltr'>So.</span> <span class='ocrx_word' id='word_1_305' title='bbox 603 1769 695 1807; x_wconf 85' lang='lat' dir='ltr'>Haec,</span> <span class='ocrx_word' id='word_1_306' title='bbox 717 1770 857 1812; x_wconf 86' lang='lat' dir='ltr'>inquam,</span> <span class='ocrx_word' id='word_1_307' title='bbox 873 1770 898 1800; x_wconf 86' lang='lat' dir='ltr'>si</span> <span class='ocrx_word' id='word_1_308' title='bbox 924 1770 978 1812; x_wconf 87' lang='lat' dir='ltr'>qui</span> <span class='ocrx_word' id='word_1_309' title='bbox 1002 1770 1047 1801; x_wconf 82' lang='lat' dir='ltr'>ita</span> <span class='ocrx_word' id='word_1_310' title='bbox 1064 1771 1264 1802; x_wconf 80' lang='lat' dir='ltr'>considerent</span> <span class='ocrx_word' id='word_1_311' title='bbox 1278 1780 1384 1809; x_wconf 86' lang='lat' dir='ltr'>secum</span> <span class='ocrx_word' id='word_1_312' title='bbox 1400 1769 1463 1813; x_wconf 83' lang='lat' dir='ltr'>ipsi</span> <span class='ocrx_word' id='word_1_313' title='bbox 1481 1769 1700 1817; x_wconf 74' lang='lat' dir='ltr'>perquirentes</span> 
     </span>
     <span class='ocr_line' id='line_1_29' title="bbox 232 1823 1701 1869; baseline 0 -11"><span class='ocrx_word' id='word_1_314' title='bbox 232 1832 312 1869; x_wconf 86' lang='lat' dir='ltr'>quot</span> <span class='ocrx_word' id='word_1_315' title='bbox 326 1831 412 1863; x_wconf 86' lang='lat' dir='ltr'>sunt,</span> <span class='ocrx_word' id='word_1_316' title='bbox 426 1835 532 1856; x_wconf 88' lang='lat' dir='ltr'>nonne</span> <span class='ocrx_word' id='word_1_317' title='bbox 544 1824 668 1856; x_wconf 88' lang='lat' dir='ltr'>illorum</span> <span class='ocrx_word' id='word_1_318' title='bbox 682 1823 781 1866; x_wconf 84' lang='lat' dir='ltr'>aliqui</span> <span class='ocrx_word' id='word_1_319' title='bbox 794 1824 954 1862; x_wconf 88' lang='lat' dir='ltr'>undecim,</span> <span class='ocrx_word' id='word_1_320' title='bbox 966 1824 1065 1866; x_wconf 88' lang='lat' dir='ltr'>aliqui</span> <span class='ocrx_word' id='word_1_321' title='bbox 1076 1824 1244 1856; x_wconf 88' lang='lat' dir='ltr'>duodecim</span> <span class='ocrx_word' id='word_1_322' title='bbox 1252 1823 1464 1866; x_wconf 75' lang='lat' dir='ltr'>judicabunt?</span> <span class='ocrx_word' id='word_1_323' title='bbox 1489 1824 1576 1857; x_wconf 77' lang='lat' dir='ltr'>Num</span> <span class='ocrx_word' id='word_1_324' title='bbox 1590 1836 1701 1858; x_wconf 87' lang='lat' dir='ltr'>omnes</span> 
     </span>
     <span class='ocr_line' id='line_1_30' title="bbox 234 1876 1699 1922; baseline -0.001 -10"><span class='ocrx_word' id='word_1_325' title='bbox 234 1879 404 1912; x_wconf 88' lang='lat' dir='ltr'>duodecim</span> <span class='ocrx_word' id='word_1_326' title='bbox 417 1890 484 1911; x_wconf 84' lang='lat' dir='ltr'>esse</span> <span class='ocrx_word' id='word_1_327' title='bbox 496 1878 549 1910; x_wconf 86' lang='lat' dir='ltr'>illa</span> <span class='ocrx_word' id='word_1_328' title='bbox 561 1879 671 1910; x_wconf 87' lang='lat' dir='ltr'>dicent</span> <span class='ocrx_word' id='word_1_329' title='bbox 685 1883 780 1920; x_wconf 86' lang='lat' dir='ltr'>atque</span> <span class='ocrx_word' id='word_1_330' title='bbox 797 1879 976 1920; x_wconf 83' lang='lat' dir='ltr'>putabunt?</span> <span class='ocrx_word' id='word_1_331' title='bbox 1021 1878 1072 1909; x_wconf 73' lang='grc' dir='ltr'>ΤΒ</span> <span class='ocrx_word' id='word_1_332' title='bbox 1079 1889 1110 1911; x_wconf 76' lang='lat'>1-2.</span> <span class='ocrx_word' id='word_1_333' title='bbox 1123 1877 1199 1910; x_wconf 90' lang='lat' dir='ltr'>Non</span> <span class='ocrx_word' id='word_1_334' title='bbox 1214 1889 1271 1921; x_wconf 89' lang='lat' dir='ltr'>per</span> <span class='ocrx_word' id='word_1_335' title='bbox 1284 1879 1306 1911; x_wconf 89' lang='lat' dir='ltr'><strong>J</strong></span> <span class='ocrx_word' id='word_1_336' title='bbox 1308 1889 1397 1910; x_wconf 88' lang='lat' dir='ltr'>ovem</span> <span class='ocrx_word' id='word_1_337' title='bbox 1412 1890 1421 1919; x_wconf 90' lang='lat'>;</span> <span class='ocrx_word' id='word_1_338' title='bbox 1438 1876 1544 1911; x_wconf 79' lang='lat' dir='ltr'>veru&#39;m</span> <span class='ocrx_word' id='word_1_339' title='bbox 1557 1879 1699 1922; x_wconf 81' lang='lat' dir='ltr'>plerique</span> 
     </span>
     <span class='ocr_line' id='line_1_31' title="bbox 233 1932 1699 1975; baseline 0 -9"><span class='ocrx_word' id='word_1_340' title='bbox 233 1935 382 1966; x_wconf 87' lang='lat' dir='ltr'>undecim</span> <span class='ocrx_word' id='word_1_341' title='bbox 396 1946 405 1965; x_wconf 71' lang='grc' dir='ltr'><strong><em>ε</em></strong></span> <span class='ocrx_word' id='word_1_342' title='bbox 429 1938 461 1965; x_wconf 88' lang='lat' dir='ltr'>et</span> <span class='ocrx_word' id='word_1_343' title='bbox 476 1933 503 1964; x_wconf 89' lang='lat' dir='ltr'>si</span> <span class='ocrx_word' id='word_1_344' title='bbox 518 1933 587 1975; x_wconf 89' lang='lat' dir='ltr'>quis</span> <span class='ocrx_word' id='word_1_345' title='bbox 603 1932 713 1974; x_wconf 84' lang='lat' dir='ltr'>majori</span> <span class='ocrx_word' id='word_1_346' title='bbox 729 1934 770 1964; x_wconf 90' lang='lat' dir='ltr'>de</span> <span class='ocrx_word' id='word_1_347' title='bbox 785 1943 914 1965; x_wconf 88' lang='lat' dir='ltr'>numero</span> <span class='ocrx_word' id='word_1_348' title='bbox 929 1938 1060 1975; x_wconf 64' lang='lat' dir='ltr'>quaerat,</span> <span class='ocrx_word' id='word_1_349' title='bbox 1077 1933 1175 1975; x_wconf 82' lang='lat' dir='ltr'>magis</span> <span class='ocrx_word' id='word_1_350' title='bbox 1189 1933 1318 1964; x_wconf 83' lang='lat' dir='ltr'>fallitur.</span> <span class='ocrx_word' id='word_1_351' title='bbox 1340 1933 1470 1965; x_wconf 88' lang='lat' dir='ltr'>arbitror</span> <span class='ocrx_word' id='word_1_352' title='bbox 1483 1933 1567 1965; x_wconf 88' lang='lat' dir='ltr'>enim</span> <span class='ocrx_word' id='word_1_353' title='bbox 1583 1938 1615 1965; x_wconf 87' lang='lat' dir='ltr'>te</span> <span class='ocrx_word' id='word_1_354' title='bbox 1632 1944 1699 1966; x_wconf 73' lang='lat' dir='ltr'>rna·</span> 
     </span>
     <span class='ocr_line' id='line_1_32' title="bbox 232 1985 1699 2031; baseline 0 -11"><span class='ocrx_word' id='word_1_355' title='bbox 232 1988 280 2031; x_wconf 86' lang='lat' dir='ltr'>gis</span> <span class='ocrx_word' id='word_1_356' title='bbox 290 1989 331 2020; x_wconf 83' lang='lat' dir='ltr'>de</span> <span class='ocrx_word' id='word_1_357' title='bbox 341 1987 425 2019; x_wconf 91' lang='lat' dir='ltr'>omni</span> <span class='ocrx_word' id='word_1_358' title='bbox 435 1997 563 2018; x_wconf 85' lang='lat' dir='ltr'>numero</span> <span class='ocrx_word' id='word_1_359' title='bbox 580 1987 694 2018; x_wconf 88' lang='lat' dir='ltr'>dicere.</span> <span class='ocrx_word' id='word_1_360' title='bbox 738 1987 792 2020; x_wconf 83' lang='lat' dir='ltr'>So.</span> <span class='ocrx_word' id='word_1_361' title='bbox 815 1985 917 2019; x_wconf 86' lang='lat' dir='ltr'>Recte</span> <span class='ocrx_word' id='word_1_362' title='bbox 930 1987 1039 2020; x_wconf 88' lang='lat' dir='ltr'>sentis.</span> <span class='ocrx_word' id='word_1_363' title='bbox 1079 1986 1304 2018; x_wconf 85' lang='lat' dir='ltr'>Animadverte</span> <span class='ocrx_word' id='word_1_364' title='bbox 1316 1987 1421 2028; x_wconf 84' lang='lat' dir='ltr'>igitur,</span> <span class='ocrx_word' id='word_1_365' title='bbox 1432 1997 1506 2019; x_wconf 88' lang='lat' dir='ltr'>num</span> <span class='ocrx_word' id='word_1_366' title='bbox 1522 1993 1555 2019; x_wconf 87' lang='lat' dir='ltr'>et</span> <span class='ocrx_word' id='word_1_367' title='bbox 1570 1989 1630 2020; x_wconf 88' lang='lat' dir='ltr'>hoc</span> <span class='ocrx_word' id='word_1_368' title='bbox 1644 1998 1699 2020; x_wconf 81' lang='lat' dir='ltr'>ac-</span> 
     </span>
     <span class='ocr_line' id='line_1_33' title="bbox 235 2041 1702 2084; baseline 0 -10"><span class='ocrx_word' id='word_1_369' title='bbox 235 2042 333 2081; x_wconf 86' lang='lat' dir='ltr'>cidat,</span> <span class='ocrx_word' id='word_1_370' title='bbox 362 2043 423 2074; x_wconf 87' lang='lat' dir='ltr'>hoc</span> <span class='ocrx_word' id='word_1_371' title='bbox 448 2047 498 2073; x_wconf 80' lang='lat' dir='ltr'>est</span> <span class='ocrx_word' id='word_1_372' title='bbox 519 2046 555 2072; x_wconf 90' lang='lat' dir='ltr'>ut</span> <span class='ocrx_word' id='word_1_373' title='bbox 575 2041 644 2083; x_wconf 84' lang='lat' dir='ltr'>ipsa</span> <span class='ocrx_word' id='word_1_374' title='bbox 667 2041 835 2073; x_wconf 91' lang='lat' dir='ltr'>duodecim</span> <span class='ocrx_word' id='word_1_375' title='bbox 858 2051 929 2083; x_wconf 89' lang='lat' dir='ltr'>quae</span> <span class='ocrx_word' id='word_1_376' title='bbox 956 2042 989 2072; x_wconf 90' lang='lat' dir='ltr'>in</span> <span class='ocrx_word' id='word_1_377' title='bbox 1014 2041 1116 2083; x_wconf 84' lang='lat' dir='ltr'>effigie</span> <span class='ocrx_word' id='word_1_378' title='bbox 1138 2046 1222 2079; x_wconf 90' lang='lat' dir='ltr'>sunt,</span> <span class='ocrx_word' id='word_1_379' title='bbox 1239 2041 1386 2073; x_wconf 86' lang='lat' dir='ltr'>undecim</span> <span class='ocrx_word' id='word_1_380' title='bbox 1407 2052 1475 2073; x_wconf 82' lang='lat' dir='ltr'>esse</span> <span class='ocrx_word' id='word_1_381' title='bbox 1506 2042 1577 2084; x_wconf 89' lang='lat' dir='ltr'>quis</span> <span class='ocrx_word' id='word_1_382' title='bbox 1598 2047 1702 2084; x_wconf 87' lang='lat' dir='ltr'>putet.</span> 
     </span>
     <span class='ocr_line' id='line_1_34' title="bbox 233 2095 1700 2138; baseline -0.001 -10"><span class='ocrx_word' id='word_1_383' title='bbox 233 2096 322 2128; x_wconf 69' lang='lat' dir='ltr'>Tne.</span> <span class='ocrx_word' id='word_1_384' title='bbox 348 2096 495 2129; x_wconf 91' lang='lat' dir='ltr'>Videtur.</span> <span class='ocrx_word' id='word_1_385' title='bbox 540 2095 596 2128; x_wconf 92' lang='lat' dir='ltr'>So.</span> <span class='ocrx_word' id='word_1_386' title='bbox 619 2095 738 2126; x_wconf 86' lang='lat' dir='ltr'>Nonne</span> <span class='ocrx_word' id='word_1_387' title='bbox 759 2096 819 2127; x_wconf 88' lang='lat' dir='ltr'>hoc</span> <span class='ocrx_word' id='word_1_388' title='bbox 839 2097 879 2126; x_wconf 89' lang='lat' dir='ltr'>ad</span> <span class='ocrx_word' id='word_1_389' title='bbox 906 2096 1067 2138; x_wconf 83' lang='lat' dir='ltr'>superiora</span> <span class='ocrx_word' id='word_1_390' title='bbox 1091 2096 1282 2127; x_wconf 87' lang='lat' dir='ltr'>revolvitur?</span> <span class='ocrx_word' id='word_1_391' title='bbox 1328 2096 1393 2134; x_wconf 87' lang='lat' dir='ltr'>Qui</span> <span class='ocrx_word' id='word_1_392' title='bbox 1420 2096 1503 2127; x_wconf 88' lang='lat' dir='ltr'>enirn</span> <span class='ocrx_word' id='word_1_393' title='bbox 1518 2096 1552 2127; x_wconf 89' lang='lat' dir='ltr'>id</span> <span class='ocrx_word' id='word_1_394' title='bbox 1569 2096 1700 2138; x_wconf 85' lang='lat' dir='ltr'>patitur,</span> 
     </span>
     <span class='ocr_line' id='line_1_35' title="bbox 236 2149 1698 2193; baseline 0 -11"><span class='ocrx_word' id='word_1_395' title='bbox 236 2151 322 2193; x_wconf 91' lang='lat' dir='ltr'>quod</span> <span class='ocrx_word' id='word_1_396' title='bbox 335 2149 533 2191; x_wconf 88' lang='lat' dir='ltr'>novit‚aliud</span> <span class='ocrx_word' id='word_1_397' title='bbox 548 2149 699 2192; x_wconf 87' lang='lat' dir='ltr'>quiddam</span> <span class='ocrx_word' id='word_1_398' title='bbox 711 2150 795 2192; x_wconf 85' lang='lat' dir='ltr'>quod</span> <span class='ocrx_word' id='word_1_399' title='bbox 809 2150 950 2182; x_wconf 87' lang='lat' dir='ltr'>similiter</span> <span class='ocrx_word' id='word_1_400' title='bbox 965 2150 1066 2188; x_wconf 85' lang='lat' dir='ltr'>novit,</span> <span class='ocrx_word' id='word_1_401' title='bbox 1082 2161 1151 2182; x_wconf 72' lang='lat' dir='ltr'>esse</span> <span class='ocrx_word' id='word_1_402' title='bbox 1167 2155 1274 2182; x_wconf 88' lang='lat' dir='ltr'>censet</span> <span class='ocrx_word' id='word_1_403' title='bbox 1287 2162 1295 2182; x_wconf 91' lang='lat'>:</span> <span class='ocrx_word' id='word_1_404' title='bbox 1319 2151 1405 2192; x_wconf 84' lang='lat' dir='ltr'>quod</span> <span class='ocrx_word' id='word_1_405' title='bbox 1422 2157 1569 2192; x_wconf 82' lang='lat' dir='ltr'>tanquam</span> <span class='ocrx_word' id='word_1_406' title='bbox 1578 2150 1698 2192; x_wconf 81' lang='lat' dir='ltr'>impos-</span> 
     </span>
     <span class='ocr_line' id='line_1_36' title="bbox 235 2203 1701 2247; baseline 0 -11"><span class='ocrx_word' id='word_1_407' title='bbox 235 2205 325 2237; x_wconf 89' lang='lat' dir='ltr'>sibile</span> <span class='ocrx_word' id='word_1_408' title='bbox 337 2215 429 2247; x_wconf 87' lang='lat' dir='ltr'>supra</span> <span class='ocrx_word' id='word_1_409' title='bbox 440 2205 625 2247; x_wconf 83' lang='lat' dir='ltr'>respuimus.</span> <span class='ocrx_word' id='word_1_410' title='bbox 671 2203 713 2235; x_wconf 88' lang='lat' dir='ltr'>Et</span> <span class='ocrx_word' id='word_1_411' title='bbox 728 2215 766 2235; x_wconf 87' lang='lat' dir='ltr'>ex</span> <span class='ocrx_word' id='word_1_412' title='bbox 780 2205 840 2236; x_wconf 93' lang='lat' dir='ltr'>hoc</span> <span class='ocrx_word' id='word_1_413' title='bbox 853 2204 922 2245; x_wconf 87' lang='lat' dir='ltr'>ipso</span> <span class='ocrx_word' id='word_1_414' title='bbox 940 2203 1080 2235; x_wconf 84' lang='lat' dir='ltr'>confiteri</span> <span class='ocrx_word' id='word_1_415' title='bbox 1097 2204 1271 2246; x_wconf 88' lang='lat' dir='ltr'>quemlibet</span> <span class='ocrx_word' id='word_1_416' title='bbox 1283 2204 1437 2246; x_wconf 87' lang='lat' dir='ltr'>cogimus,</span> <span class='ocrx_word' id='word_1_417' title='bbox 1450 2204 1559 2236; x_wconf 85' lang='lat' dir='ltr'>falsam</span> <span class='ocrx_word' id='word_1_418' title='bbox 1574 2203 1701 2247; x_wconf 88' lang='lat' dir='ltr'>opinio-</span> 
     </span>
     <span class='ocr_line' id='line_1_37' title="bbox 232 2258 1699 2301; baseline 0.001 -11"><span class='ocrx_word' id='word_1_419' title='bbox 232 2269 305 2290; x_wconf 85' lang='lat' dir='ltr'>nem</span> <span class='ocrx_word' id='word_1_420' title='bbox 321 2269 384 2290; x_wconf 91' lang='lat' dir='ltr'>non</span> <span class='ocrx_word' id='word_1_421' title='bbox 401 2269 488 2291; x_wconf 86' lang='lat' dir='ltr'>esse:</span> <span class='ocrx_word' id='word_1_422' title='bbox 505 2269 546 2290; x_wconf 88' lang='lat' dir='ltr'>ne</span> <span class='ocrx_word' id='word_1_423' title='bbox 563 2269 642 2290; x_wconf 87' lang='lat' dir='ltr'>unus</span> <span class='ocrx_word' id='word_1_424' title='bbox 656 2263 751 2300; x_wconf 88' lang='lat' dir='ltr'>atque</span> <span class='ocrx_word' id='word_1_425' title='bbox 760 2259 844 2289; x_wconf 89' lang='lat' dir='ltr'>idem</span> <span class='ocrx_word' id='word_1_426' title='bbox 860 2259 970 2290; x_wconf 86' lang='lat' dir='ltr'>eadem</span> <span class='ocrx_word' id='word_1_427' title='bbox 987 2258 1065 2290; x_wconf 88' lang='lat' dir='ltr'>scire</span> <span class='ocrx_word' id='word_1_428' title='bbox 1080 2259 1170 2289; x_wconf 90' lang='lat' dir='ltr'>simul</span> <span class='ocrx_word' id='word_1_429' title='bbox 1187 2264 1281 2301; x_wconf 88' lang='lat' dir='ltr'>atque</span> <span class='ocrx_word' id='word_1_430' title='bbox 1297 2258 1414 2290; x_wconf 88' lang='lat' dir='ltr'>nescire</span> <span class='ocrx_word' id='word_1_431' title='bbox 1427 2263 1569 2301; x_wconf 83' lang='lat' dir='ltr'>cogatur.</span> <span class='ocrx_word' id='word_1_432' title='bbox 1610 2258 1699 2292; x_wconf 70' lang='lat' dir='ltr'>Tus.</span> 
     </span>
     <span class='ocr_line' id='line_1_38' title="bbox 233 2312 1698 2355; baseline -0.001 -11"><span class='ocrx_word' id='word_1_433' title='bbox 233 2313 320 2345; x_wconf 89' lang='lat' dir='ltr'>Vera</span> <span class='ocrx_word' id='word_1_434' title='bbox 335 2313 481 2355; x_wconf 89' lang='lat' dir='ltr'>loqueris.</span> <span class='ocrx_word' id='word_1_435' title='bbox 526 2313 581 2345; x_wconf 88' lang='lat' dir='ltr'>So.</span> <span class='ocrx_word' id='word_1_436' title='bbox 605 2312 650 2343; x_wconf 87' lang='lat' dir='ltr'>Ex</span> <span class='ocrx_word' id='word_1_437' title='bbox 668 2313 705 2343; x_wconf 89' lang='lat' dir='ltr'>iis</span> <span class='ocrx_word' id='word_1_438' title='bbox 715 2312 782 2354; x_wconf 87' lang='lat' dir='ltr'>jam</span> <span class='ocrx_word' id='word_1_439' title='bbox 797 2317 932 2349; x_wconf 87' lang='lat' dir='ltr'>constat,</span> <span class='ocrx_word' id='word_1_440' title='bbox 949 2312 1131 2354; x_wconf 83' lang='lat' dir='ltr'>opinionem</span> <span class='ocrx_word' id='word_1_441' title='bbox 1147 2313 1256 2344; x_wconf 78' lang='lat' dir='ltr'>falsam</span> <span class='ocrx_word' id='word_1_442' title='bbox 1273 2312 1362 2344; x_wconf 88' lang='lat' dir='ltr'>aliter</span> <span class='ocrx_word' id='word_1_443' title='bbox 1382 2322 1450 2343; x_wconf 86' lang='lat' dir='ltr'>esse</span> <span class='ocrx_word' id='word_1_444' title='bbox 1473 2312 1698 2350; x_wconf 84' lang='lat' dir='ltr'>definiendam,</span> 
     </span>
     <span class='ocr_line' id='line_1_39' title="bbox 231 2365 1699 2409; baseline 0 -11"><span class='ocrx_word' id='word_1_445' title='bbox 231 2377 326 2409; x_wconf 84' lang='lat' dir='ltr'>quam</span> <span class='ocrx_word' id='word_1_446' title='bbox 342 2366 541 2409; x_wconf 84' lang='lat' dir='ltr'>cogitationis</span> <span class='ocrx_word' id='word_1_447' title='bbox 567 2368 607 2398; x_wconf 82' lang='lat' dir='ltr'>ad</span> <span class='ocrx_word' id='word_1_448' title='bbox 631 2377 755 2398; x_wconf 86' lang='lat' dir='ltr'>sensum</span> <span class='ocrx_word' id='word_1_449' title='bbox 776 2366 1051 2409; x_wconf 81' lang='lat' dir='ltr'>permutationem.</span> <span class='ocrx_word' id='word_1_450' title='bbox 1075 2377 1146 2397; x_wconf 88' lang='lat' dir='ltr'>narn</span> <span class='ocrx_word' id='word_1_451' title='bbox 1171 2367 1197 2398; x_wconf 88' lang='lat' dir='ltr'>si</span> <span class='ocrx_word' id='word_1_452' title='bbox 1222 2367 1268 2398; x_wconf 85' lang='lat' dir='ltr'>ita</span> <span class='ocrx_word' id='word_1_453' title='bbox 1283 2372 1375 2403; x_wconf 90' lang='lat' dir='ltr'>esset,</span> <span class='ocrx_word' id='word_1_454' title='bbox 1394 2376 1557 2408; x_wconf 88' lang='lat' dir='ltr'>nunquam</span> <span class='ocrx_word' id='word_1_455' title='bbox 1571 2365 1605 2398; x_wconf 90' lang='lat' dir='ltr'>in</span> <span class='ocrx_word' id='word_1_456' title='bbox 1620 2366 1699 2408; x_wconf 81' lang='lat' dir='ltr'>ipsis</span> 
     </span>
     <span class='ocr_line' id='line_1_40' title="bbox 231 2420 1699 2463; baseline -0.001 -10"><span class='ocrx_word' id='word_1_457' title='bbox 231 2420 475 2463; x_wconf 86' lang='lat' dir='ltr'>cogitationibus</span> <span class='ocrx_word' id='word_1_458' title='bbox 487 2421 674 2454; x_wconf 78' lang='lat' dir='ltr'>falleremur.</span> <span class='ocrx_word' id='word_1_459' title='bbox 720 2420 816 2453; x_wconf 90' lang='lat' dir='ltr'>Nunc</span> <span class='ocrx_word' id='word_1_460' title='bbox 832 2427 936 2452; x_wconf 86' lang='lat' dir='ltr'>autem</span> <span class='ocrx_word' id='word_1_461' title='bbox 956 2421 1004 2452; x_wconf 84' lang='lat' dir='ltr'>vel</span> <span class='ocrx_word' id='word_1_462' title='bbox 1021 2421 1108 2452; x_wconf 83' lang='lat' dir='ltr'>nulla</span> <span class='ocrx_word' id='word_1_463' title='bbox 1129 2426 1177 2452; x_wconf 90' lang='lat' dir='ltr'>est</span> <span class='ocrx_word' id='word_1_464' title='bbox 1203 2421 1312 2463; x_wconf 88' lang='lat' dir='ltr'>opinio</span> <span class='ocrx_word' id='word_1_465' title='bbox 1328 2420 1407 2451; x_wconf 78' lang='lat' dir='ltr'>falsa</span> <span class='ocrx_word' id='word_1_466' title='bbox 1421 2431 1430 2452; x_wconf 70' lang='grc' dir='ltr'><strong>ε</strong></span> <span class='ocrx_word' id='word_1_467' title='bbox 1455 2420 1502 2452; x_wconf 85' lang='lat' dir='ltr'>vel</span> <span class='ocrx_word' id='word_1_468' title='bbox 1519 2420 1547 2452; x_wconf 83' lang='lat' dir='ltr'>si</span> <span class='ocrx_word' id='word_1_469' title='bbox 1562 2430 1625 2462; x_wconf 87' lang='lat' dir='ltr'>qua</span> <span class='ocrx_word' id='word_1_470' title='bbox 1638 2425 1699 2459; x_wconf 83' lang='lat' dir='ltr'>est,</span> 
     </span>
     <span class='ocr_line' id='line_1_41' title="bbox 231 2474 1697 2517; baseline 0 -11"><span class='ocrx_word' id='word_1_471' title='bbox 231 2485 303 2517; x_wconf 81' lang='lat' dir='ltr'>quae</span> <span class='ocrx_word' id='word_1_472' title='bbox 318 2475 388 2517; x_wconf 87' lang='lat' dir='ltr'>quis</span> <span class='ocrx_word' id='word_1_473' title='bbox 402 2475 502 2512; x_wconf 90' lang='lat' dir='ltr'>novit,</span> <span class='ocrx_word' id='word_1_474' title='bbox 519 2480 553 2506; x_wconf 92' lang='lat' dir='ltr'>ut</span> <span class='ocrx_word' id='word_1_475' title='bbox 568 2475 689 2517; x_wconf 87' lang='lat' dir='ltr'>ignoret</span> <span class='ocrx_word' id='word_1_476' title='bbox 703 2475 807 2513; x_wconf 80' lang='lat' dir='ltr'>simul,</span> <span class='ocrx_word' id='word_1_477' title='bbox 822 2475 889 2507; x_wconf 75' lang='lat' dir='ltr'>fieri</span> <span class='ocrx_word' id='word_1_478' title='bbox 913 2480 1028 2517; x_wconf 84' lang='lat' dir='ltr'>potest.</span> <span class='ocrx_word' id='word_1_479' title='bbox 1073 2475 1186 2507; x_wconf 90' lang='lat' dir='ltr'>Utrum</span> <span class='ocrx_word' id='word_1_480' title='bbox 1201 2475 1307 2517; x_wconf 91' lang='lat' dir='ltr'>potius</span> <span class='ocrx_word' id='word_1_481' title='bbox 1319 2475 1429 2516; x_wconf 86' lang='lat' dir='ltr'>eligis?</span> <span class='ocrx_word' id='word_1_482' title='bbox 1474 2474 1562 2507; x_wconf 68' lang='lat' dir='ltr'>Tne.</span> <span class='ocrx_word' id='word_1_483' title='bbox 1585 2474 1697 2506; x_wconf 82' lang='lat' dir='ltr'>Ambi-</span> 
     </span>
     <span class='ocr_line' id='line_1_42' title="bbox 231 2528 1698 2572; baseline 0 -11"><span class='ocrx_word' id='word_1_484' title='bbox 231 2539 336 2572; x_wconf 85' lang='lat' dir='ltr'>guam,</span> <span class='ocrx_word' id='word_1_485' title='bbox 351 2540 370 2561; x_wconf 93' lang='lat' dir='ltr'>o</span> <span class='ocrx_word' id='word_1_486' title='bbox 391 2529 548 2570; x_wconf 85' lang='lat' dir='ltr'>Socrates,</span> <span class='ocrx_word' id='word_1_487' title='bbox 563 2529 750 2561; x_wconf 89' lang='lat' dir='ltr'>electionem</span> <span class='ocrx_word' id='word_1_488' title='bbox 773 2529 975 2572; x_wconf 88' lang='lat' dir='ltr'>proposuisti.</span> <span class='ocrx_word' id='word_1_489' title='bbox 1020 2529 1077 2562; x_wconf 88' lang='lat' dir='ltr'>So.</span> <span class='ocrx_word' id='word_1_490' title='bbox 1100 2529 1207 2561; x_wconf 87' lang='lat' dir='ltr'>Ambo</span> <span class='ocrx_word' id='word_1_491' title='bbox 1227 2529 1355 2571; x_wconf 88' lang='lat' dir='ltr'>quidem</span> <span class='ocrx_word' id='word_1_492' title='bbox 1370 2528 1534 2560; x_wconf 87' lang='lat' dir='ltr'>admittere</span> <span class='ocrx_word' id='word_1_493' title='bbox 1549 2529 1629 2560; x_wconf 88' lang='lat' dir='ltr'>ratio</span> <span class='ocrx_word' id='word_1_494' title='bbox 1644 2539 1698 2561; x_wconf 81' lang='lat' dir='ltr'>vc-</span> 
     </span>
     <span class='ocr_line' id='line_1_43' title="bbox 229 2583 1700 2626; baseline 0 -11"><span class='ocrx_word' id='word_1_495' title='bbox 229 2588 296 2616; x_wconf 81' lang='lat' dir='ltr'>tare</span> <span class='ocrx_word' id='word_1_496' title='bbox 307 2583 440 2615; x_wconf 84' lang='lat' dir='ltr'>videtur.</span> <span class='ocrx_word' id='word_1_497' title='bbox 486 2583 709 2615; x_wconf 88' lang='lat' dir='ltr'>Verumtamen</span> <span class='ocrx_word' id='word_1_498' title='bbox 725 2584 906 2615; x_wconf 84' lang='lat' dir='ltr'>audendum</span> <span class='ocrx_word' id='word_1_499' title='bbox 921 2584 1038 2617; x_wconf 82' lang='lat' dir='ltr'>omnia.</span> <span class='ocrx_word' id='word_1_500' title='bbox 1082 2584 1169 2622; x_wconf 89' lang='lat' dir='ltr'>Quid</span> <span class='ocrx_word' id='word_1_501' title='bbox 1194 2583 1219 2615; x_wconf 78' lang='lat' dir='ltr'>si</span> <span class='ocrx_word' id='word_1_502' title='bbox 1238 2584 1389 2626; x_wconf 91' lang='lat' dir='ltr'>pudorem</span> <span class='ocrx_word' id='word_1_503' title='bbox 1405 2583 1564 2625; x_wconf 85' lang='lat' dir='ltr'>deponere</span> <span class='ocrx_word' id='word_1_504' title='bbox 1577 2583 1700 2615; x_wconf 80' lang='lat' dir='ltr'>audea-</span> 
     </span>
     <span class='ocr_line' id='line_1_44' title="bbox 229 2636 1699 2680; baseline -0.001 -11"><span class='ocrx_word' id='word_1_505' title='bbox 229 2637 320 2669; x_wconf 80' lang='lat' dir='ltr'>mus?</span> <span class='ocrx_word' id='word_1_506' title='bbox 363 2637 451 2669; x_wconf 75' lang='lat' dir='ltr'>Tne.</span> <span class='ocrx_word' id='word_1_507' title='bbox 473 2638 548 2674; x_wconf 91' lang='lat' dir='ltr'>Quo</span> <span class='ocrx_word' id='word_1_508' title='bbox 571 2638 690 2679; x_wconf 81' lang='lat' dir='ltr'>pacto?</span> <span class='ocrx_word' id='word_1_509' title='bbox 734 2638 786 2670; x_wconf 86' lang='lat' dir='ltr'>So.</span> <span class='ocrx_word' id='word_1_510' title='bbox 807 2638 841 2669; x_wconf 89' lang='lat' dir='ltr'>Si</span> <span class='ocrx_word' id='word_1_511' title='bbox 857 2638 988 2670; x_wconf 87' lang='lat' dir='ltr'>velimus</span> <span class='ocrx_word' id='word_1_512' title='bbox 1012 2639 1097 2680; x_wconf 92' lang='lat' dir='ltr'>quod</span> <span class='ocrx_word' id='word_1_513' title='bbox 1124 2638 1225 2679; x_wconf 87' lang='lat' dir='ltr'>ipsum</span> <span class='ocrx_word' id='word_1_514' title='bbox 1241 2637 1320 2669; x_wconf 90' lang='lat' dir='ltr'>scire</span> <span class='ocrx_word' id='word_1_515' title='bbox 1335 2642 1382 2668; x_wconf 84' lang='lat' dir='ltr'>est</span> <span class='ocrx_word' id='word_1_516' title='bbox 1395 2637 1562 2679; x_wconf 84' lang='lat' dir='ltr'>explicare.</span> <span class='ocrx_word' id='word_1_517' title='bbox 1605 2636 1699 2668; x_wconf 73' lang='lat' dir='ltr'>Tus.</span> 
     </span>
     <span class='ocr_line' id='line_1_45' title="bbox 231 2690 1697 2734; baseline -0.001 -10"><span class='ocrx_word' id='word_1_518' title='bbox 231 2692 296 2725; x_wconf 83' lang='lat' dir='ltr'>Cur</span> <span class='ocrx_word' id='word_1_519' title='bbox 309 2692 370 2723; x_wconf 87' lang='lat' dir='ltr'>hoc</span> <span class='ocrx_word' id='word_1_520' title='bbox 381 2691 572 2733; x_wconf 86' lang='lat' dir='ltr'>impudens?</span> <span class='ocrx_word' id='word_1_521' title='bbox 618 2691 675 2724; x_wconf 79' lang='lat' dir='ltr'>Se.</span> <span class='ocrx_word' id='word_1_522' title='bbox 700 2692 795 2723; x_wconf 88' lang='lat' dir='ltr'>Haud</span> <span class='ocrx_word' id='word_1_523' title='bbox 817 2692 892 2724; x_wconf 86' lang='lat' dir='ltr'>satis</span> <span class='ocrx_word' id='word_1_524' title='bbox 917 2692 1087 2724; x_wconf 83' lang='lat' dir='ltr'>advertisse</span> <span class='ocrx_word' id='word_1_525' title='bbox 1102 2692 1226 2728; x_wconf 85' lang='lat' dir='ltr'>videris,</span> <span class='ocrx_word' id='word_1_526' title='bbox 1241 2692 1327 2734; x_wconf 91' lang='lat' dir='ltr'>quod</span> <span class='ocrx_word' id='word_1_527' title='bbox 1346 2691 1448 2722; x_wconf 88' lang='lat' dir='ltr'>omnis</span> <span class='ocrx_word' id='word_1_528' title='bbox 1462 2691 1554 2722; x_wconf 81' lang='lat' dir='ltr'>nobis</span> <span class='ocrx_word' id='word_1_529' title='bbox 1568 2701 1588 2722; x_wconf 81' lang='lat' dir='ltr'>a</span> <span class='ocrx_word' id='word_1_530' title='bbox 1610 2690 1697 2733; x_wconf 83' lang='lat' dir='ltr'>prin-</span> 
     </span>
     <span class='ocr_line' id='line_1_46' title="bbox 231 2744 1698 2789; baseline -0.001 -11"><span class='ocrx_word' id='word_1_531' title='bbox 231 2745 318 2788; x_wconf 85' lang='lat' dir='ltr'>cipio</span> <span class='ocrx_word' id='word_1_532' title='bbox 332 2755 433 2777; x_wconf 89' lang='lat' dir='ltr'>sermo</span> <span class='ocrx_word' id='word_1_533' title='bbox 447 2745 648 2787; x_wconf 85' lang='lat' dir='ltr'>investigatio</span> <span class='ocrx_word' id='word_1_534' title='bbox 664 2746 804 2779; x_wconf 88' lang='lat' dir='ltr'>scientiae</span> <span class='ocrx_word' id='word_1_535' title='bbox 828 2747 902 2784; x_wconf 85' lang='lat' dir='ltr'>fuit,</span> <span class='ocrx_word' id='word_1_536' title='bbox 918 2751 1067 2789; x_wconf 82' lang='lat' dir='ltr'>tanquam</span> <span class='ocrx_word' id='word_1_537' title='bbox 1093 2747 1169 2788; x_wconf 91' lang='lat' dir='ltr'>quid</span> <span class='ocrx_word' id='word_1_538' title='bbox 1197 2746 1266 2788; x_wconf 88' lang='lat' dir='ltr'>ipsa</span> <span class='ocrx_word' id='word_1_539' title='bbox 1291 2745 1331 2777; x_wconf 91' lang='lat' dir='ltr'>sit</span> <span class='ocrx_word' id='word_1_540' title='bbox 1345 2745 1565 2788; x_wconf 87' lang='lat' dir='ltr'>ignoraremus.</span> <span class='ocrx_word' id='word_1_541' title='bbox 1607 2744 1698 2777; x_wconf 75' lang='lat' dir='ltr'>Tus:-</span> 
     </span>
     <span class='ocr_line' id='line_1_47' title="bbox 229 2797 1698 2842; baseline -0.002 -11"><span class='ocrx_word' id='word_1_542' title='bbox 229 2799 350 2833; x_wconf 80' lang='lat' dir='ltr'>Teneo.</span> <span class='ocrx_word' id='word_1_543' title='bbox 394 2799 452 2831; x_wconf 92' lang='lat' dir='ltr'>So.</span> <span class='ocrx_word' id='word_1_544' title='bbox 475 2799 591 2831; x_wconf 90' lang='lat' dir='ltr'>Nonne</span> <span class='ocrx_word' id='word_1_545' title='bbox 606 2799 798 2842; x_wconf 86' lang='lat' dir='ltr'>impudentis</span> <span class='ocrx_word' id='word_1_546' title='bbox 820 2800 915 2832; x_wconf 90' lang='lat' dir='ltr'>animi</span> <span class='ocrx_word' id='word_1_547' title='bbox 938 2806 999 2842; x_wconf 85' lang='lat' dir='ltr'>est,</span> <span class='ocrx_word' id='word_1_548' title='bbox 1016 2805 1051 2832; x_wconf 88' lang='lat' dir='ltr'>ut</span> <span class='ocrx_word' id='word_1_549' title='bbox 1075 2800 1238 2832; x_wconf 84' lang='lat' dir='ltr'>scientiam</span> <span class='ocrx_word' id='word_1_550' title='bbox 1253 2800 1445 2842; x_wconf 86' lang='lat' dir='ltr'>ignorantes,</span> <span class='ocrx_word' id='word_1_551' title='bbox 1459 2798 1535 2840; x_wconf 89' lang='lat' dir='ltr'>quid</span> <span class='ocrx_word' id='word_1_552' title='bbox 1551 2797 1629 2831; x_wconf 75' lang='lat' dir='ltr'>scire</span> <span class='ocrx_word' id='word_1_553' title='bbox 1644 2798 1698 2839; x_wconf 89' lang='lat' dir='ltr'>sit,</span> 
     </span>
     <span class='ocr_line' id='line_1_48' title="bbox 231 2852 1699 2897; baseline -0.001 -11"><span class='ocrx_word' id='word_1_554' title='bbox 231 2854 423 2886; x_wconf 83' lang='lat' dir='ltr'>ostendant?</span> <span class='ocrx_word' id='word_1_555' title='bbox 470 2853 600 2891; x_wconf 84' lang='lat' dir='ltr'>Verum,</span> <span class='ocrx_word' id='word_1_556' title='bbox 617 2865 636 2884; x_wconf 93' lang='lat' dir='ltr'>o</span> <span class='ocrx_word' id='word_1_557' title='bbox 652 2854 825 2892; x_wconf 87' lang='lat' dir='ltr'>Theaetete‚</span> <span class='ocrx_word' id='word_1_558' title='bbox 837 2853 1026 2897; x_wconf 88' lang='lat' dir='ltr'>jampridem</span> <span class='ocrx_word' id='word_1_559' title='bbox 1043 2865 1061 2886; x_wconf 83' lang='lat' dir='ltr'>a</span> <span class='ocrx_word' id='word_1_560' title='bbox 1077 2855 1212 2896; x_wconf 77' lang='lat' dir='ltr'>puritate</span> <span class='ocrx_word' id='word_1_561' title='bbox 1233 2853 1416 2895; x_wconf 86' lang='lat' dir='ltr'>disputandi</span> <span class='ocrx_word' id='word_1_562' title='bbox 1433 2852 1526 2894; x_wconf 85' lang='lat' dir='ltr'>longe</span> <span class='ocrx_word' id='word_1_563' title='bbox 1540 2861 1699 2894; x_wconf 75' lang='lat' dir='ltr'>vagamur.</span> 
     </span>
     <span class='ocr_line' id='line_1_49' title="bbox 229 2905 1699 2955; baseline -0.002 -15"><span class='ocrx_word' id='word_1_564' title='bbox 229 2907 344 2941; x_wconf 89' lang='lat' dir='ltr'>millies</span> <span class='ocrx_word' id='word_1_565' title='bbox 354 2907 436 2939; x_wconf 89' lang='lat' dir='ltr'>enim</span> <span class='ocrx_word' id='word_1_566' title='bbox 447 2907 581 2940; x_wconf 87' lang='lat' dir='ltr'>diximus</span> <span class='ocrx_word' id='word_1_567' title='bbox 592 2908 671 2945; x_wconf 84' lang='lat' dir='ltr'>haec,</span> <span class='ocrx_word' id='word_1_568' title='bbox 683 2908 922 2955; x_wconf 62' lang='lat' dir='ltr'>cognoscimus,</span> <span class='ocrx_word' id='word_1_569' title='bbox 935 2909 1006 2941; x_wconf 90' lang='lat' dir='ltr'>Non</span> <span class='ocrx_word' id='word_1_570' title='bbox 1020 2909 1248 2951; x_wconf 84' lang='lat' dir='ltr'>cognoscimus,</span> <span class='ocrx_word' id='word_1_571' title='bbox 1258 2908 1392 2946; x_wconf 82' lang='lat' dir='ltr'>Scimus,</span> <span class='ocrx_word' id='word_1_572' title='bbox 1402 2911 1497 2948; x_wconf 86' lang='lat' dir='ltr'>atque</span> <span class='ocrx_word' id='word_1_573' title='bbox 1509 2905 1679 2938; x_wconf 79' lang='lat' dir='ltr'>Nescimus</span> <span class='ocrx_word' id='word_1_574' title='bbox 1691 2917 1699 2938; x_wconf 74' lang='grc' dir='ltr'><strong>ε</strong></span> 
     </span>
     <span class='ocr_line' id='line_1_50' title="bbox 229 2959 1698 3005; baseline -0.002 -11"><span class='ocrx_word' id='word_1_575' title='bbox 229 2962 319 3005; x_wconf 86' lang='lat' dir='ltr'>quasi</span> <span class='ocrx_word' id='word_1_576' title='bbox 333 2961 452 3004; x_wconf 86' lang='lat' dir='ltr'>aliquid</span> <span class='ocrx_word' id='word_1_577' title='bbox 475 2961 607 2994; x_wconf 87' lang='lat' dir='ltr'>invicem</span> <span class='ocrx_word' id='word_1_578' title='bbox 623 2961 879 3004; x_wconf 74' lang='lat' dir='ltr'>intelligeremus,</span> <span class='ocrx_word' id='word_1_579' title='bbox 895 2964 950 2995; x_wconf 84' lang='lat' dir='ltr'>sed</span> <span class='ocrx_word' id='word_1_580' title='bbox 966 2963 1087 2995; x_wconf 82' lang='lat' dir='ltr'>interim</span> <span class='ocrx_word' id='word_1_581' title='bbox 1105 2962 1266 2995; x_wconf 85' lang='lat' dir='ltr'>scientiam</span> <span class='ocrx_word' id='word_1_582' title='bbox 1290 2961 1519 3003; x_wconf 81' lang='lat' dir='ltr'>ignorabamus.</span> <span class='ocrx_word' id='word_1_583' title='bbox 1563 2959 1647 3002; x_wconf 82' lang='lat' dir='ltr'>Ergo</span> <span class='ocrx_word' id='word_1_584' title='bbox 1660 2965 1698 2992; x_wconf 82' lang='lat' dir='ltr'>et</span> 
     </span>
     <span class='ocr_line' id='line_1_51' title="bbox 230 3013 1699 3069; baseline -0.003 -20"><span class='ocrx_word' id='word_1_585' title='bbox 230 3027 314 3049; x_wconf 87' lang='lat' dir='ltr'>nunc</span> <span class='ocrx_word' id='word_1_586' title='bbox 330 3026 467 3060; x_wconf 86' lang='lat' dir='ltr'>quoquc,</span> <span class='ocrx_word' id='word_1_587' title='bbox 493 3014 517 3048; x_wconf 83' lang='lat' dir='ltr'>si</span> <span class='ocrx_word' id='word_1_588' title='bbox 540 3017 658 3060; x_wconf 83' lang='lat' dir='ltr'>placet,</span> <span class='ocrx_word' id='word_1_589' title='bbox 675 3018 833 3051; x_wconf 78' lang='lat' dir='ltr'>vocabulis</span> <span class='ocrx_word' id='word_1_590' title='bbox 850 3017 916 3050; x_wconf 82' lang='lat' dir='ltr'>istis</span> <span class='ocrx_word' id='word_1_591' title='bbox 933 3017 1232 3069; x_wconf 23' lang='lat' dir='ltr'>utamurnignorarc</span> <span class='ocrx_word' id='word_1_592' title='bbox 1253 3015 1375 3050; x_wconf 81' lang='lat' dir='ltr'>scilicet</span> <span class='ocrx_word' id='word_1_593' title='bbox 1397 3020 1428 3047; x_wconf 88' lang='lat' dir='ltr'>ct</span> <span class='ocrx_word' id='word_1_594' title='bbox 1454 3013 1699 3057; x_wconf 45' lang='lat' dir='ltr'>Intelligeresut</span> 
     </span>
    </p>
   </div>
  </div>
 </body>
</html>
