1846 3268
203 260 300 311 ⁹54]
776 254 1055 295 SOPHISTA.
1603 256 1680 294 359

205 365 301 397 literis
323 363 419 406 [253]
442 362 556 395 evenit.
578 371 650 393 nam
664 362 808 403 quaedam
824 372 861 392 ex
879 362 973 393 literis
989 361 1121 393 invicem
1136 361 1338 403 copulantur,
1357 362 1502 404 quaedam
1525 362 1665 398 minime.

202 418 290 452 Tne.
314 419 418 450 Patet.
461 416 530 449 Ho.
551 415 716 448 Vocalium
733 416 853 457 quippe
870 416 1024 447 literarum
1040 415 1133 447 series
1148 426 1205 458 per
1219 415 1295 447 alias
1309 426 1416 447 omncs
1431 420 1579 459 tanquam
1593 418 1662 448 vin-

202 472 308 503 culum
322 471 480 514 quoddam
506 469 713 512 protenditur,
729 469 795 500 sine
810 479 874 511 quo
889 470 983 500 nullm
999 469 1131 500 invicem
1147 469 1244 501 literae
1267 469 1375 502 vinciri
1390 475 1532 512 possunt.
1574 470 1663 504 Tne.

203 523 246 555 Et
260 525 389 556 maxime
403 524 541 566 quidem.
585 522 652 555 Ho.
677 522 728 554 An
744 522 891 563 intelligit
906 523 1118 564 unusquisque
1133 533 1204 564 quae
1219 523 1316 555 literae
1331 523 1444 564 quibus
1464 529 1638 566 congruant
1652 525 1664 555 ἓ

202 579 252 609 vel
267 583 332 610 arte
347 588 427 620 opus
451 581 511 617 est,
526 581 562 607 ut
582 581 667 608 recte
683 576 715 607 id
730 575 810 606 fiat?
854 575 941 606 TnE.
964 575 1052 607 Arte.
1097 576 1164 608 Ho.
1187 576 1284 614 Qua?
1328 576 1416 608 Tun.
1440 576 1665 609 Grammatica.

203 631 270 665 110.
293 631 410 663 Nonne
425 631 508 662 idem
534 630 616 662 cirea
631 630 769 671 gravium
783 633 816 661 et
837 634 998 661 acutorum
1013 629 1131 660 sonos?
1155 629 1210 671 qui
1232 630 1315 661 enim
1330 641 1424 662 voces
1438 630 1571 664 invicem
1586 642 1663 664 con-

202 694 295 717 sonas
311 686 490 717 dissonasve
504 690 569 716 arte
583 683 752 726 dignoscit,
776 682 931 715 musicus:
955 683 1010 724 qui
1025 693 1097 714 vero
1113 683 1248 725 ignorat,
1272 684 1397 715 musicae
1411 695 1531 726 expers.
1573 685 1662 718 Tim.

206 739 258 770 Ita
271 743 330 771 est.
373 738 441 772 Ηο.
462 738 505 769 Et
520 739 552 769 in
568 737 637 769 aliis
651 737 768 768 artibus
782 737 958 778 artiumque
972 737 1148 769 defectibus
1167 736 1362 778 ejuscemodi
1389 737 1452 769 alia
1466 739 1663 780 reperiemus.

204 791 291 824 Tne.
313 793 520 824 Manifestum
535 791 568 822 id
584 790 724 833 quidem.
769 789 835 821 Ho.
859 790 940 822 Cum
956 800 1029 821 vero
1054 795 1088 821 et
1110 800 1223 832 genere
1237 801 1336 822 rerum
1361 791 1472 823 eodem
1489 797 1582 833 pacto
1597 803 1667 823 mu-

204 850 290 878 tuam
305 846 557 878 communionem
581 845 695 876 habere
711 843 889 884 dixerimus,
916 853 1022 875 nonne
1042 843 1174 876 scientia
1188 845 1324 886 quadam
1351 855 1507 876 sermones
1521 856 1667 888 peragere

204 900 311 939 debet,
323 900 463 942 quisquis
475 904 558 931 recte
573 898 679 940 qualia
694 908 808 940 genera
822 897 967 939 qualibus
981 903 1156 939 congruant
1169 903 1225 929 aut
1238 898 1411 936 dissonent,
1424 899 1464 930 sit
1475 904 1668 937 ostensurus,

203 955 281 996 quin
303 954 397 985 etiam
413 964 468 995 per
482 952 586 984 omnia
599 952 779 994 cogniturus
795 951 821 982 si
836 951 896 982 ista
909 952 1113 993 conveniant,
1127 952 1207 983 adeo
1230 957 1266 983 ut
1280 953 1472 984 commisceri
1487 954 1619 995 possint,
1633 958 1666 985 et

205 1008 240 1039 in
266 1008 471 1040 divisionibus
496 1017 610 1044 rursus,
633 1006 660 1036 si
686 1016 741 1048 per
765 1005 870 1036 omnia
893 1004 989 1036 altera
1009 1004 1172 1037 divisionis
1193 1010 1240 1037 est
1254 1006 1373 1038 causa?
1417 1006 1505 1039 Tnn.
1529 1008 1668 1039 Seientia

206 1071 329 1103 prorsus
344 1071 423 1103 opus
438 1066 498 1098 est,
512 1071 549 1092 ac
565 1061 660 1092 ferme
677 1059 816 1090 omnium
831 1059 975 1090 maxima.
1011 1059 1077 1090 Ho.
1100 1060 1206 1097 Quam
1221 1060 1314 1102 igitur
1330 1061 1411 1092 hanc
1425 1060 1666 1104 appellabimus,

206 1114 391 1147 Theaetete?
436 1114 592 1156 Nunquid
622 1113 799 1146 clanculum
828 1113 864 1144 in
892 1112 1064 1144 liberalium
1095 1113 1255 1145 hominum
1285 1114 1447 1146 scientiam
1475 1115 1667 1148 incidimus?

209 1169 349 1200 videmur
374 1170 495 1211 utique,
519 1169 593 1199 dum
620 1178 825 1209 quaereremus
847 1167 1029 1208 sophistam,
1052 1172 1125 1199 ante
1147 1167 1233 1199 illum
1249 1168 1403 1201 invenisse
1419 1170 1667 1212 philosophum?

205 1223 292 1255 Tne.
316 1223 381 1261 Qui
406 1223 513 1255 istuc?
558 1222 625 1254 Ho.
649 1222 710 1253 Per
731 1232 846 1264 genera
868 1221 1020 1259 dividere,
1046 1227 1079 1253 et
1100 1233 1203 1264 neque
1225 1223 1357 1255 eandem
1380 1223 1515 1265 speciem
1536 1223 1663 1256 alteram

206 1278 331 1309 credere
346 1287 448 1319 neque
463 1277 590 1308 alteram
606 1286 708 1306 rursus
723 1276 854 1307 eandem
869 1285 950 1316 esse,
961 1285 1067 1306 nonne
1081 1275 1256 1308 dialecticae
1268 1277 1402 1308 officium
1418 1287 1485 1309 esse
1499 1277 1639 1309 dicemus
1652 1279 1664 1310 ἓ

207 1331 295 1362 Tne.
317 1330 468 1362 Dicemus
482 1330 634 1372 profecto,
655 1328 719 1360 Ho.
742 1329 932 1370 Quicunque
947 1330 1007 1361 hoc
1022 1339 1113 1371 agere
1129 1334 1247 1371 potest,
1262 1341 1356 1362 unam
1371 1331 1474 1362 ideam
1487 1342 1541 1373 per
1556 1333 1666 1375 multa,

210 1395 400 1426 unoquoque
424 1394 560 1416 seorsum
584 1382 699 1425 posito,
715 1383 827 1424 passim
843 1387 1017 1425 porrectam
1039 1388 1130 1414 acute
1154 1384 1324 1426 persentit:
1347 1389 1380 1415 et
1405 1385 1517 1417 multas
1531 1386 1664 1419 invicem

209 1437 284 1469 alias
298 1438 487 1470 extrinsecus
502 1437 559 1468 sub
575 1447 637 1467 una
651 1438 910 1478 comprehensas:
933 1442 967 1468 et
993 1447 1086 1468 unam
1102 1447 1203 1468 rursus
1230 1447 1284 1479 per
1305 1443 1372 1470 tota
1394 1437 1460 1478 illa,
1482 1450 1553 1482 quae
1568 1441 1666 1472 multa

208 1495 294 1533 sunt,
308 1492 347 1523 ad
363 1502 456 1523 unam
472 1490 664 1533 copulatam,
677 1495 710 1522 et
725 1490 838 1523 multas
854 1500 991 1522 seorsum
1014 1491 1154 1534 undique
1169 1491 1344 1524 distinctas.
1388 1492 1460 1525 Hoc
1487 1498 1591 1526 autem
1617 1500 1666 1526 cst

208 1545 287 1577 scire
303 1556 358 1587 per
372 1555 470 1587 genus
484 1545 658 1576 discernere
672 1555 735 1587 qua
758 1545 881 1587 singula
903 1545 1131 1577 communicare
1152 1546 1286 1577 vicissim
1310 1551 1440 1588 possunt
1464 1551 1497 1578 et
1518 1559 1581 1590 qua
1603 1559 1667 1580 non

208 1604 351 1641 possunt.
370 1599 457 1630 Tnn.
473 1598 622 1631 Omnino,
646 1598 712 1632 Ho.
730 1598 774 1630 At
786 1609 858 1630 vero
871 1598 1071 1631 dialecticum
1083 1610 1162 1641 opus
1171 1600 1255 1631 haud
1266 1600 1355 1631 alteri
1365 1600 1466 1639 dabis,
1483 1606 1518 1632 ut
1527 1602 1668 1641 arbitror,

207 1663 302 1695 quam
317 1663 393 1694 pure
407 1652 607 1694 legitimeque
623 1652 870 1694 philosophanti.
913 1652 1002 1685 Tne.
1026 1653 1100 1691 Quo
1123 1659 1217 1695 pacto
1232 1654 1321 1685 alteri
1342 1654 1408 1685 dari
1425 1656 1553 1696 posset?
1598 1656 1666 1690 Ho.

208 1706 436 1748 Philosophum
459 1706 586 1748 quidem
610 1706 666 1737 tali
687 1707 823 1748 quodam
848 1706 880 1737 in
904 1706 973 1738 loco
997 1711 1030 1738 et
1050 1717 1136 1739 nune
1158 1712 1191 1738 et
1204 1707 1238 1738 in
1254 1713 1424 1749 posterum,
1439 1709 1466 1740 si
1481 1719 1666 1751 quaeremus,

206 1760 414 1802 inveniemus,
428 1770 616 1802 quamquam
641 1759 739 1802 [254]
763 1765 796 1792 et
811 1760 870 1792 iste
886 1771 949 1791 non
966 1760 1060 1792 facile
1073 1762 1216 1804 conspici
1233 1767 1346 1804 potest.
1392 1762 1454 1794 Sed
1470 1763 1531 1795 alia
1546 1765 1665 1796 ratione

206 1813 359 1856 sophista,
374 1814 434 1845 alia
450 1814 655 1855 philosophus
670 1814 817 1845 intuitum
831 1814 945 1856 refugit
961 1815 1134 1847 oculorum.
1165 1815 1254 1849 Tun.
1277 1816 1373 1854 Qua?
1397 1816 1462 1849 Ho.
1487 1818 1664 1859 Sophistam

208 1877 306 1909 pono,
322 1867 397 1909 quia
422 1867 454 1898 in
469 1878 534 1899 non
549 1867 630 1899 entis
654 1869 796 1900 tenebras
811 1868 945 1910 aufugit,
969 1874 1001 1900 et
1026 1869 1174 1901 diuturna
1197 1870 1426 1902 consuetudine
1449 1872 1584 1903 tenebris
1604 1872 1668 1903 illis

206 1921 392 1962 offunditur,
417 1921 531 1953 iccirco
558 1932 678 1953 summa
701 1922 886 1954 difficultate
909 1923 1107 1956 discernitur.
1150 1923 1239 1957 Tne.
1262 1924 1315 1956 Sic
1329 1930 1390 1956 est.
1434 1925 1502 1956 Ηο.
1523 1925 1667 1957 Philoso-

205 1975 287 2016 phus
313 1979 416 2006 autem
441 1975 522 2006 entis
546 1975 644 2017 ipsius
668 1976 748 2007 ideae
773 1976 1011 2008 ratiocinatione
1037 1987 1158 2019 semper
1182 1977 1349 2020 inhaerens,
1371 1979 1411 2010 ob
1427 1979 1561 2020 regionis
1582 1980 1668 2011 iilius

207 2027 405 2069 splendorem
417 2029 502 2060 haud
513 2029 605 2061 facile
619 2029 767 2062 cernitur.
812 2030 845 2061 N
847 2041 897 2062 am
912 2031 1086 2073 vulgarium
1101 2031 1272 2063 animarum
1284 2033 1368 2064 oculi
1378 2033 1552 2065 divinitatis
1564 2033 1667 2066 radios

206 2081 357 2113 sustinere
371 2092 436 2114 non
452 2087 592 2124 possunt.
634 2083 723 2115 Tnz.
746 2083 1000 2116 Consentaneum
1016 2090 1064 2117 est
1082 2085 1143 2116 ista
1157 2086 1202 2118 sic
1218 2097 1282 2117 non
1298 2087 1399 2118 minus
1414 2097 1507 2128 quam
1523 2087 1577 2118 illa
1599 2098 1667 2119 sese

161 2138 164 2141 '
207 2135 333 2168 habere.
377 2136 444 2168 Ho.
466 2136 518 2168 De
532 2137 593 2169 hoc
609 2137 685 2169 alias
699 2137 823 2175 clarius,
837 2139 863 2169 si
878 2149 933 2181 pro
949 2139 1110 2170 voluntate
1134 2139 1251 2181 licebit,
1266 2140 1478 2174 tractabimus.
1521 2141 1669 2183 Sophista

207 2199 280 2221 vero
295 2199 358 2220 non
374 2190 459 2231 prius
474 2195 522 2222 est
535 2191 752 2228 dimittendus.
768 2201 862 2234 quam
878 2192 1066 2224 sufficienter
1080 2204 1099 2224 a
1109 2192 1200 2224 nobis
1215 2193 1255 2224 sit
1266 2194 1423 2236 cognitus.
1463 2194 1549 2226 Tne.
1572 2194 1669 2237 Egre-

207 2243 271 2285 gie.
316 2243 384 2276 Ho.
407 2243 578 2286 Postquam
593 2255 666 2287 ergo
681 2245 762 2276 inter
787 2255 845 2276 nos
859 2246 1019 2283 convenit,
1035 2256 1072 2277 ex
1095 2247 1260 2288 generibus
1283 2248 1427 2289 quaedam
1443 2247 1578 2279 vicissim
1594 2258 1670 2279 con-

207 2297 309 2338 gredi,
332 2297 475 2339 quaedam
502 2298 626 2339 penitus
651 2299 801 2330 dissidere
814 2311 822 2331 :
846 2305 879 2331 et
900 2299 962 2330 alia
986 2300 1115 2342 quidem
1140 2311 1211 2332 cum
1237 2300 1358 2342 paucis,
1382 2301 1444 2332 alia
1462 2312 1534 2334 cum
1553 2302 1669 2341 multis,

206 2350 359 2382 nonnulla
373 2362 499 2394 quoque
516 2363 570 2394 pcr
585 2353 689 2383 omnia
705 2353 848 2384 omnibus
870 2354 1046 2386 cohaerere:
1071 2364 1235 2396 sequamur
1257 2354 1406 2396 deinceps
1429 2354 1580 2386 rationem
1604 2366 1666 2387 ser-

208 2405 309 2435 monis
324 2404 416 2446 hujus
431 2404 464 2436 in
479 2406 563 2438 hunc
578 2406 704 2438 modum
719 2407 964 2439 considerantes.
986 2418 1050 2439 non
1066 2408 1107 2440 de
1122 2407 1265 2439 omnibus
1281 2409 1458 2450 speciebus,
1472 2409 1612 2451 inquam,
1627 2419 1669 2441 ne

208 2456 409 2489 multitudine
424 2459 663 2496 confundamur,
679 2469 784 2492 verum
799 2461 950 2502 quasdam
971 2471 1009 2492 ex
1025 2461 1164 2492 maximis
1186 2461 1360 2503 eligentes:
1385 2463 1517 2504 primum
1539 2464 1667 2506 quidem

208 2510 318 2552 quales
332 2521 464 2553 quaequc
479 2511 541 2544 sint
553 2524 564 2552 ;
585 2513 702 2545 deinde
716 2525 809 2556 quam
825 2513 888 2545 vim
905 2519 1022 2546 mutuae
1037 2515 1264 2546 communionis
1288 2516 1436 2554 habeant,
1451 2522 1487 2548 ut
1501 2528 1556 2548 ens
1570 2523 1666 2559 atque

208 2574 274 2594 non
289 2574 359 2605 ens,
373 2564 400 2596 si
413 2575 477 2596 non
489 2576 653 2607 possumus
664 2567 828 2608 perspicua
841 2567 964 2609 penitus
975 2567 1105 2599 notione
1121 2569 1398 2610 comprehendere,
1410 2569 1518 2601 saltem
1530 2581 1668 2612 congrua

208 2618 249 2649 de
264 2617 312 2649 his
327 2618 509 2661 disputandi
521 2620 639 2651 ratione
652 2631 715 2651 non
726 2631 896 2659 careamus,
907 2622 1012 2663 quoad
1023 2621 1273 2664 investigationis
1284 2622 1376 2664 hujus
1388 2623 1528 2655 conditio
1540 2624 1667 2666 patitur.

207 2671 307 2708 Quod
322 2671 346 2702 si
361 2681 425 2703 non
439 2682 495 2703 ens
509 2673 595 2704 velut
607 2673 811 2715 imaginando
835 2684 903 2706 esse
918 2685 950 2706 re
965 2685 1037 2706 vera
1060 2686 1122 2706 non
1138 2686 1193 2706 ens
1219 2675 1371 2714 dicemus,
1386 2676 1525 2709 insontes
1539 2678 1669 2708 forsitan

209 2725 389 2756 evademus.
430 2725 518 2758 Tun.
540 2726 644 2758 Decet
667 2737 753 2758 sane.
797 2727 864 2760 Ho.
888 2729 1029 2760 Maxima
1056 2740 1129 2760 vero
1160 2730 1297 2760 omnium
1327 2741 1451 2772 genera,
1481 2741 1551 2772 quae
1574 2731 1668 2761 modo

207 2779 426 2816 referebamus.
441 2790 496 2810 ens
510 2779 612 2820 ipsum
627 2786 659 2811 et
684 2785 781 2812 status
796 2786 829 2812 et
844 2773 956 2814 motus.
1000 2783 1086 2814 Tne.
1113 2782 1226 2814 Valde.
1271 2783 1338 2815 Ηο.
1363 2783 1436 2814 1)υο
1453 2785 1520 2815 haec
1534 2784 1667 2814 invicem

210 2831 332 2863 misceri
357 2843 420 2863 non
447 2843 538 2873 posse
567 2838 614 2864 est
643 2834 773 2866 dictum.
815 2835 902 2868 Tne.
926 2836 1032 2868 Certe.
1078 2835 1144 2868 Ho.
1167 2836 1232 2867 Ens
1262 2848 1333 2868 vero
1363 2838 1500 2878 utrisque
1530 2837 1667 2868 misceri:

211 2884 302 2915 ambo
316 2886 399 2916 enim
415 2886 646 2927 quodammodo
663 2892 746 2919 sunt.
790 2887 877 2919 Tur-2.
900 2888 954 2920 Nil
971 2889 1083 2919 obstat.
1128 2889 1194 2923 Ho.
1219 2890 1375 2932 Sequitur,
1400 2895 1435 2921 ut
1450 2890 1583 2920 tria-sint
1599 2890 1667 2921 ista.

213 2937 301 2970 Tne.
325 2939 481 2982 Sequitur.
522 2939 588 2973 110.
614 2940 664 2972 An
682 2952 744 2974 non
760 2942 886 2974 istorum
902 2942 1066 2985 quodlibet
1081 2954 1099 2975 a
1115 2944 1236 2976 duobus
1251 2945 1375 2986 reliquis
1391 2943 1518 2975 alterum
1534 2947 1592 2985 est,
1608 2942 1667 2974 sibi
