1846 3268
212 283 293 323 414
809 280 1076 322 PLATONIS
1581 286 1679 339 [202

215 390 299 418 certe
323 384 567 427 pulchritudinis
593 393 679 415 amor
700 388 759 422 est,
773 383 976 426 turpitudinis
1000 396 1072 418 vero
1095 386 1235 419 minime.
1276 387 1368 421 Aoi.
1393 387 1580 421 Consentio.
1623 388 1679 421 So.

214 440 333 471 Nonne
355 450 537 471 concessum
553 444 612 481 est,
625 438 673 476 id,
689 449 752 480 quo
778 444 851 481 eget
873 450 932 472 nec
958 441 1065 479 habet,
1081 443 1201 474 amare?
1250 441 1341 475 Aca.
1366 442 1557 475 Concessum
1574 442 1679 485 plane.

214 494 272 526 So.
296 493 378 535 Ergo
403 493 636 536 pulchritudine
661 493 783 534 indiget
807 504 903 531 amor,
932 505 1063 537 eamque
1089 506 1152 527 non
1180 497 1286 530 habet.
1331 498 1424 529 Aca.
1448 497 1681 536 Necessarium·

213 549 272 581 So.
296 548 383 586 Quid
405 548 500 579 vero?
527 558 602 578 num
630 547 793 589 pulchrum
817 558 922 586 vocas,
939 549 1024 590 quod
1052 549 1295 591 pulchritudinis
1316 551 1457 594 indigum
1473 556 1521 583 est
1536 561 1596 583 nec
1609 562 1677 583 earn

212 602 331 634 habet?
376 601 466 633 Aca.
489 600 710 644 Nequaquam.
755 601 812 633 So.
835 601 991 644 Nunquid
1004 602 1143 640 ulterius,
1159 603 1186 634 si
1201 603 1269 636 lraec
1285 605 1326 636 ita
1342 616 1375 636 se
1391 605 1520 646 babent,
1530 604 1679 636 Amorem

213 656 379 699 pulchrum
405 656 538 687 asseris?
582 655 674 688 Aoi.
698 655 787 687 Nihil
812 654 930 693 eorum,
953 667 1024 699 quae
1049 668 1142 699 supra
1166 657 1243 696 dixi,
1257 658 1447 691 intellexisse
1460 659 1579 691 videor.
1622 659 1680 692 So.

209 710 313 742 Recte
328 709 445 742 dixisti.
467 710 523 742 sed
539 710 695 752 responde
711 721 877 752 parumper
892 711 1033 748 ulterius,
1049 710 1202 754 Nunquid
1215 712 1283 755 ipsa
1299 714 1381 745 bona
1397 714 1527 755 pulchra
1540 724 1607 745 esse
1630 713 1676 745 vi·

209 765 348 796 dentur?
393 764 485 797 Aca.
509 764 594 796 Mihi
611 775 694 797 vero.
740 764 796 797 So.
820 765 855 796 Si
873 764 968 806 igitur
983 764 1082 797 Amor
1094 766 1231 808 pulchris
1245 773 1344 810 caret,
1364 768 1446 799 bona
1459 778 1532 800 vero
1548 767 1678 809 pulchra

212 823 298 856 sunt,
313 819 404 851 bonis
418 829 544 861 quoque
560 824 655 850 caret.
699 818 792 851 ΑοΑ.
815 818 1010 860 Repugnare
1033 819 1103 857 tibi,
1118 831 1137 850 o
1161 820 1315 858 Socrates,
1331 821 1417 852 nullo
1432 821 1527 861 modo
1541 831 1678 864 possem.

205 877 279 903 esto
293 872 399 914 igitur,
416 876 452 903 ut
466 878 499 904 tu
515 872 572 904 ais.
616 873 674 905 So.
697 873 831 904 Veritati
846 872 974 914 quidem
991 883 1164 915 nunquam,
1181 885 1200 905 o
1216 874 1332 906 dilecte
1346 874 1507 917 Agathou,
1522 875 1677 908 adversari

212 937 334 968 posses,
362 923 483 958 Socrati
513 936 586 958 vero
610 926 770 959 facillime.
816 926 933 958 verum
962 926 1165 968 Agathonem
1184 928 1252 970 jam
1279 928 1447 966 dimittam,
1471 929 1635 971 vobisque,
1658 940 1678 960 ο

208 981 364 1018 convivae,
391 980 518 1012 reseram
541 990 714 1011 sermonem
737 981 778 1011 de
794 979 926 1018 Amore,
941 991 1035 1022 quem
1050 982 1124 1012 olim
1140 983 1250 1024 accepi
1270 993 1290 1013 a
1304 982 1435 1014 fatidica
1449 982 1578 1014 muliere
1590 982 1675 1014 Dio-

209 1035 297 1071 tima,
314 1045 385 1077 quae
400 1039 433 1066 et
446 1035 555 1065 harum
570 1044 669 1065 rerum
686 1035 787 1075 perita
802 1039 877 1074 erat,
894 1040 926 1066 et
942 1035 1003 1066 alia
1018 1036 1117 1066 multa
1130 1037 1288 1078 sapienter
1302 1036 1510 1079 intelligebat,
1525 1041 1558 1068 et
1573 1035 1676 1069 Athe·

207 1089 370 1120 niensibus
384 1088 473 1129 olim,
497 1088 591 1119 sacris
614 1089 769 1120 decennio
789 1094 863 1121 ante
878 1094 1000 1132 pestem
1018 1090 1163 1131 peractis,
1187 1091 1285 1122 morbi
1301 1090 1485 1123 dilationem
1499 1091 1600 1123 dedit.
1623 1090 1679 1123 illa

208 1154 259 1175 me
273 1143 306 1175 in
323 1143 473 1175 amatoria
485 1142 635 1174 facultate
650 1143 803 1175 instruxit.
825 1154 897 1186 quae
921 1144 1016 1186 igitur
1038 1144 1094 1176 illa
1116 1144 1206 1182 dixit,
1222 1145 1360 1176 conabor
1375 1144 1463 1176 vobis
1477 1155 1515 1176 ex
1530 1155 1580 1176 me
1594 1144 1678 1187 ipso,

206 1198 379 1230 secundum
392 1207 431 1228 ea
445 1207 515 1239 quae
530 1196 612 1229 inter
625 1208 674 1229 me
691 1203 724 1229 et
737 1196 937 1240 Agathonem
953 1204 1178 1236 convenerunt,
1194 1199 1376 1241 exprimere.
1423 1200 1559 1242 Oportet
1572 1204 1676 1231 autern

207 1252 322 1295 primo,
338 1262 357 1283 o
376 1251 538 1294 Agathou,
553 1257 589 1283 ut
603 1257 636 1283 et
651 1257 684 1283 tu
700 1253 884 1294 exposuisti,
901 1253 977 1294 quid
998 1258 1032 1284 et
1057 1253 1150 1295 quale
1175 1253 1216 1284 sit
1230 1253 1341 1291 Amor,
1365 1254 1544 1295 ostendere,
1558 1254 1676 1286 deiude

207 1317 304 1348 opera
318 1306 400 1337 illius
415 1316 607 1338 enumerare.
652 1306 796 1344 Praestat,
812 1312 848 1338 ut
859 1307 934 1338 mihi
951 1307 1084 1348 videtur,
1100 1308 1211 1339 eodem
1226 1307 1336 1339 ordine
1348 1308 1438 1339 vobis
1452 1318 1537 1340 nunc
1551 1307 1676 1347 referre,

207 1371 272 1402 quo
288 1361 403 1402 hospes
426 1360 481 1391 illa
503 1371 552 1392 me
574 1360 758 1392 examinans
781 1361 994 1403 pertractavit.
1017 1361 1114 1393 ferme
1135 1360 1218 1392 enim
1240 1362 1350 1394 eadem
1366 1371 1425 1404 ego
1439 1361 1499 1399 illi,
1514 1372 1587 1404 quae
1599 1361 1675 1394 mihi

208 1414 372 1456 Agathou,
389 1414 604 1456 praedixeram,
621 1414 777 1456 Magnum
800 1425 868 1446 esse
896 1414 1001 1446 Deum
1018 1414 1165 1446 Amorem
1178 1419 1211 1446 et
1225 1416 1266 1446 ad
1283 1415 1413 1456 pulchra
1427 1415 1591 1456 respicere.
1614 1414 1675 1447 eis-

203 1469 342 1511 demque
357 1468 529 1499 rationibus
542 1478 594 1499 me
609 1467 778 1510 redarguit,
793 1468 906 1510 quibus
922 1469 1005 1500 hunc
1021 1469 1105 1510 ipse,
1118 1469 1203 1510 quod
1218 1479 1320 1511 neque
1328 1468 1458 1510 pulcher
1467 1472 1550 1499 esset
1562 1467 1675 1506 Amor,

206 1527 243 1554 ut
268 1523 543 1564 dicebam‚neque
569 1523 680 1555 bonus.
725 1521 778 1553 Ad
804 1533 897 1564 quam
921 1533 980 1564 ego
1008 1528 1097 1559 tunc,
1115 1523 1202 1560 Quid
1227 1522 1286 1564 ais,
1302 1533 1322 1554 o
1344 1522 1510 1554 Diotima?
1532 1522 1674 1565 inquam.

205 1577 345 1618 turpisne
361 1576 455 1617 igitur·
469 1586 506 1607 ac
522 1576 620 1607 malus
636 1581 684 1607 est
698 1575 820 1608 Amor?
866 1576 950 1607 Dio.
976 1576 1041 1608 Dic
1066 1576 1207 1614 meliora,
1223 1587 1343 1619 quaeso.
1368 1586 1408 1608 an
1425 1581 1516 1618 putas
1531 1586 1675 1608 necem-

202 1631 283 1662 rium
298 1641 377 1668 esse,
393 1636 440 1669 ut,
461 1630 612 1672 quicquid
639 1630 801 1672 pulchrum
826 1641 891 1662 non
914 1635 973 1668 est,
990 1631 1030 1661 sit
1052 1631 1168 1673 turpe?
1193 1631 1290 1673 [2⁰2]
1313 1630 1368 1662 So.
1391 1629 1547 1662 Maxime.
1590 1629 1675 1662 Dro-

204 1686 247 1717 Et
261 1686 344 1727 quod
360 1696 425 1717 non
440 1686 576 1727 sapiens,
593 1685 739 1727 ignorans
755 1686 767 1716 ?
791 1695 830 1716 an
846 1696 911 1716 non
928 1685 1101 1722 advertisti,
1115 1695 1182 1716 esse
1197 1685 1357 1727 quoddam
1382 1684 1546 1727 sapientie
1573 1689 1607 1716 et
1625 1684 1674 1727 ig-

201 1739 353 1771 norantiae
381 1739 541 1770 medium?
585 1740 642 1771 So.
665 1739 753 1776 Quid
777 1740 886 1771 istud?
931 1739 1016 1772 Dro.
1040 1739 1144 1771 Recte
1170 1739 1305 1781 opinari,
1328 1740 1388 1771 hoc
1408 1744 1456 1770 est
1470 1738 1533 1770 veri
1555 1739 1675 1781 absque

202 1799 288 1826 certa
301 1795 422 1826 ratione
435 1794 620 1836 participem
637 1805 705 1826 esse
719 1806 727 1825 :
750 1795 811 1826 hoe
832 1793 988 1836 siquidem
1005 1804 1108 1836 noque
1123 1793 1254 1826 scientia
1268 1799 1338 1834 est3
1373 1804 1446 1825 nam
1468 1793 1537 1825 sine
1551 1792 1674 1825 ratione

201 1848 334 1880 scientia
350 1858 510 1890 nunquam
525 1859 535 1888 ;
557 1858 660 1889 neque
675 1847 852 1889 ignorantia
867 1857 982 1879 rursus.
1004 1848 1090 1889 quod
1103 1847 1187 1879 enirn
1203 1847 1266 1879 veri
1282 1857 1411 1890 compos
1425 1852 1484 1890 est,
1495 1846 1673 1889 ignorantia

200 1911 267 1933 -non
283 1905 422 1933 vocatur.
447 1900 632 1943 hujusmodi
647 1901 799 1942 quiddam
815 1906 864 1932 est
878 1900 988 1942 opinio
1003 1907 1099 1938 recta,
1114 1901 1195 1932 inter
1214 1901 1402 1943 sapientiam
1417 1907 1451 1933 et
1464 1902 1672 1943 ignorantiam

201 1954 352 1986 medium.
398 1954 455 1986 So.
477 1954 561 1985 Vera
584 1963 700 1986 πει-ηε.
746 1954 830 1985 Βῐο.
853 1954 907 1985 Ne
931 1964 1026 1996 cogas
1050 1954 1156 1996 igitur,
1171 1956 1258 1997 quod
1270 1955 1435 1997 pulchrum
1451 1961 1590 1994 nonest,
1604 1966 1675 1988 esse

203 2014 316 2051 turpe3
337 2008 463 2050 quodve
477 2017 542 2039 non
559 2007 688 2045 bonurn,
704 2018 772 2039 esse
788 2007 916 2041 malum.
960 2008 1080 2039 Eadem
1104 2008 1226 2039 ratione
1245 2009 1386 2050 quamvis
1403 2008 1551 2041 Amorem
1566 2020 1673 2052 neque

202 2063 366 2106 pulchrum
384 2072 489 2104 neque
511 2062 628 2093 bonum
643 2072 710 2093 esse
725 2063 893 2103 concedas,
907 2072 972 2093 non
993 2067 1096 2093 tamen
1110 2067 1221 2104 putare
1243 2063 1340 2094 debes
1356 2067 1478 2104 turpem
1494 2063 1671 2096 necessario

200 2127 269 2149 esse
279 2116 327 2148 vel
337 2116 465 2153 malum,
480 2115 533 2146 sed
543 2116 626 2146 inter
634 2115 693 2146 ista
703 2114 852 2148 medium.
897 2115 955 2148 So.
978 2115 1026 2146 At
1038 2126 1111 2147 vero
1123 2116 1155 2147 in
1169 2116 1230 2147 hoc
1241 2127 1350 2148 ornnes
1359 2117 1573 2154 consentiunt,
1584 2127 1670 2159 mag-

199 2182 275 2202 num
287 2181 355 2202 esse
367 2169 472 2201 Deum
488 2168 649 2200 Amorem.
674 2168 758 2201 D1o.
775 2169 1002 2210 Ignorantesne
1013 2169 1093 2201 dicis
1105 2180 1212 2202 ornnes
1225 2170 1237 2201 ?
1252 2181 1293 2201 an
1309 2171 1468 2202 scientes?
1490 2171 1549 2203 So.
1563 2170 1671 2203 Cune-

198 2230 247 2256 tos
260 2225 400 2266 inquam.
423 2223 506 2255 Dro.
529 2223 676 2261 Quonam
694 2228 799 2265 pacto,
813 2223 954 2262 ridicule,
968 2234 1115 2266 magnum
1130 2235 1197 2256 esse
1213 2224 1318 2256 Deum
1327 2225 1359 2256 hi
1373 2224 1671 2268 confiterenmr,qui

201 2290 262 2311 nec
287 2279 393 2310 Deum
416 2278 544 2320 quidem
568 2287 636 2309 esse
660 2277 793 2309 volunt?
837 2279 894 2311 So.
919 2279 1056 2316 Quinam
1072 2278 1149 2310 isti?
1196 2278 1281 2312 Dio.
1305 2278 1396 2311 Unus
1408 2279 1537 2321 quidem
1563 2285 1599 2311 tu
1623 2290 1672 2323 es,

199 2344 260 2376 ego
277 2333 385 2365 altera.
430 2333 485 2364 So.
509 2332 655 2369 Quonam
671 2337 768 2374 pacto
781 2332 894 2365 dixisse
916 2344 966 2365 me
989 2333 1050 2365 hoc
1074 2333 1206 2365 asseris?
1251 2333 1333 2365 Dro.
1356 2332 1462 2365 Facile
1487 2333 1542 2365 tibi
1564 2337 1670 2365 osten·

201 2389 285 2419 dam.
307 2388 360 2418 dic
375 2397 445 2428 age,
461 2386 579 2417 Nonne
597 2386 684 2418 Deos
700 2397 809 2419 omnes
838 2388 984 2429 pulchros
1006 2398 1043 2419 ac
1071 2388 1180 2420 beatos
1202 2388 1356 2419 affirmas?
1379 2387 1523 2428 nunquid
1538 2387 1671 2419 auderes

199 2441 342 2472 Deorum
355 2440 534 2482 quempiam
549 2451 613 2471 non
630 2441 792 2482 pulchrum
815 2442 980 2473 beatumve
995 2442 1124 2474 dicere?
1169 2442 1226 2474 So.
1250 2441 1324 2472 Non
1343 2451 1397 2482 per
1411 2441 1536 2474 Jovem.
1579 2440 1667 2473 Dm.

199 2495 318 2527 Beatos
333 2498 438 2525 autem
453 2504 558 2525 nonne
574 2494 644 2526 illos
660 2505 767 2533 vocas,
782 2497 837 2537 qui
863 2497 946 2527 bona
970 2496 1162 2538 pulchraque
1184 2496 1372 2538 possident?
1418 2495 1473 2528 So.
1495 2495 1573 2526 Illos
1585 2495 1669 2527 dun-

199 2552 293 2580 taxat.
339 2547 425 2579 Dro.
449 2547 550 2589 Atqui
566 2547 711 2580 Amorem
734 2549 769 2580 in
792 2549 1001 2591 superioribus
1020 2549 1174 2581 admisisti
1198 2555 1326 2592 propter
1351 2549 1549 2592 pulchrorum
1566 2549 1667 2581 bono·

197 2612 328 2643 rumque
342 2601 482 2642 inopiam
509 2602 578 2633 haec
602 2602 685 2644 ipsa,
700 2613 831 2644 quorum
855 2603 983 2645 indigus
1005 2609 1064 2641 est,
1079 2608 1239 2645 appetere.
1285 2603 1342 2636 So.
1364 2603 1488 2635 Admisi
1503 2603 1665 2646 equidem.

198 2656 283 2688 Dro.
305 2655 453 2692 Quonam
477 2655 573 2696 igitur
594 2657 689 2687 ruodo
716 2656 805 2688 Deus
832 2662 891 2694 est,
921 2657 975 2699 qui
1003 2658 1200 2699 pulchrorum
1228 2658 1443 2700 bonorumque
1463 2662 1512 2690 est
1533 2658 1666 2700 expers?

197 2710 254 2743 So.
276 2708 377 2740 Nullo
402 2714 507 2750 pacto,
522 2714 558 2740 ut
572 2710 708 2743 videtur.
754 2711 836 2743 Dro.
860 2711 1017 2749 Videsne,
1042 2713 1127 2756 quod
1150 2717 1183 2743 et
1204 2712 1274 2754 ipse
1301 2711 1446 2744 Amorem
1469 2711 1575 2744 Deum
1596 2721 1666 2744 esse

196 2773 261 2794 non
287 2762 403 2804 putas?
459 2762 516 2794 So.
540 2763 627 2801 Quid
659 2765 756 2805 ergo?
780 2775 856 2797 num
886 2765 1024 2797 mortalis
1052 2771 1101 2796 est
1129 2764 1252 2797 Amor?
1312 2765 1394 2797 Dio.
1415 2765 1562 2797 Minime.
1605 2765 1664 2798 So.

195 2817 283 2855 Quid
297 2816 418 2858 igitur?
462 2816 545 2848 D1o.
569 2818 768 2858 Superiorum
783 2819 890 2857 instar,
902 2819 1041 2851 mortalis
1058 2819 1281 2851 immortalisve
1297 2819 1447 2851 medium.
1480 2819 1537 2852 So.
1561 2818 1662 2856 Qntd,

195 2871 336 2914 inquam,
351 2875 410 2909 est,
426 2881 446 2902 o
461 2870 605 2903 Diotima
619 2872 630 2903 ?
675 2872 759 2906 Dro.
784 2875 937 2916 Magnus,
953 2885 972 2906 ο
988 2874 1146 2912 Socrates,
1159 2875 1297 2906 daemon.
1311 2874 1426 2906 etenim
1440 2874 1541 2905 omnis
1550 2878 1662 2906 natura

195 2925 374 2956 daemonum
391 2925 471 2957 inter
484 2926 628 2958 mortales
643 2926 772 2959 Deosve
786 2934 834 2959 est
849 2928 964 2961 media.
1008 2928 1064 2961 So.
1088 2928 1193 2966 Quam
1208 2929 1269 2960 virn
1285 2928 1404 2960 habet?
1449 2927 1534 2960 Dio.
1556 2927 1660 2959 Inter·

194 2983 335 3020 pretatur
357 2984 390 3012 et
415 2979 530 3021 trajicit
556 2981 692 3014 humana
716 2983 755 3014 ad
785 2982 885 3021 Deos,
901 2983 1009 3016 divina
1032 2983 1072 3015 ad
1087 2983 1251 3015 homines:
1277 2983 1385 3015 horum
1399 2981 1525 3024 quidem
1550 2991 1661 3025 preces
