1832 3256
202 210 299 262 232]
601 194 603 196 ’
779 196 1068 244 PHAEDRUS.
1129 234 1131 237 .
1634 213 1657 249 3

200 316 296 355 ceres.
324 307 398 340 Jam
407 299 514 347 igitur,
529 307 600 335 curn
616 301 678 335 huc
693 297 934 345 pervenerimus,
948 298 1128 334 'recumbere
1141 300 1219 332 mihi
1237 302 1351 343 placet.
1369 307 1403 334 tu
1418 307 1533 342 autem,
1547 303 1585 337 in
1594 307 1656 349 'qua

199 361 393 406 potissimum
408 359 504 401 figura
518 351 676 389 videbitur
689 356 940 388 commodissime
955 352 1046 398 posse
1061 355 1175 397 legere,
1190 366 1228 386 ea
1251 357 1516 399 assumplaleges.
1561 359 1657 392 Pam.

200 415 286 447 'Audi
301 413 407 456 igitur.
450 413 595 444 Meamm
615 410 743 453 quidem
767 420 866 442 rerum
893 414 990 441 status
1015 409 1059 440 sic
1084 416 1118 440 se
1131 409 1238 446 habet,
1263 414 1296 440 et
1308 409 1343 440 id
1358 411 1490 442 maxime
1503 412 1607 453 nobis,
1621 418 1658 444 ut

198 467 326 510 audisti,
347 467 574 498 conducturum
585 469 676 506 puto.
719 463 862 495 Arbitror
876 468 992 501 autem,
1008 473 1059 494 me
1074 472 1138 494 non
1160 462 1262 494 minus
1276 463 1317 494 ob
1331 461 1366 494 id
1382 465 1438 495 abs
1462 470 1505 502 te,
1531 467 1557 497 si
1579 469 1655 518 quid

197 522 331 564 petiero,
345 511 441 562 [231]
457 518 607 560 consequi
621 511 747 555 debere,
759 517 843 559 quod
859 526 963 548 amore
979 517 1024 547 tui
1039 520 1150 558 captus
1159 516 1286 548 numme
1300 527 1380 549 sum.
1406 528 1479 549 nam
1494 525 1657 559 amatores,

197 585 270 607 cum
285 574 418 620 primum
434 571 597 604 libidinem
623 571 839 613 expleverunt,
853 571 958 603 collati
973 570 1118 602 beneficii
1138 570 1292 611 poenitet.
1315 581 1370 602 eos
1382 582 1466 609 vero,
1483 574 1538 615 qui
1552 585 1656 607 amore

197 619 307 659 irretiti
322 636 385 658 non
400 629 485 663 sunt,
498 625 633 667 poenitet
644 635 818 667 nunquam.
863 634 927 655 non
942 624 1026 655 euim
1048 623 1162 665 coacti,
1189 624 1243 655 sed
1270 630 1395 666 sponte,
1417 631 1454 657 ut
1472 627 1590 668 optime
1614 630 1655 661 de

195 681 259 713 suis
273 681 363 712 rebus
377 679 605 715 consulter-unt,
622 689 677 720 pro
695 689 795 710 rerum
810 687 932 709 suarum
947 677 1097 710 facultate
1113 677 1269 708 beneficia
1283 676 1455 711 contulere.
1498 680 1655 713 Praeterea

198 736 350 766 'amatores
365 738 468 764 mente
485 733 676 775 quandoque
699 732 875 773 revolvunt,
890 742 983 773 quam
1007 731 1202 773 negligenter
1216 741 1263 762 res
1277 741 1348 763 suas
1370 738 1498 774 propter
1519 744 1655 767 amorem

197 787 490 827 administraverint,
505 791 538 817 et
548 796 619 828 quae
630 796 687 817 suo
701 787 816 817 damno
832 786 1024 817 contulerint
1038 785 1203 823 beneficia,
1219 795 1338 828 quosve
1353 785 1472 818 labores
1483 787 1632 819 subierint
1646 800 1654 819 ε

196 842 332 884 ideoque
344 841 470 883 dignam
485 841 593 872 amatis
604 840 731 882 gratiam
747 840 887 871 retulisse
901 839 1091 871 existimant.
1120 839 1182 870 Sed
1198 839 1242 878 hi,
1258 840 1313 881 qui
1329 850 1432 872 amore
1446 841 1575 883 decepti
1590 853 1655 873 non

197 901 283 940 sunt,
296 905 399 938 neque
418 894 466 926 rei
485 894 665 925 domesticae
678 893 917 936 negligentiam,
939 903 1042 935 neque
1065 893 1186 924 labores
1209 894 1393 935 praeteritos,
1407 904 1511 936 neque
1526 895 1655 937 propin-

196 943 512 991 quorum'disc'ordias
527 958 558 979 se
572 947 740 979 incurrisse
755 947 846 979 amici
861 957 956 980 causa
971 951 1215 988 conqueruntur.
1260 947 1469 984 Quamobrem
1485 949 1579 980 tantis
1590 959 1655 981 ma-

195 1002 234 1034 lis
249 1002 389 1044 sublatis,
402 1002 480 1032 nihil
495 1002 579 1033 aliud
595 1004 700 1039 restat,
716 1001 778 1033 nisi
792 1006 828 1032 ut
842 1001 979 1043 prompti
991 1000 1054 1032 sint
1068 1001 1108 1031 ad
1124 1000 1240 1039 omnia,
1256 1011 1328 1043 quae
1343 1006 1430 1043 grata
1442 1001 1504 1033 illis
1518 1003 1584 1034 fore
1599 1013 1654 1034 ex-

195 1055 345 1094 istiment,
361 1056 551 1098 peragenda.
595 1055 696 1086 Aiunt
711 1055 862 1097 plerique,
877 1059 1029 1086 amatores
1044 1054 1155 1086 iccirco
1172 1054 1269 1095 pluris
1283 1055 1384 1086 facere
1399 1059 1553 1096 oportere,
1567 1057 1655 1097 quod

197 1110 331 1141 maxima
343 1119 417 1151 erga
429 1113 547 1140 amatos
562 1110 689 1140 caritate
704 1109 842 1140 devincti
858 1108 934 1146 sint,
957 1117 1140 1150 semperque
1155 1108 1267 1149 parati,
1282 1112 1348 1139 tum
1363 1104 1466 1146 dictis,
1481 1114 1546 1140 tum
1561 1109 1655 1142 factis

197 1163 307 1194 amatis
330 1154 472 1204 obsequi,
494 1162 615 1193 etiamsi
640 1173 678 1193 ex
706 1163 765 1193 hoc
789 1166 908 1193 ceteros
930 1171 1038 1192 omnes
1068 1161 1267 1192 offenderint.
1312 1171 1444 1203 quorum
1467 1162 1654 1194 sententiam

195 1223 299 1247 veram
320 1225 386 1246 non
400 1225 482 1257 esse,
496 1215 569 1246 hinc
584 1215 676 1246 facile
691 1215 917 1257 conjectamus,
934 1214 1032 1255 quod,
1055 1214 1204 1245 translata
1227 1214 1267 1245 ab
1283 1214 1351 1245 aliis
1371 1214 1405 1245 in
1425 1214 1503 1246 alios
1518 1217 1655 1248 benevo-

195 1264 304 1311 lentia,
320 1269 506 1311 posteriores
520 1273 638 1299 amatos
654 1268 810 1309 prioribus
826 1272 1045 1309 anteponunt:
1070 1277 1107 1299 ac
1133 1267 1159 1298 si
1183 1267 1368 1299 recentiores
1386 1268 1547 1310 jusserint,
1560 1279 1653 1311 supe-

194 1319 289 1370 riores
301 1322 454 1355 hostiliter
469 1322 686 1364 insequuntur.
731 1321 833 1365 Atqui
849 1331 984 1364 quanam
1001 1321 1120 1353 ratione
1135 1321 1228 1352 decet
1242 1321 1303 1353 tale
1315 1322 1391 1364 quid
1406 1321 1452 1354 illi
1466 1324 1653 1365 concedere,

194 1377 270 1418 quia
292 1387 330 1409 ea
353 1376 530 1409 calamitate
553 1376 686 1408 affectus
709 1380 767 1414 est,
788 1385 883 1418 quam
903 1385 1063 1417 nunquam
1089 1379 1235 1417 expertus
1255 1375 1420 1418 quisquam
1440 1377 1653 1409 concesserit?

194 1430 362 1463 Enimvero
395 1422 428 1462 ct
451 1430 514 1472 ipsi
538 1429 673 1462 insanire
697 1430 815 1471 potius,
841 1436 935 1471 quam
960 1439 1080 1492 sapere,
1105 1429 1306 1469 confitentur,
1330 1435 1363 1461 et
1386 1439 1479 1462 nosse
1502 1435 1654 1472 praeterea

193 1484 344 1516 insaniam
359 1477 457 1523 suam,
472 1482 528 1515 sed
542 1476 703 1515 continere
715 1494 748 1515 se
763 1483 890 1514 minime
904 1493 1008 1525 posse.
1024 1482 1098 1514 At
1112 1493 1183 1514 vero
1195 1483 1249 1525 qui
1260 1482 1399 1524 sapiunt,
1411 1492 1547 1525 quonam
1556 1489 1653 1526 pacto

193 1543 311 1575 eorum,
337 1539 393 1581 qui
419 1538 464 1570 sic
488 1537 595 1569 affecti
622 1543 706 1575 sunt,
732 1537 864 1569 consilia
889 1536 1128 1578 voluntatesque
1153 1537 1352 1578 probabunt?
1396 1537 1551 1569 Praeterea
1571 1539 1599 1569 si
1614 1549 1653 1570 ex

192 1593 370 1624 §mantibus
384 1592 536 1634 optimum
553 1591 667 1633 eligere
691 1591 781 1628 velis,
803 1602 842 1623 ex
857 1590 967 1633 paucis
992 1590 1048 1622 tibi
1065 1589 1153 1632 optio
1178 1590 1322 1622 dabitur:
1346 1591 1395 1622 sin
1410 1595 1514 1622 autem
1531 1602 1569 1622 ex
1584 1591 1653 1622 aliis

193 1637 477 1678 commodissimum
489 1645 547 1677 tibi
562 1646 700 1677 sodalem
716 1645 909 1688 quaesiveris,
926 1655 964 1677 ex
977 1643 1081 1676 multis
1097 1654 1171 1676 sane
1187 1644 1295 1676 licebit
1308 1644 1434 1687 eligere.
1456 1644 1564 1686 Major
1577 1655 1652 1677 vero

192 1703 265 1743 spes
278 1705 338 1743 est,
352 1701 510 1732 hominem
522 1699 660 1731 amicitia
681 1703 735 1730 tua
749 1699 880 1740 dignum
894 1699 977 1730 inter
997 1698 1123 1738 multos,
1145 1707 1238 1739 quam
1254 1698 1337 1730 inter
1349 1707 1480 1739 paucos,
1495 1702 1652 1738 repertum

191 1753 242 1787 iri.
285 1754 319 1785 Si
334 1754 426 1796 igitur
439 1764 477 1784 ex
493 1753 596 1793 legum
606 1752 832 1784 constitutione
844 1752 1003 1792 publicam
1017 1751 1128 1782 vereris
1143 1751 1313 1787 infamiam,
1326 1751 1503 1782 meminisse
1514 1755 1652 1793 oportet,

192 1798 356 1845 amatores,
370 1807 427 1848 qni
440 1806 487 1837 ita
501 1816 533 1836 se
548 1804 698 1836 amandos
711 1808 854 1841 censent,
866 1808 901 1834 ut
911 1802 973 1845 ipsi
985 1802 1064 1834 alios
1077 1806 1197 1842 amant,
1211 1802 1308 1845 [232]
1325 1804 1424 1835 solere
1434 1804 1550 1845 palam,
1562 1805 1649 1846 quod

191 1869 257 1894 non
279 1861 391 1893 frustra
403 1858 643 1901 invigilaverint,
658 1856 803 1900 gloriari.
826 1867 880 1888 eos
894 1865 982 1895 vero,
995 1856 1052 1898 qui
1065 1866 1130 1888 non
1146 1861 1263 1894 amant,
1273 1857 1424 1899 quoniam
1438 1857 1600 1889 continere
1615 1867 1650 1889 se

191 1918 336 1962 possunt,
359 1914 458 1946 solere
476 1913 563 1956 quod
587 1911 740 1963 optimum
767 1916 827 1954 est,
849 1911 955 1953 potius
981 1921 1075 1954 qnam
1089 1919 1241 1942 rumorem
1263 1910 1472 1942 multitudinis
1499 1921 1650 1953 quoercre.

190 1969 298 2006 Adde,
313 1969 398 2011 quod
408 1967 530 2009 vulgus,
540 1976 611 1998 curn
619 1965 735 1997 sentiat
746 1970 898 1997 amatores
909 1969 1028 1996 amatos
1042 1963 1145 2006 sequi,
1161 1964 1307 1996 assidue·
1297 1974 1332 1996 in
1345 1963 1490 1996 omnibus
1503 1964 1649 2007 obsequi,

191 2023 377 2065 suspicatur,
398 2031 439 2052 ne
464 2020 563 2063 turpis
585 2030 640 2051 eos
661 2019 819 2061 cupiditas
843 2019 975 2061 ceperit,
995 2023 1050 2050 ant
1070 2018 1150 2050 forte
1165 2018 1232 2059 jam
1248 2018 1374 2060 capiat:
1398 2028 1463 2050 non
1478 2019 1649 2050 amantium

192 2078 264 2108 ‘vv-'ero
290 2075 531 2107 familiaritatem
555 2074 730 2116 improbare
757 2084 822 2122 non
847 2070 954 2105 audet.
998 2072 1056 2104 scit
1080 2071 1177 2111 enim,
1193 2073 1398 2105 necessarium
1413 2083 1492 2110 esse,
1507 2074 1648 2104 homines

187 2130 340 2168 invicem,
354 2129 404 2161 vel
418 2128 573 2166 amicitias,
589 2128 637 2160 vel
653 2127 882 2160 commoditatis
897 2125 1029 2169 alicujus
1044 2136 1149 2165 causa«,
1165 2137 1250 2169 saepe
1264 2127 1388 2159 versari.
1421 2126 1560 2158 Proinde
1576 2126 1603 2158 si
1618 2131 1650 2158 te

191 2187 292 2216 metus
306 2183 462 2220 invaserit,
478 2187 639 2224 putantem
655 2182 782 2214 difficile
796 2182 876 2223 fore,
890 2187 926 2214 ut
947 2186 1073 2212 maneat
1097 2181 1249 2222 amicitia,
1269 2181 1377 2219 immo,
1398 2179 1555 2211 simultate
1569 2183 1652 2220 orta,

190 2239 332 2270 accidere
345 2247 542 2270 communem
555 2236 694 2279 utrisque
705 2232 881 2278 jacturam:
907 2239 938 2266 te
962 2245 1035 2267 vero
1059 2236 1253 2268 concedente
1278 2245 1327 2272 ea,
1352 2243 1423 2276 quae
1445 2233 1535 2264 multi
1557 2233 1649 2271 facis,

191 2292 324 2325 maxime
338 2293 444 2324 laesum
456 2291 494 2323 iri
507 2302 516 2323 τ
539 2301 602 2322 non
614 2290 727 2332 injuria
742 2294 892 2322 amatores
906 2290 998 2322 valde
1013 2289 1149 2322 timebis.
1171 2289 1271 2321 multa
1284 2289 1368 2321 enim
1383 2287 1454 2319 illos
1468 2287 1646 2325 offendunt,

190 2348 285 2389 atque
301 2346 406 2378 omnia
426 2346 460 2377 in
481 2345 530 2376 sui
547 2345 768 2376 detrimentum
792 2343 935 2377 accidere
959 2344 1153 2377 arbitrantur.
1176 2349 1366 2385 quapropter
1390 2346 1509 2373 amatos
1534 2341 1648 2372 versari

189 2398 272 2431 inter
284 2399 363 2432 alios
376 2400 554 2442 prohibent,
567 2403 754 2436 metuentes,
769 2408 810 2430 ne
822 2398 935 2430 divites
950 2408 1004 2430 eos
1019 2397 1131 2440 opibus
1142 2401 1302 2439 superent,
1318 2401 1373 2428 aut
1385 2395 1471 2428 docti
1485 2395 1543 2427 viri
1553 2395 1647 2427 intel-

190 2453 319 2495 ligentia
331 2457 500 2496 praes'tent:
524 2457 619 2495 atque
633 2453 774 2490 omnino,
790 2452 818 2485 si
833 2453 888 2494 qui
903 2452 1060 2494 egregium
1073 2451 1192 2493 aliquid
1203 2450 1235 2482 ln
1249 2461 1281 2483 se
1292 2451 1406 2482 habere
1418 2450 1594 2490 videantur,
1605 2448 1646 2479 ab

189 2505 229 2537 iis
243 2511 360 2539 amatos
381 2506 488 2548 procul
511 2508 614 2538 arcere
628 2510 794 2539 conantur.
832 2506 889 2547 ita,
907 2510 942 2537 ut
956 2506 995 2536 ab
1010 2505 1049 2536 iis
1064 2504 1255 2546 abstineant,
1280 2504 1512 2546 persuadentes,
1536 2501 1646 2534 amicis

191 2559 335 2591 omnibns
349 2560 483 2602 privant.
526 2560 576 2591 Tu
602 2570 686 2602 vero,
711 2559 737 2591 si
762 2567 863 2591 rerum
891 2565 1014 2591 tuarum
1041 2558 1160 2590 ratione
1186 2558 1304 2596 habita,
1328 2557 1452 2598 melius,
1476 2555 1646 2598 quam‘illi,

189 2608 419 2658 deliberaveris,
433 2614 473 2644 ab
487 2612 532 2645 eis
543 2613 719 2652 dissenties,
735 2619 829 2656 atque
845 2613 956 2646 abibis.
1002 2613 1067 2650 Qui
1081 2617 1185 2644 nutem
1201 2621 1304 2643 amore
1318 2611 1365 2642 tui
1380 2611 1467 2653 capti
1481 2621 1544 2641 non
1561 2614 1646 2646 sunt,

190 2667 244 2698 sed
261 2670 387 2710 propter
399 2666 542 2698 virtutem
554 2677 624 2710 quae
640 2673 764 2710 oportet
778 2667 928 2704 efficiunt,
945 2667 1074 2698 aliorum
1091 2666 1150 2697 tibi
1164 2665 1405 2697 familiaritatem
1422 2662 1548 2695 minime
1564 2662 1644 2693 invi-

186 2718 331 2751 debunt:
353 2720 407 2751 sed
421 2719 527 2762 potins
542 2721 666 2752 oderint
679 2732 745 2764 eos,
759 2721 814 2764 qui
836 2721 896 2753 tibi
906 2722 1021 2752 haerere
1037 2719 1205 2757 noluerint,
1227 2718 1424 2755 arbitrantes,
1440 2718 1479 2749 ab
1495 2717 1557 2748 illis
1572 2715 1644 2758 qui-

189 2768 261 2804 dei'n
287 2777 319 2805 te
343 2773 475 2816 despici,
499 2784 518 2805 a
541 2773 744 2808 familiaribus
761 2786 834 2807 vero
854 2775 969 2817 juvari.
1014 2774 1224 2811 Quamobrem
1251 2772 1350 2804 multo
1375 2771 1475 2814 major
1497 2781 1570 2812 spes
1585 2774 1645 2806 est,

188 2826 339 2858 amicitias
353 2828 390 2859 'ex
415 2829 476 2860 hoc
491 2828 687 2866 commercio,
703 2839 796 2870 quam
811 2828 1004 2868 inimicitias,
1018 2827 1192 2870 provenire.
1238 2826 1376 2858 Accedit
1388 2827 1429 2857 ad
1451 2826 1531 2866 haec,
1555 2823 1642 2866 quod

189 2881 359 2915 amantium
373 2881 498 2925 plurimi
510 2883 594 2926 prius
609 2883 720 2927 corpus
732 2883 877 2926 cupiunt,
892 2893 984 2927 quam
998 2887 1051 2916 aut
1061 2892 1173 2923 mores,
1186 2885 1239 2915 aut
1250 2881 1309 2914 alia
1325 2880 1442 2924 quaevis
1457 2879 1496 2913 ad
1506 2883 1642 2912 amatum
