1832 3256
197 201 294 251 207]
599 196 601 198 '
850 197 1013 236 Lrsis.
1607 197 1654 234 31

193 312 266 344 gere
281 306 336 334 aut
348 301 479 334 scribere
493 301 526 333 in
545 299 615 332 illos
630 300 693 332 aio.
738 299 792 331 Ad
806 300 873 331 haec
889 300 1077 341 Ctesippus:
1101 298 1196 330 Haud
1217 309 1301 330 sanae
1317 300 1428 331 mentis
1450 300 1501 333 hic
1515 306 1574 338 est,
1597 302 1653 333 sed

192 356 304 388 delirat
324 360 418 398 atque
433 355 563 388 insanit.
606 350 662 386 So.
684 353 714 386 O
730 353 954 396 Hippothales,
977 364 1036 385 nec
1051 353 1196 389 carmina,
1221 363 1278 384 nec
1293 353 1386 384 etiam
1401 355 1602 394 cantilenam,
1626 355 1652 387 si

191 419 286 451 quam
301 410 333 440 in
350 409 465 440 amicos
480 408 697 450 composuisti,
719 408 827 438 audire
847 407 1017 437 admodum
1035 417 1132 437 curo:
1156 406 1211 436 sed
1233 417 1296 447 qua
1321 412 1425 438 mente
1448 408 1482 438 in
1506 408 1578 439 illos
1602 410 1655 446 sis,

190 462 365 505 intelligere
386 462 492 504 cupio.
536 462 618 493 Hu‘.
641 461 812 503 Ctesippus
835 461 895 491 iste
924 460 983 490 tibi
1011 459 1132 490 referet.
1154 459 1242 490 novit
1267 460 1351 490 enim
1380 461 1603 502 meminitque:
1627 462 1654 493 si

190 516 332 558 quidem,
353 521 389 547 ut
400 516 470 557 ipse
483 516 539 554 ait,
561 515 705 557 quotidie
720 514 850 545 audiens
864 523 883 544 a
898 524 948 544 me
963 512 1157 544 obtunditur.
1201 511 1284 544 Cre.
1320 512 1363 543 Et
1377 513 1509 544 maxime
1523 514 1652 555 quidem

190 579 247 611 per
260 570 346 603 deos.
370 579 442 600 nam
457 579 550 611 quam
565 569 729 600 ridiculum
745 572 804 605 est,
826 572 862 598 ut
876 578 947 598 cum
963 567 1021 598 iste
1044 567 1128 597 hunc
1154 576 1218 607 prae
1240 566 1350 598 ceteris
1365 565 1487 607 diligat,
1513 567 1591 598 nihil
1609 573 1655 600 ta-

192 632 261 654 men
277 633 315 654 ex
325 622 450 665 ingenio
466 633 534 660 suo,
558 623 643 664 quod
654 632 719 653 non
733 621 827 653 etiam
843 620 946 662 quivis
962 630 1038 661 puer
1048 619 1158 661 possit,
1171 619 1280 651 afferre
1295 620 1408 652 valeat.
1454 620 1534 657 Quae
1550 627 1654 654 autem

190 676 299 708 civitas
323 676 467 708 universa
489 677 530 708 de
545 668 734 708 Democrate
750 681 782 707 et
797 675 917 717 Lyside
932 674 1026 716 hujus
1051 684 1124 715 nvn,
1150 674 1254 715 deque
1279 674 1421 704 omnibus
1442 673 1565 706 illorum
1589 687 1654 707 ma-

184 729 307 771 joribus
333 730 493 772 praedicat,
515 730 625 762 eadem
640 735 673 761 et
687 729 754 771 ipse
768 728 957 769 circumfert,
979 727 1117 764 divitias,
1139 737 1289 768 equorum
1304 727 1438 768 copiam,
1464 729 1606 761 victorias
1620 730 1655 761 in

192 783 312 826 Pytho,
334 783 468 825 Isthmo,
490 789 523 815 et
548 783 680 821 Nemea,
705 782 863 825 quadrigis
884 787 918 813 et
940 781 1052 823 equis:
1083 791 1143 812 nec
1166 791 1230 812 non
1251 780 1318 811 istis
1341 781 1527 823 antiquiora.
1571 783 1654 815 Nam

189 836 311 878 pridem
327 837 418 868 nobis
432 837 602 879 hospitium
618 836 860 878 conviviumque
876 836 908 867 in
923 835 1072 878 poemate
1092 835 1229 877 quodam
1244 834 1371 866 retulit:
1396 846 1459 877 quo
1474 836 1601 877 quidam
1617 849 1655 868 ex

188 890 358 932 majoribus
378 890 507 933 Lysidis
530 891 699 923 Herculem
714 891 873 932 quondam
889 890 928 920 ob
944 889 1165 931 cognationem
1186 888 1329 930 excepit:
1352 889 1471 931 quippe
1501 900 1572 921 cum
1601 890 1655 922 ille

189 954 317 986 quoque
331 955 370 976 ex
383 944 463 976 Jove
489 949 522 976 et
546 945 610 975 tilia
629 943 792 986 cujusdam
809 942 958 985 principis
971 942 1082 984 populi
1097 946 1189 973 natus
1203 947 1303 973 esset:
1327 952 1399 983 quae
1413 942 1544 974 aniculae
1560 944 1654 975 etiam

189 1003 336 1030 cantant:
359 1002 523 1040 ceteraque
538 998 719 1040 hujusmodi
731 997 895 1040 permulta,
913 1008 933 1028 ο
950 997 1105 1029 Socrates.
1149 995 1228 1026 Haec
1241 999 1325 1034 sunt,
1343 1005 1414 1037 quae
1429 995 1487 1027 Iste
1501 999 1654 1029 narrando

188 1052 396 1094 canendoque
418 1052 527 1084 audire
542 1063 599 1083 nos
613 1052 709 1093 cogit.
751 1051 807 1082 So.
829 1050 858 1081 Ο
882 1049 1012 1081 ridicule
1028 1049 1252 1090 Hippotbales,
1267 1053 1434 1091 antequam
1449 1050 1572 1091 viceris,
1587 1051 1655 1083 lau-

188 1095 348 1138 dationem
373 1106 407 1137 iu
427 1111 458 1137 te
477 1106 583 1148 ipsum
606 1105 726 1147 effingis
740 1110 835 1146 atque
851 1104 1011 1135 decantas.
1055 1102 1136 1134 Hu’.
1161 1102 1235 1133 Non
1257 1103 1292 1133 in
1317 1113 1365 1134 me
1381 1103 1451 1144 ista,
1467 1114 1486 1133 o
1501 1104 1655 1146 Socrates,

190 1159 338 1200 praedico.
381 1160 439 1192 So.
462 1159 538 1191 Non
553 1165 589 1190 ut
604 1165 706 1202 putas.
751 1159 833 1190 Hn’.
857 1158 922 1195 Qui
937 1157 1017 1189 istuc
1040 1157 1142 1188 dicis?
1186 1157 1243 1187 So-
1264 1156 1405 1188 Maxime
1421 1158 1560 1188 omnium
1574 1159 1607 1189 in
1623 1165 1656 1190 te

190 1222 289 1244 unum
311 1214 381 1245 odae
398 1213 466 1244 istie
487 1214 676 1246 redundant.
698 1223 771 1244 nam
795 1212 821 1243 si
842 1212 976 1243 amicum
999 1211 1092 1242 talem
1115 1210 1369 1252 apprehenderis,
1393 1216 1574 1243 ornamento
1599 1213 1657 1244 tibi

190 1271 282 1298 erunt
295 1267 403 1299 laudes
417 1266 584 1309 ejusmodi,
601 1272 749 1308 tanquam
765 1265 982 1307 triumphatori
997 1265 1134 1302 cuidam,
1150 1275 1221 1296 cum
1237 1264 1371 1296 amicum
1386 1264 1567 1307 hujusmodi
1582 1278 1655 1299 nac·

190 1325 240 1351 tus
254 1320 359 1353 fueris.
374 1321 421 1352 sin
436 1326 540 1353 autem
555 1321 710 1358 fefellerit,
725 1331 788 1362 quo
806 1319 937 1361 majores
951 1320 995 1350 illi
1012 1319 1120 1351 laudes
1129 1318 1314 1356 attribuetis,
1329 1329 1367 1350 eo
1383 1319 1534 1360 majorum
1546 1331 1655 1362 expers

189 1375 353 1412 bonorum,
368 1375 466 1417 magis
479 1386 606 1417 quoque
628 1375 777 1406 ridiculus
787 1374 991 1416 judicaberis.
1036 1373 1134 1415 [206]
1159 1372 1349 1414 Quicunque
1364 1373 1459 1414 igitur
1471 1373 1504 1404 in
1530 1384 1658 1417 compa.

188 1429 292 1475 rgndis
305 1428 413 1460 amicis
425 1428 550 1470 sapiens
565 1433 625 1470 est,
638 1439 703 1459 non
718 1429 803 1470 prius
818 1438 996 1469 quenquam
1012 1437 1118 1458 eorum
1133 1426 1253 1470 laudat,
1265 1436 1358 1468 quam
1374 1427 1509 1469 ipsorum
1525 1428 1657 1460 familia-

143 1490 148 1495 *
187 1483 309 1515 ritatem
333 1482 427 1515 fuerit
452 1488 622 1515 assecutus.
645 1483 748 1514 futura
771 1493 906 1524 namque
930 1482 1088 1513 formidat.
1111 1481 1250 1523 plerique
1274 1481 1371 1521 enim,
1393 1491 1464 1512 cum
1488 1482 1607 1513 laudari
1624 1494 1656 1515 se

186 1542 222 1570 et
235 1537 343 1570 extolli
356 1537 506 1575 sentiunt,
526 1538 609 1569 fastu
625 1542 812 1569 tumescunt.
835 1548 876 1568 an
897 1548 962 1567 non
984 1537 1068 1568 idem
1090 1536 1148 1567 tibi
1172 1536 1320 1567 videtur?
1363 1535 1447 1567 Hir».
1469 1536 1553 1567 Mihi
1575 1548 1659 1569 vero.

189 1591 246 1623 So.
270 1590 387 1622 Nonne
408 1601 474 1632 quo
496 1591 691 1632 superbiores
713 1595 798 1630 sunt,
820 1601 859 1621 eo
882 1590 1038 1621 difficilius
1060 1589 1250 1630 capiuntur?
1293 1589 1376 1619 Hu’.
1400 1589 1577 1622 Verisimile
1599 1596 1658 1623 est.

187 1645 246 1676 So.
266 1645 379 1683 Qualis
392 1644 450 1675 tibi
465 1649 593 1675 venator
606 1644 660 1674 ille
676 1643 831 1674 videretur
854 1654 933 1679 esse,
948 1644 974 1673 si
989 1643 1059 1684 quis
1074 1643 1117 1673 ita
1141 1643 1221 1673 seras
1233 1642 1416 1683 expelleret,
1432 1647 1467 1673 ut
1481 1649 1515 1674 et
1529 1644 1658 1677 tutiores

192 1698 313 1735 fierent,
327 1703 360 1730 et
374 1697 446 1739 capi
461 1697 615 1729 difficilius
630 1697 662 1727 in
686 1702 843 1738 posterum
866 1698 1016 1738 possent?
1063 1697 1144 1728 Hu’.
1167 1696 1256 1727 Iners
1279 1696 1436 1729 videlicet.
1479 1697 1534 1729 So.
1557 1699 1658 1740 Atqui

189 1751 383 1783 sermonibus
397 1750 604 1791 cantibusque
620 1760 685 1781 non
700 1750 890 1790 demulcere,
903 1750 958 1781 sed
973 1750 1155 1781 exacerbare
1170 1749 1276 1791 potius
1299 1749 1452 1788 homines,
1475 1751 1562 1782 labor
1575 1758 1626 1783 est
1639 1764 1659 1784 a

191 1805 295 1836 Musis
309 1805 477 1837 admodum
493 1803 625 1836 alienus.
670 1803 754 1835 Hu‘.
773 1802 919 1836 Videtur.
963 1803 1019 1835 So.
1042 1803 1126 1834 Vide
1151 1802 1258 1844 igitur,
1279 1813 1299 1833 ο
1315 1802 1542 1845 Hippothales,
1563 1816 1603 1837 ne
1621 1806 1659 1838 iis

189 1860 336 1891 omnibus
353 1858 523 1890 obnoxium
538 1868 686 1899 reumque
702 1862 733 1888 te
754 1857 795 1888 ob
811 1856 918 1898 poesis
932 1857 1068 1888 studium
1092 1856 1215 1887 reddas.
1239 1856 1368 1887 arbitror
1389 1867 1475 1893 sane,
1489 1858 1610 1890 nullum
1627 1865 1659 1892 te

189 1914 308 1944 bonum
322 1911 448 1954 poetam
463 1911 719 1952 existimaturum,
741 1909 798 1952 qui
821 1920 855 1941 se
877 1910 982 1952 ipsum
1007 1909 1152 1951 poemate
1175 1910 1298 1941 laeserit.
1342 1909 1424 1942 Hn’.
1449 1910 1579 1943 Nullum
1603 1925 1658 1955 per

188 1967 314 1999 Jovem.
343 1976 413 2008 quae
439 1965 524 1997 enim
549 1965 617 1997 haec
647 1969 733 1996 esset
755 1964 952 1995 absurditas?
991 1963 1043 1995 Ob
1072 1964 1153 1995 hanc
1182 1964 1321 2006 profecto
1346 1975 1472 1996 causam
1496 1971 1613 2009 tecum,
1637 1979 1656 1999 ο

188 2021 344 2058 Socrates,
359 2026 495 2052 mentem
510 2030 610 2051 meam
635 2019 832 2051 communico
846 2029 855 2051 ι
879 2023 912 2050 et
937 2018 961 2049 si
977 2017 1054 2060 quid
1070 2018 1167 2049 habes
1182 2018 1280 2055 aliud,
1296 2018 1437 2059 consule,
1452 2029 1514 2061 qua
1535 2021 1657 2052 ratione

189 2075 260 2117 quis
275 2079 331 2106 aut
343 2074 492 2111 dicendo,
507 2079 562 2105 aut
576 2074 711 2115 agendo,
726 2072 896 2104 conciliare
919 2072 980 2103 sibi
1005 2082 1086 2114 quos
1107 2071 1224 2112 diligit,
1239 2071 1350 2113 possit.
1394 2072 1450 2103 So.
1474 2072 1549 2103 Non
1564 2074 1658 2106 facile

188 2128 277 2161 dictu
291 2133 348 2160 est.
391 2127 508 2159 Verum
524 2127 550 2159 si
577 2128 659 2158 hunc
675 2137 795 2157 mecum
817 2126 974 2167 colloquio
985 2125 1148 2168 jungeres,
1171 2125 1228 2156 tibi
1253 2125 1332 2157 forte
1355 2127 1561 2167 ostenderem,
1584 2138 1655 2170 quae

187 2182 235 2213 illi
257 2181 390 2214 dicenda
406 2181 480 2219 sint,
503 2184 560 2223 pro
575 2180 624 2211 his
639 2190 710 2222 quae
725 2179 813 2222 loqui
837 2184 867 2211 te
889 2183 922 2211 et
943 2190 1056 2211 cauere
1078 2190 1150 2221 erga
1173 2179 1260 2211 illum
1282 2179 1334 2211 isti
1356 2186 1528 2213 narrarunt.
1572 2181 1656 2214 ΗΠ).

189 2236 280 2268 Nihil
294 2235 518 2278 impedimento
532 2234 638 2266 fuerit.
653 2234 680 2265 si
694 2233 777 2265 enim
793 2243 856 2264 una
879 2244 950 2265 curn
967 2233 1120 2275 Ctesippo
1143 2234 1203 2265 hoc
1218 2234 1413 2275 ingrediaris,
1436 2238 1469 2266 et
1484 2235 1527 2266 ibi
1542 2236 1655 2267 sedens

189 2290 345 2332 disputes,
368 2289 436 2332 ipse
455 2288 528 2326 tibi,
549 2293 585 2320 ut
601 2287 740 2325 arbitror,
767 2288 948 2319 adhaerebit.
971 2298 1042 2318 nam
1068 2288 1217 2319 audiendi
1239 2288 1381 2330 apprime
1404 2288 1514 2319 avidus
1534 2294 1592 2320 est.
1618 2301 1656 2322 ac

187 2343 284 2376 etiam
297 2343 344 2376 ibi
358 2343 559 2375 Mercurialia
573 2343 765 2375 celebrantes
775 2342 910 2384 juvenes
923 2343 958 2373 in
983 2353 1078 2373 unum
1094 2341 1299 2374 conveniunt.
1322 2342 1362 2372 ad
1384 2346 1416 2373 te
1431 2341 1524 2383 igitur
1537 2343 1654 2374 adven-

190 2398 293 2430 tabit:
316 2403 350 2430 et
363 2397 426 2428 nisi
438 2396 474 2428 id
485 2397 606 2434 fecerit.
621 2402 777 2429 memento
792 2396 879 2427 illum
900 2396 1044 2437 Ctesippi
1068 2396 1250 2427 familiarem
1273 2406 1341 2427 esse
1359 2400 1485 2437 propter
1501 2396 1655 2428 Menexe-

189 2461 266 2482 num
279 2450 373 2493 hujus
387 2456 546 2493 nepotem,
559 2450 652 2492 cujus
673 2452 726 2483 ille
741 2451 844 2483 socius
859 2455 908 2482 est
922 2450 1107 2483 carissimus.
1152 2450 1302 2483 Accersat
1316 2450 1423 2491 itaque
1438 2449 1496 2480 iste
1512 2449 1611 2487 illum,
1628 2451 1655 2482 si

190 2504 292 2535 minus
305 2505 374 2546 ipse
388 2515 444 2547 per
458 2515 492 2536 se
505 2506 682 2538 accesserit.
725 2506 777 2537 Sic
793 2505 949 2547 agendum
964 2511 1024 2543 est,
1038 2505 1178 2546 inquam.
1200 2510 1234 2537 et
1247 2504 1337 2536 simul
1360 2504 1554 2546 apprehenso
1578 2504 1653 2536 Cte-

188 2557 296 2601 sippo,
307 2558 344 2590 in
357 2559 530 2600 paloestram
545 2565 727 2599 prosecutus
740 2571 808 2590 sum
824 2572 832 2590 :
855 2564 888 2590 et
901 2559 955 2590 alii
970 2569 1028 2590 nos
1043 2569 1063 2590 a
1078 2563 1164 2600 tergo
1184 2559 1283 2591 secuti
1298 2563 1382 2590 sunt.
1405 2558 1534 2599 ingressi
1548 2563 1651 2590 autem

189 2611 365 2644 invenimus
387 2621 488 2642 sacras
503 2608 685 2644 cerimonias
701 2612 796 2644 ferme
811 2617 963 2654 peractas,
982 2611 1182 2654 juvenesque
1205 2617 1360 2654 comptos,
1376 2611 1504 2643 calculis
1520 2611 1652 2653 talisque

189 2666 353 2698 ludentes:
377 2665 488 2707 partim
504 2664 537 2695 in
552 2665 621 2706 ipso
637 2666 790 2697 vestibulo
806 2671 891 2697 extra
905 2666 1069 2703 ludebant,
1086 2666 1196 2707 partim
1219 2666 1252 2696 in
1267 2665 1424 2708 gymnasii
1439 2665 1555 2706 angulo
1571 2666 1652 2706 paris

187 2719 352 2762 imparisve
363 2718 452 2760 jactu
466 2719 697 2760 exercebantur,
719 2720 856 2752 calculos
871 2731 890 2752 e
903 2720 1034 2752 calathis
1050 2719 1238 2761 quibusdam
1259 2720 1466 2751 extrahentes.
1489 2719 1546 2750 hos
1568 2719 1652 2749 intu-

185 2778 277 2805 entes
291 2772 344 2804 alii
358 2772 599 2804 circumstabant
612 2783 619 2803 ε
635 2783 654 2804 e
668 2773 782 2815 quibus
797 2773 890 2815 Lysis
904 2780 981 2814 erat,
999 2772 1095 2814 [207]
1105 2773 1160 2815 qui
1175 2774 1319 2804 adstabat
1329 2773 1409 2803 inter
1415 2772 1549 2814 juvenes
1564 2782 1651 2803 coro-

185 2831 292 2864 natus,
306 2830 340 2858 et
353 2826 495 2858 omnibus
516 2826 622 2858 indole
637 2831 798 2868 praestans,
811 2837 870 2859 nec
893 2827 1022 2868 pulcher
1044 2831 1177 2864 tantum,
1200 2827 1257 2859 sed
1278 2832 1311 2858 et
1332 2827 1482 2857 honestus
1495 2830 1529 2856 et
1551 2826 1651 2855 bonus

186 2878 423 2913 existimandus.
445 2891 503 2913 nos
522 2885 628 2913 autem
650 2891 669 2912 e
687 2886 872 2924 conspectu,
895 2880 949 2912 ubi
971 2879 1071 2922 quieti
1091 2880 1178 2912 locus
1199 2886 1278 2917 erat,
1296 2879 1493 2912 consedimus
1515 2877 1648 2909 invicem
