1846 3268
150 283 246 335 156]
677 279 1052 321 PARMENJDES.
1536 286 1612 327 123

146 387 300 425 sortitum,
323 386 426 418 minus
448 394 569 427 semper
593 391 688 426 quam
714 384 799 425 prius
824 385 864 415 ab
889 383 951 416 illis
976 388 1068 416 aetate
1095 383 1236 417 distabit.
1260 394 1301 416 an
1330 385 1416 417 non?
1453 386 1615 422 Profecto.

146 441 264 474 Nonne
276 441 361 484 quod
377 440 478 472 minus
493 438 621 471 excedit
635 438 755 480 aliquid
771 442 864 469 aetate
882 438 1091 480 quamrprius,
1099 437 1211 479 junius
1225 438 1261 469 fit
1275 448 1370 481 quam
1392 439 1488 481 prius,
1510 441 1616 483 quoad

147 497 213 534 illa,
227 495 342 539 quibus
356 499 423 526 erat
436 493 594 536 antiquius
607 492 618 524 ?
662 492 684 525 J
688 492 780 524 unius
795 492 904 534 procul
921 492 1029 525 dubio.
1075 491 1110 524 Si
1123 492 1201 525 illud
1214 492 1334 535 junius,
1353 504 1395 524 an
1410 505 1474 525 non
1488 494 1544 526 illa
1558 497 1615 527 ad-

147 561 251 582 versus
267 560 362 591 unum
377 549 501 580 seniora
522 557 615 589 quam
635 546 721 588 prius
746 546 861 577 erunt?
895 545 1038 579 Peninus.
1060 546 1156 584 Quod
1181 557 1255 589 ergo
1278 547 1391 590 junius
1414 554 1488 580 ante
1508 549 1616 591 fiebat,

146 604 250 636 senius
264 603 300 634 fit
313 602 355 634 ad
370 602 462 640 illud,
477 602 564 644 quod
580 605 653 632 ante
668 600 775 638 fiebat,
801 605 929 643 eratque
951 600 1124 643 antiquius.
1147 605 1196 633 est
1218 606 1324 633 autem
1346 612 1506 645 nunquam
1532 604 1615 635 anti-

145 651 251 700 quins,
266 667 373 688 verum
389 656 444 688 illo
460 667 583 697 semper
597 654 757 697 antiquius
773 655 820 687 fit.
865 654 950 686 Illud
968 665 1059 697 porro
1078 654 1270 702 juvenescit,
1292 656 1353 688 hoc
1375 661 1485 689 contra
1510 668 1616 693 senc&

145 711 200 744 cit.
234 711 332 754 [155]
357 711 443 753 quod
470 720 575 742 rursus
602 710 774 752 antiquius,
790 709 915 751 ‘juniori
930 709 1040 751 junius
1055 709 1196 742 similiter
1219 710 1361 744 efficitur.
1382 721 1455 743 narn
1469 722 1541 743 cum
1554 713 1617 744 ista

145 765 181 798 in
199 765 393 796 contrarium
414 764 560 801 tendant,
585 763 742 796 contraria
770 763 905 794 invicem
920 763 1012 795 fiunt.
1055 763 1076 796 J
1079 763 1171 794 unius
1193 763 1324 806 quidem
1348 765 1463 797 seniori
1487 767 1592 798 senius
1605 778 1613 797 :

145 819 251 851 senius
266 823 386 857 contra,
397 818 507 860 junius
527 818 660 860 juniori.
683 818 767 850 facta
782 827 854 849 vero
874 817 972 849 fuisse
994 822 1168 859 nequeunt.
1215 818 1300 850 Nam
1321 819 1347 850 si
1366 819 1451 852 facta
1469 820 1616 858 fuissent,

145 883 210 906 non
225 873 358 916 amplius
372 873 495 910 fierent,
511 873 567 905 sed
579 873 646 915 jam
661 877 775 905 essent.
798 882 883 904 nunc
899 882 971 904 vero
988 877 1020 903 et
1031 871 1172 914 juniora,
1187 876 1220 904 et
1235 873 1356 904 seniora
1370 872 1505 905 invicem
1519 875 1617 907 effici-

147 932 254 960 untur.
296 927 403 960 Unum
419 927 547 969 quidem
563 928 674 959 ceteris
685 927 795 969 junius
811 927 859 968 fit,
873 937 910 958 ex
926 937 976 963 eo,
998 927 1083 969 quod
1100 927 1204 958 senius
1218 938 1286 959 esse
1301 928 1459 970 apparuit,
1483 933 1517 960 et
1531 930 1618 971 prius

146 982 315 1014 effectum:
339 987 443 1014 cetera
457 991 530 1013 vero
545 981 668 1013 seniora
684 991 779 1023 quam
806 992 903 1012 unum
925 981 1018 1023 fiunt,
1033 992 1071 1013 ex
1086 992 1137 1019 eo,
1161 982 1247 1023 quod
1265 982 1438 1023 posteriora
1449 981 1534 1013 facta
1547 983 1617 1015 fue.

144 1037 219 1070 rint.
264 1036 308 1068 Et
321 1036 494 1068 secundum
508 1035 642 1067 eandem
657 1035 810 1066 rationem
826 1039 929 1067 cetera
944 1045 1071 1077 quoque
1086 1035 1227 1066 similiter
1241 1036 1280 1067 ad
1305 1045 1404 1066 unum
1425 1046 1458 1067 se
1472 1037 1592 1068 habent
1605 1048 1615 1070 ε

146 1091 266 1134 quippe
279 1100 352 1122 cnm
366 1089 544 1131 antiquiora
561 1093 594 1120 et
609 1088 712 1130 priora
727 1088 783 1119 illo
807 1087 891 1120 facta
910 1088 1007 1120 fuisse
1026 1088 1237 1131 apparuerint.
1281 1089 1372 1121 Idem
1390 1089 1467 1120 mihi
1489 1100 1617 1133 quoque

146 1144 281 1177 videtur.
326 1144 379 1175 An
394 1154 459 1175 non
474 1153 535 1185 qua
551 1142 673 1174 ratione
687 1147 831 1174 neutrum
856 1142 979 1174 illorum
1002 1142 1098 1174 altero
1114 1143 1163 1174 vel
1173 1142 1284 1184 junius
1298 1143 1335 1174 fit
1352 1143 1402 1175 vel
1427 1143 1544 1183 senius,
1566 1155 1617 1177 se-

146 1199 286 1231 cundum
300 1198 386 1240 quod
402 1197 470 1240 pari
485 1207 612 1229 numero
627 1196 762 1229 invicem
778 1197 940 1234 differunt,
966 1207 1070 1239 neque
1086 1208 1182 1228 unum
1198 1197 1267 1229 aliis
1294 1197 1465 1240 antiquius,
1489 1202 1544 1230 aut
1560 1198 1616 1240 ju-

147 1253 218 1284 nius
231 1253 330 1290 fieret,
345 1262 450 1293 neque
464 1252 527 1282 alia
541 1262 604 1283 uno
621 1251 633 1282 ?
656 1262 719 1294 qua
733 1261 805 1283 vero
821 1251 942 1283 ratione
960 1251 1057 1283 altera
1081 1261 1204 1293 semper
1226 1256 1313 1293 parte
1338 1252 1463 1283 differre
1488 1262 1617 1285 necesse

144 1311 193 1339 est
206 1307 309 1350 priora
323 1306 557 1347 posterioribus,
572 1308 604 1336 et
619 1305 791 1347 posteriora
805 1306 969 1347 prioribus,
985 1317 1024 1337 ex
1039 1306 1099 1337 hoc
1114 1316 1242 1338 necesse
1257 1311 1305 1338 est
1320 1307 1443 1338 seniora
1457 1311 1489 1338 et
1507 1306 1618 1348 junio·

146 1372 181 1394 ra
194 1361 329 1393 invicem
341 1360 420 1399 fieri,
436 1365 501 1391 tum
517 1365 620 1393 cetera
637 1371 712 1402 uno,
729 1364 795 1406 tum
810 1361 923 1392 ceteris
938 1371 1035 1392 unum
1053 1361 1063 1391 ?
1108 1360 1150 1391 Et
1172 1361 1305 1392 maxime
1320 1361 1460 1404 quidem.
1505 1361 1617 1394 Omni-

145 1415 204 1447 bus
219 1415 312 1458 igitur
327 1414 375 1446 his
386 1415 427 1446 de
439 1415 542 1446 causis
556 1425 652 1446 unum
666 1419 700 1446 et
714 1425 747 1446 se
762 1415 846 1457 ipso,
862 1420 896 1447 et
910 1414 979 1446 aliis
995 1415 1100 1447 senius
1117 1425 1154 1447 ac
1172 1414 1284 1457 junius
1307 1420 1355 1447 est
1369 1419 1402 1447 et
1416 1416 1452 1446 fit
1465 1427 1472 1446 :
1497 1426 1616 1448 rursus-

144 1479 208 1512 que
222 1480 324 1513 neque
335 1469 446 1512 junius
460 1479 563 1511 neque
578 1469 683 1500 senius
706 1479 740 1501 se
761 1469 843 1511 ipso,
866 1469 916 1500 vel
924 1468 1062 1506 oeeteris,
1084 1473 1140 1500 aut
1154 1473 1214 1506 est,
1237 1474 1292 1500 aut
1317 1479 1456 1512 unquam
1472 1469 1616 1503 efficitur.

144 1525 285 1558 Prorsus.
330 1525 503 1567 Postquam
522 1535 595 1557 vero
621 1534 720 1555 unum
747 1523 896 1566 temporis
921 1529 969 1555 est
993 1523 1161 1566 particepS,
1186 1524 1355 1566 seniusque
1371 1529 1404 1556 et
1425 1524 1534 1566 junius
1550 1524 1618 1557 fieri

145 1583 262 1622 potest,
277 1590 384 1611 nonne
398 1585 551 1622 praetaerea
563 1589 691 1611 necesse
705 1582 753 1610 est
768 1578 929 1620 praeteriti,
957 1578 1118 1620 praesentis
1131 1582 1227 1620 atque
1251 1577 1349 1610 futuri
1364 1589 1431 1610 esse
1444 1579 1616 1621 particeps,

144 1643 216 1666 curn
232 1634 402 1676 participet
416 1639 556 1676 tempore
570 1633 581 1664 ?
624 1633 810 1665 Necessario
835 1633 984 1674 sequitur.
1029 1631 1104 1663 Erat
1119 1630 1215 1673 igitur
1228 1642 1340 1674 unum,
1366 1637 1399 1664 et
1414 1637 1472 1669 est,
1498 1638 1531 1664 et
1545 1634 1616 1676 erit,

143 1687 314 1731 fiebatque,
329 1693 362 1720 et
374 1688 422 1730 fit,
437 1693 469 1720 et
484 1688 549 1720 fiet.
572 1687 694 1726 Quidni
708 1689 718 1719 ἓ
743 1688 835 1720 Esset
850 1698 976 1730 quoque
990 1687 1041 1718 illi
1055 1686 1176 1729 aliquid
1192 1691 1225 1719 et
1238 1687 1336 1729 illius,
1351 1692 1491 1729 eratque,
1507 1692 1540 1719 et
1551 1684 1615 1726 ‘est,

143 1747 178 1775 et
192 1743 263 1774 erit.
307 1742 459 1775 Maxime.
503 1742 647 1784 Ideoque
669 1741 804 1773 scientia
825 1742 866 1773 de
889 1741 945 1772 illo
975 1745 1068 1779 esset,
1092 1741 1264 1783 opinioque
1289 1751 1326 1773 ac
1352 1751 1472 1778 sensus,
1495 1741 1616 1785 quippe

145 1806 217 1828 cum
231 1802 265 1828 et
279 1807 335 1830 nos
350 1796 384 1827 in
399 1796 568 1839 praesentia
583 1797 651 1828 haec
664 1797 704 1828 de
718 1796 772 1827 illo
789 1796 933 1827 universa
948 1800 1125 1828 tractemus,
1171 1795 1273 1827 Recte
1293 1795 1351 1828 ais.
1397 1795 1523 1827 Nomen
1538 1796 1616 1828 item

144 1861 182 1883 ac
198 1861 298 1883 sermo
313 1851 374 1894 ipsi
389 1851 489 1887 adest,
507 1850 747 1892 nominaturque
763 1854 795 1882 et
810 1849 936 1882 dicitur.
960 1854 994 1881 et
1015 1854 1219 1892 quotcunque
1242 1849 1423 1891 hujusmodi
1446 1850 1529 1882 circa
1554 1851 1617 1882 alia

144 1906 352 1948 reperiuntur,
365 1905 446 1937 circa
456 1915 554 1936 unum
569 1915 696 1947 quoque
711 1904 874 1935 exsistunt.
920 1903 1060 1935 Omnino
1078 1903 1206 1945 quidem
1230 1903 1275 1935 sic
1291 1913 1325 1935 se
1345 1914 1392 1935 res
1406 1903 1514 1936 habet.
1548 1904 1615 1937 Ve-

144 1971 212 1992 rum
228 1960 320 1992 tertio
328 1959 396 2002 jam
411 1960 455 1992 sic
469 1959 581 1991 iterum
599 1958 797 1991 disseramus.
822 1969 920 1990 unum
945 1959 970 1990 si
991 1963 1051 2000 est,
1071 1958 1336 2000 quemadmodum
1359 1967 1452 1999 supra
1468 1958 1615 1997 diximus,

143 2025 186 2047 an
201 2025 266 2046 non
281 2025 407 2047 necesse
421 2019 483 2055 est,
498 2014 600 2056 ipsum
615 2023 689 2046 cum
703 2012 745 2045 sit
760 2023 870 2051 unuin,
885 2018 919 2044 et
932 2012 1043 2050 multa,
1057 2017 1152 2054 atque
1168 2012 1291 2050 iterum,
1303 2022 1407 2054 neque
1427 2022 1537 2050 unum,
1559 2023 1617 2044 ne·

146 2079 208 2112 que
223 2069 332 2107 multa,
348 2074 380 2100 et
393 2068 584 2111 participans
599 2072 752 2109 tempore,
767 2067 841 2108 quia
857 2077 954 2098 unum
969 2071 1028 2104 est,
1054 2066 1190 2097 essentia
1211 2066 1396 2108 participare
1419 2066 1591 2109 aliquando
1605 2078 1614 2099 :

145 2122 223 2166 quia
234 2133 308 2156 vero
322 2133 386 2154 non
399 2127 458 2160 est,
473 2133 538 2154 non
554 2121 742 2164 participare
757 2120 928 2162 aliquando
941 2121 952 2150 ?
998 2119 1219 2151 Necessarium
1235 2121 1295 2152 hoc
1310 2124 1368 2152 est.
1414 2119 1501 2151 Num
1513 2121 1615 2162 possi-

145 2177 210 2210 bile
223 2182 283 2220 est,
295 2177 371 2208 dum
386 2176 565 2219 participat,
581 2180 658 2207 tunc
673 2175 799 2206 minime
814 2173 1004 2216 participare
1022 2174 1033 2204 ?
1057 2173 1105 2204 vel
1120 2174 1247 2215 quando
1262 2183 1325 2204 non
1342 2173 1520 2215 participat,
1543 2184 1616 2216 par-

145 2231 302 2275 ticipare?
346 2230 558 2273 Impossibile.
602 2229 643 2261 In
657 2229 720 2260 alio
736 2229 843 2271 itaque
859 2233 999 2270 tempore
1015 2227 1186 2270 particeps,
1199 2228 1231 2257 in
1248 2227 1310 2258 alio
1326 2237 1398 2258 vero
1421 2231 1470 2258 est
1493 2237 1615 2269 expers.

144 2287 207 2318 hoc
221 2286 305 2318 enim
319 2285 414 2318 modo
429 2286 592 2317 dumtaxat
607 2284 672 2315 fieri
686 2289 802 2326 potest,
818 2288 855 2314 ut
869 2283 1024 2325 particeps
1039 2286 1135 2324 atque
1149 2292 1258 2323 expers
1272 2281 1415 2322 ejusdem
1437 2280 1489 2313 sit.
1514 2281 1614 2324 [156]

146 2340 262 2373 Probe.
304 2339 470 2382 Numquid
486 2344 534 2371 est
555 2339 591 2371 id
615 2343 750 2380 tempus,
772 2338 900 2380 quando
927 2337 1043 2378 accipit
1065 2346 1143 2373 esse,
1170 2341 1203 2367 et
1225 2336 1352 2377 quando
1377 2345 1446 2366 esse
1470 2335 1615 2366 amittit?

146 2400 201 2428 aut
215 2406 279 2438 quo
293 2400 386 2438 paeto
401 2405 468 2426 esse
485 2398 600 2436 potest,
623 2398 660 2425 ut
674 2393 844 2435 aliquando
866 2393 949 2424 idem
975 2392 1100 2428 habeat,
1123 2390 1292 2433 aliquando
1308 2399 1380 2420 vero
1394 2399 1459 2420 non
1473 2389 1588 2420 habeat
1602 2390 1614 2420 ?

146 2450 207 2481 nisi
221 2449 298 2481 alias
312 2449 345 2480 id
361 2448 478 2492 capiat,
501 2448 578 2480 alias
592 2452 697 2479 autern
714 2447 859 2479 amittat?
905 2446 981 2478 Non
998 2446 1097 2478 aliter.
1143 2444 1298 2486 Accipere
1313 2443 1492 2481 essentiam,
1508 2452 1615 2475 nonne

145 2504 214 2536 fieri
238 2503 380 2546 appellas
395 2503 407 2534 ?
442 2503 610 2546 Equidem.
644 2502 790 2534 Essentia
813 2511 886 2533 vero
913 2500 1038 2543 privari,
1063 2509 1169 2530 nonne
1202 2498 1344 2529 destrui?
1400 2496 1442 2527 Et
1468 2497 1613 2529 maxime.

148 2558 257 2590 Unum
271 2557 378 2599 igitur,
392 2561 429 2588 ut
445 2557 582 2599 videtur,
605 2563 765 2589 assumens
786 2560 882 2598 atque
905 2555 1069 2597 deponens
1090 2552 1270 2594 essentiam,
1284 2552 1321 2582 fit
1334 2556 1367 2582 et
1381 2549 1499 2583 interit.
1544 2550 1616 2582 Ne-

145 2600 325 2646 cessarium.
379 2611 524 2654 Cumque
550 2621 647 2642 unum
673 2615 707 2643 et
744 2610 843 2642 multa
866 2610 918 2651 sit,
944 2608 1147 2651 genitumque
1170 2611 1267 2649 atque
1290 2605 1460 2638 deficiens:
1493 2614 1614 2642 nonne,

145 2667 274 2710 quando
297 2666 335 2698 fit
357 2676 466 2704 unum,
496 2665 613 2698 desinit
635 2675 704 2697 esse
731 2665 842 2703 multa,
866 2663 994 2706 quando
1023 2672 1096 2694 vero
1122 2661 1233 2702 multa,
1257 2659 1373 2692 desinit
1398 2668 1467 2690 esse
1490 2667 1588 2689 unum
1600 2658 1615 2688 ?

146 2721 263 2755 Valde.
307 2721 351 2753 Et
379 2730 451 2752 cum
468 2720 522 2751 fiat
544 2730 641 2751 unum
663 2724 698 2752 et
721 2718 831 2757 multa,
857 2728 899 2750 an
917 2727 982 2749 non
1008 2715 1179 2758 disgregari
1203 2719 1237 2747 et
1261 2711 1443 2756 congregari
1465 2712 1612 2753 oportet?

147 2775 294 2819 Oportet.
338 2775 426 2813 Quin
440 2775 534 2806 etiam
551 2774 674 2816 quoties
685 2773 836 2805 dissimile
851 2772 1014 2814 simileque
1030 2770 1173 2812 efficitur,
1197 2779 1302 2801 nonne
1317 2766 1488 2803 assimilari,
1510 2770 1553 2802 et,
1577 2769 1614 2795 ut

146 2831 191 2863 ita
204 2831 320 2869 dicam,
331 2828 508 2861 dissimilari
523 2828 672 2870 oportet?
705 2827 818 2859 Immo.
854 2827 898 2858 Et
911 2826 1040 2869 quando
1055 2824 1168 2867 majus,
1192 2829 1226 2856 et
1240 2824 1353 2860 minus,
1368 2827 1463 2862 atque
1479 2818 1613 2860 aequale‚

149 2894 298 2922 erescere,
313 2884 504 2924 decrescere,
519 2888 615 2924 atque
630 2882 770 2924 aequari?
797 2881 850 2913 Sic
862 2886 920 2913 est.
965 2879 1010 2911 At
1025 2879 1148 2922 quoties
1158 2889 1195 2910 ex
1206 2881 1292 2910 motu
1303 2877 1335 2908 in
1350 2874 1499 2917 quietem,
1509 2872 1558 2903 vel
1574 2882 1611 2903 ex

147 2938 254 2981 quiete
267 2939 301 2970 in
317 2943 435 2970 motum
451 2937 571 2974 transit,
587 2941 712 2978 oportet
734 2937 795 2968 hoc
813 2946 879 2967 non
896 2945 958 2966 uno
974 2934 1006 2966 in
1022 2939 1163 2976 tempore
1179 2943 1258 2964 esse.
1305 2930 1450 2967 Quanam
1467 2926 1610 2958 ratione?

149 2991 321 3036 Postquam
335 2992 455 3027 scilicet
468 2989 554 3035 prius
565 2991 695 3030 steterit,
706 2991 819 3023 moveri
837 2994 946 3034 postea
963 3001 970 3022 ε
995 2998 1129 3031 cumque
1137 2991 1229 3021 antea
1244 2989 1363 3019 motum
1377 2981 1480 3019 fuerit,
1493 2979 1608 3012 deinde
