1846 3268
192 264 291 316 200]
582 234 584 237 ’
818 263 1046 303 LACHES.
1611 268 1656 305 81

190 382 210 402 o
224 370 366 403 Laches?
412 368 474 409 La.
499 365 542 398 Et
552 365 684 397 maxime
700 365 840 408 quidem,
855 365 1012 397 Socrates.
1055 365 1110 398 So.
1133 365 1247 404 Audis,
1270 376 1290 397 o
1304 365 1411 404 Nicia,
1435 367 1581 399 terribilia
1598 379 1662 400 me-

178 425 370 466 tuendaque
381 422 485 454 futura
502 421 583 452 mala
597 430 654 452 uos
668 420 771 452 dicere
783 431 793 460 3
816 419 950 451 audacia
964 430 1037 451 vero
1052 420 1161 462 digna,
1187 420 1291 452 futura
1305 421 1402 461 bona,
1422 421 1471 452 vel
1488 427 1572 453 certe
1593 433 1658 454 non

186 478 280 511 mala.
322 478 412 508 Tuue
427 477 471 507 ita
490 476 532 506 de
553 475 613 512 his,
639 485 679 506 an
702 473 793 506 aliter
813 474 933 505 sentis?
978 473 1038 505 Nr.
1061 474 1113 505 Ita
1133 477 1228 505 certe.
1273 475 1331 506 So.
1354 474 1476 505 Horum
1493 476 1656 507 scientiam

188 531 405 564 fortitudinem
421 529 540 562 vocas?
584 528 644 561 Nr.
668 529 811 560 Prorsus.
855 529 912 561 So.
935 528 1109 560 Videamus
1131 534 1294 570 praeterea,
1321 533 1423 560 utrum
1439 529 1479 560 de
1495 530 1556 561 hoo
1571 530 1662 561 tertio

188 586 352 618 uobiscum
377 585 505 616 sentias.
549 582 608 615 Nr.
641 583 730 621 Quid
757 583 864 614 istud?
911 583 967 614 So.
1002 582 1119 615 Dicam
1144 582 1304 625 equidem.
1349 582 1433 615 Mihi
1460 593 1536 614 sane
1565 588 1660 625 atque

185 640 260 672 huic
274 640 410 680 videtur,
433 647 693 681 quorumcunque
708 636 841 669 scientia
856 637 964 679 aliqua
979 643 1037 675 est,
1062 648 1127 668 nou
1150 637 1241 668 aliam
1259 636 1421 669 scientiam
1437 647 1504 669 esse
1522 637 1660 679 praeteri-

186 699 299 731 torum,
314 698 351 725 ut
364 694 450 725 facta
465 697 539 724 sunt
552 703 561 725 ε
584 692 677 724 aliam
695 692 912 734 praeseutium,
925 697 960 723 ut
974 692 1074 723 fiunt:
1099 691 1191 722 aliam
1206 691 1391 730 futurorum,
1408 696 1444 722 ut
1458 691 1577 733 optime
1591 691 1659 722 fieri

185 749 330 791 possint:
353 749 408 780 sed
434 747 577 789 ejusdem
603 747 745 778 scientiae
769 757 850 789 opus
876 757 946 778 esse
973 747 1042 778 haec
1064 746 1169 777 omnia
1191 755 1271 778 esse.
1295 746 1559 787 quemadmodum
1577 746 1661 778 circa

184 813 293 835 sanum
316 808 349 834 et
368 802 491 833 salubre
517 812 574 843 per
588 810 680 832 omne
697 806 833 843 tempus.
858 810 922 831 non
949 800 1011 831 alia
1034 805 1147 842 praeter
1170 799 1293 830 unicam
1320 799 1507 831 medicinam
1529 800 1661 832 scientia

184 857 335 900 prospicit
349 867 420 898 quae
436 856 529 892 fiunt,
554 866 626 897 quae
640 855 725 886 facta
750 859 836 892 sunt,
863 865 933 897 quas
953 854 1041 892 fient,
1063 865 1127 896 quo
1144 859 1239 896 pacto
1255 854 1343 886 fiant.
1369 858 1402 885 et
1416 854 1499 886 circa
1515 854 1568 885 illa
1584 864 1655 895 quae

182 916 264 943 terra
278 916 460 947 nascuntur,
486 909 674 951 agricultura
690 920 723 940 se
738 909 880 940 similiter
896 906 1001 940 habet.
1046 908 1135 946 Quin
1151 908 1246 940 etiam
1261 909 1296 939 in
1313 907 1397 939 bello
1414 919 1470 940 vos
1486 908 1548 950 ipsi
1562 913 1657 939 testes

181 966 281 1003 eritis,
307 976 369 997 rem
397 965 562 996 militarem
581 964 737 996 subtiliter
761 969 794 995 et
814 964 877 995 alia
898 963 1017 1000 omnia,
1044 968 1077 994 et
1097 963 1201 994 futura
1225 963 1416 1005 prospicere.
1440 973 1545 1005 neque
1570 963 1656 994 enirn

180 1019 296 1062 subjici
318 1019 403 1050 illam
427 1018 576 1050 vaticinio
601 1018 708 1055 vultis,
735 1019 791 1049 sed
817 1028 949 1059 praeesse
977 1017 1104 1059 potius:
1128 1022 1240 1059 utpote
1268 1017 1391 1049 acutius
1416 1028 1487 1059 quae
1512 1017 1546 1048 in
1572 1016 1656 1048 bello

181 1074 273 1112 fiunt,
297 1083 407 1116 quaeve
423 1073 528 1104 futura
543 1077 617 1104 sunt
639 1072 868 1114 providentem.
893 1071 990 1113 [199]
1014 1071 1103 1113 atqui
1126 1077 1159 1102 et
1179 1071 1229 1103 lex
1254 1071 1300 1102 ita
1323 1072 1444 1108 statuit,
1471 1082 1536 1102 non
1551 1078 1654 1103 vatem

181 1129 331 1170 praefecto
357 1128 508 1160 exercitus
536 1126 703 1167 dominari,
730 1127 786 1158 sed
811 1126 995 1168 praefectum
1021 1126 1174 1157 exercitus
1190 1126 1253 1157 vati
1279 1136 1423 1168 praeesse.
1469 1125 1655 1157 Asseremus

181 1183 262 1220 haec,
274 1193 295 1214 o
311 1182 430 1215 Laches
444 1183 455 1213 ?
499 1182 562 1213 LA.
585 1181 779 1213 Asseremus.
826 1181 883 1213 So.
907 1179 960 1212 An
975 1185 1009 1212 tu
1025 1180 1116 1211 nobis
1127 1181 1298 1223 consentis,
1311 1191 1330 1211 o
1346 1179 1455 1218 Nicia,
1468 1180 1508 1211 ad
1520 1180 1654 1211 eandem

179 1237 343 1268 scientiam
359 1237 527 1278 pertinere,
542 1236 652 1267 eadem
669 1240 705 1266 ut
719 1235 888 1277 praeterita,
912 1240 946 1266 ut
967 1235 1147 1276 praesentia,
1172 1240 1208 1266 ut
1226 1234 1330 1266 futura
1352 1240 1426 1265 sunt
1441 1233 1653 1275 cognoscere?

178 1290 238 1322 Nr.
262 1290 429 1332 Equidem.
453 1300 528 1321 nam
539 1290 585 1320 ita
596 1289 670 1320 mihi
688 1289 821 1326 videtur,
837 1299 856 1320 o
872 1289 1027 1322 Socrates.
1073 1289 1132 1321 So.
1156 1288 1286 1331 Nonne,
1299 1289 1344 1319 vir
1357 1288 1487 1331 optime,
1498 1288 1651 1319 fortitudo

177 1345 310 1376 scientia
336 1350 383 1376 est
408 1345 646 1376 metuendorum
673 1344 973 1386 contrariorumque,
996 1349 1032 1375 ut
1054 1344 1125 1386 ipse
1146 1344 1322 1386 praedicas?
1366 1342 1428 1376 Nr.
1451 1339 1509 1373 Est
1530 1342 1651 1384 utique.

177 1400 234 1431 So.
259 1399 411 1432 Constitit
424 1404 541 1437 autem,
568 1410 606 1431 ea
632 1409 703 1442 quoe
727 1400 906 1441 metuimus,
932 1399 1038 1430 futura
1058 1399 1160 1430 mala:
1185 1409 1256 1442 quae
1273 1409 1344 1431 vero
1360 1399 1523 1436 audemus,
1545 1397 1651 1428 futura

176 1454 260 1486 bona
273 1465 351 1486 esse.
395 1452 455 1486 Nr.
481 1454 593 1486 Plane.
639 1454 695 1486 So.
720 1453 840 1485 Eadem
858 1463 929 1485 vero
945 1454 1077 1486 scientia
1091 1459 1140 1485 est
1164 1454 1333 1486 earundem
1355 1463 1455 1485 rerum
1478 1451 1648 1494 praeterita-

177 1518 255 1546 rum,
279 1509 543 1551 praesentiumque
567 1514 600 1541 et
619 1509 803 1540 futurarum.
847 1508 908 1542 Nr.
932 1508 1018 1540 Vera
1040 1509 1108 1540 haec
1133 1514 1216 1541 sunt.
1260 1509 1315 1542 So.
1338 1507 1415 1539 Non
1439 1506 1539 1538 solum
1553 1505 1649 1547 igitur

173 1560 415 1595 metuendorum
430 1564 720 1606 contrariorumque
735 1563 887 1595 fortitudo
903 1563 1034 1595 scientia
1050 1569 1107 1596 est.
1131 1574 1236 1605 neque
1251 1563 1335 1594 enim
1356 1563 1461 1594 futura
1486 1562 1648 1592 dumtaxat

176 1617 261 1649 bona
275 1618 397 1650 malave
408 1617 559 1660 intelligit
574 1630 581 1650 :
605 1629 711 1650 verum
728 1618 821 1650 etiam
838 1617 1006 1660 praesentia
1031 1618 1262 1660 praeteritaque,
1285 1623 1319 1649 et
1333 1616 1437 1648 omnia
1453 1614 1647 1656 simpliciter,

175 1676 212 1704 ut
226 1672 295 1704 aliae
311 1673 462 1711 scientias,
478 1673 639 1715 prospicit.
683 1672 742 1704 Nr.
766 1673 817 1704 Ita
832 1672 966 1704 videtur.
1009 1673 1065 1705 So.
1087 1672 1212 1704 Partem
1229 1673 1334 1714 itaque
1350 1671 1472 1702 tertiam
1486 1668 1643 1701 fortitudi-

174 1726 223 1758 nis
235 1728 339 1769 nobis,
362 1727 468 1764 Nicia,
496 1727 704 1769 respondisti:
728 1737 910 1769 quanquam
929 1737 1000 1768 nos,
1019 1727 1095 1770 quid
1113 1728 1257 1759 universa
1272 1726 1422 1757 fortitudo
1438 1725 1489 1761 sit,
1512 1725 1644 1755 interro-

173 1781 326 1822 gavimus.
348 1781 519 1818 enimvero,
542 1787 576 1812 ut
591 1781 713 1812 videtur
725 1782 758 1813 in
775 1781 953 1822 praesentia,
979 1782 1151 1813 secundum
1179 1781 1351 1812 orationem
1367 1786 1452 1811 tuam
1467 1789 1531 1809 non
1548 1777 1642 1808 modo

173 1836 410 1867 metuendorum
437 1836 722 1877 contrariorumque
743 1835 893 1867 fortitudo
909 1836 1042 1867 scientia
1067 1841 1127 1877 est,
1152 1836 1207 1867 sed
1222 1836 1375 1869 bonorum
1392 1833 1531 1864 omnium
1547 1837 1642 1873 atque

172 1889 335 1926 malorum,
351 1889 554 1931 omniumque
579 1890 762 1932 simpliciter
783 1890 1022 1931 quomodolibet
1036 1900 1103 1921 sese
1118 1890 1315 1921 habentium.
1361 1888 1455 1920 Sicne
1470 1886 1577 1923 modo,
1602 1894 1643 1915 an

171 1942 261 1974 aliter
272 1943 409 1985 judicas,
426 1943 542 1975 Nicia?
587 1943 646 1976 Νι.
670 1943 723 1975 Ita
747 1943 822 1975 milri
838 1944 973 1982 videtur,
999 1954 1018 1974 o
1034 1945 1189 1976 Socrates.
1237 1944 1294 1975 So.
1316 1942 1428 1983 Putas,
1442 1952 1462 1973 o
1477 1941 1568 1972 beate
1584 1939 1644 1979 vir,

171 1997 246 2028 huic
261 1998 397 2040 aliquam
412 1998 522 2029 deesse
535 1999 690 2034 virtutem,
702 1998 758 2040 qui
773 1998 856 2029 norit
871 1999 953 2029 bona
969 1998 1074 2030 omnia
1090 2009 1226 2040 prorsus,
1252 2003 1286 2028 ut
1311 1998 1425 2028 effecta
1441 1999 1525 2032 sunt,
1547 1994 1642 2024 fiunt-

171 2061 233 2093 que
249 2056 281 2083 et
295 2051 392 2084 fient:
417 2052 539 2084 malave
566 2052 730 2084 similiter?
753 2063 889 2095 eumque
904 2052 1004 2083 virum
1020 2052 1161 2094 indigere
1176 2051 1386 2094 temperantia
1400 2055 1433 2082 et
1443 2048 1564 2091 justitia
1582 2058 1641 2089 pu-

169 2109 217 2136 tas
232 2106 279 2137 vel
296 2106 475 2148 sanctitate,
490 2107 543 2138 cui
560 2106 620 2138 soli
632 2107 796 2149 competit,
813 2112 848 2138 ut
862 2111 925 2138 tam
941 2107 1023 2138 circa
1043 2107 1134 2146 deos,
1148 2117 1240 2148 quam
1257 2107 1340 2138 circa
1355 2105 1496 2136 homines
1513 2103 1595 2134 bona
1609 2106 1643 2132 et

169 2158 251 2190 mala
274 2161 445 2201 prudenter
464 2160 642 2202 intelligat3
664 2162 732 2193 haec
759 2162 891 2198 devitet,
915 2161 1055 2203 porrigat
1079 2161 1133 2191 illa
1146 2173 1156 2200 3
1181 2161 1371 2202 quandoque
1393 2158 1453 2190 scit
1468 2162 1550 2188 recte
1567 2166 1638 2187 cum

169 2213 312 2245 omnibus
329 2214 457 2246 vivere?
503 2215 562 2247 Νι.
588 2215 668 2247 Vera
691 2216 779 2258 loqui
795 2216 921 2253 videris,
945 2226 963 2246 o
981 2216 1134 2247 Socrates.
1178 2215 1233 2246 So.
1257 2215 1354 2252 Quod
1377 2223 1450 2255 ergo
1472 2212 1527 2243 abs
1543 2216 1574 2242 te
1590 2210 1639 2240 in-

169 2267 298 2299 ductum
314 2273 372 2305 est,
387 2268 494 2306 Nicia,
510 2280 575 2300 non
590 2280 661 2311 pars
679 2270 810 2308 virtutis,
837 2271 892 2302 sed
915 2270 1062 2301 universa
1077 2269 1172 2300 virtus
1195 2274 1254 2300 est.
1300 2268 1359 2299 Νι.
1382 2267 1535 2308 Apparet.
1581 2264 1638 2296 So.

169 2320 392 2354 Verumtamen
419 2323 636 2355 fortitudinem
664 2324 799 2355 diximus
824 2331 943 2366 partem
969 2324 1104 2365 aliquam
1132 2333 1199 2354 esse
1229 2322 1364 2355 virtutis,
1408 2320 1466 2352 Nr.
1492 2318 1636 2350 Diximus

167 2375 272 2418 plane.
317 2377 371 2408 So.
395 2377 490 2414 Quod
509 2389 580 2409 vero
596 2389 680 2409 nunc
695 2379 820 2416 dicitur,
848 2389 912 2410 non
927 2383 1069 2420 apparet.
1114 2377 1173 2410 Νι.
1197 2377 1284 2408 Non.
1328 2376 1384 2408 So.
1407 2374 1482 2405 Non
1499 2383 1573 2414 ergo
1589 2372 1636 2403 in-

167 2430 319 2466 venimus.
341 2431 447 2469 Nicia,
470 2432 547 2474 quid
563 2432 632 2474 ipsa
656 2433 695 2463 sit
709 2433 871 2464 fortitudo.
917 2433 979 2465 Νι.
1000 2432 1077 2463 Non
1093 2432 1245 2464 videmur.
1290 2430 1351 2462 LA.
1375 2428 1478 2471 Atqui
1493 2429 1590 2463 rebar,
1615 2437 1634 2457 ο

168 2485 267 2516 amice
283 2484 388 2523 Nicia,
412 2486 508 2528 [200]
530 2487 728 2518 inventurum
741 2492 785 2528 te,
797 2493 965 2529 postquam
982 2498 1030 2519 me
1045 2487 1165 2518 Socrati
1174 2485 1415 2528 respondentem
1425 2482 1636 2525 despiciebas.

165 2537 301 2579 ideoque
317 2541 491 2581 sperabam,
515 2545 546 2572 te
568 2552 606 2572 ex
623 2541 779 2572 Damonis
800 2542 955 2583 sapientia
970 2543 1037 2573 haec
1053 2541 1143 2572 nobis
1158 2541 1397 2572 declaraturum.
1443 2537 1503 2569 Νι.
1526 2536 1632 2574 Quam

166 2591 248 2622 belle
264 2593 341 2633 agis,
363 2604 381 2623 o
406 2593 537 2630 Laches,
563 2596 648 2636 quod
666 2595 781 2627 nullius
797 2596 947 2627 momenti
961 2595 1119 2627 existimas
1134 2595 1316 2637 apparuisse
1337 2599 1369 2625 te
1391 2602 1485 2634 supra
1499 2590 1578 2622 nihil
1591 2590 1632 2621 de

165 2645 349 2678 fortitudine
363 2647 538 2688 intelligere
557 2659 565 2679 :
591 2649 692 2680 solum
710 2660 782 2680 vero
799 2650 832 2680 id
849 2660 950 2687 curas,
965 2655 1064 2680 utrum
1080 2660 1139 2691 ego
1155 2659 1281 2690 quoque
1297 2647 1365 2679 talis
1379 2647 1504 2677 videar:
1529 2653 1634 2685 neque

166 2700 339 2741 quidquam
364 2701 512 2732 interesse
540 2703 692 2744 censebis,
718 2703 813 2735 modo
835 2709 868 2735 et
892 2704 959 2745 ipse
984 2709 1088 2735 tecum
1104 2703 1181 2734 nihil
1208 2702 1382 2743 intelligam
1403 2711 1440 2732 ex
1460 2699 1508 2730 his
1532 2698 1634 2733 rebus,

166 2763 242 2795 quas
257 2755 334 2785 scire
350 2755 456 2792 debet,
482 2756 622 2798 quisquis
645 2767 678 2788 se
694 2758 798 2799 magni
813 2758 900 2789 facit.
945 2757 1070 2789 Videris
1087 2768 1160 2799 ergo
1177 2767 1281 2788 revera
1296 2757 1465 2787 humanum
1480 2753 1630 2794 quiddam

165 2817 268 2849 agere,
285 2809 369 2850 quod
386 2820 449 2840 non
476 2815 506 2841 te
528 2810 641 2851 ipsum,
669 2813 723 2842 sed
745 2813 822 2844 alios
837 2812 979 2853 respicis.
1024 2812 1092 2852 Ego
1116 2816 1220 2842 autem
1243 2810 1382 2846 arbitror,
1409 2808 1486 2839 mihi
1500 2807 1574 2838 satis
1589 2806 1630 2836 de

166 2862 374 2903 superioribus
388 2874 456 2895 esse
479 2865 611 2895 dictum.
633 2866 658 2896 si
674 2866 750 2906 quid
767 2877 839 2897 vero
864 2867 966 2897 minus
989 2866 1176 2897 sufficienter
1196 2865 1313 2896 dietum
1330 2869 1388 2901 est,
1412 2863 1542 2904 posthac
1558 2870 1629 2891 cum

165 2913 311 2946 Damone
335 2915 405 2958 ipso
435 2919 597 2960 corrigam,
618 2930 711 2960 quem
729 2925 775 2960 tu,
798 2931 870 2952 cum
894 2931 1054 2963 nunquam
1071 2920 1197 2957 videris,
1219 2918 1375 2950 existimas
1401 2915 1627 2948 deridendum:

165 2978 298 3011 cumque
313 2970 382 3001 aliis
398 2972 493 3004 etiam
522 2975 695 3006 emendabo
713 2986 721 3006 :
744 2985 780 3008 ac
796 2980 963 3018 postquam
986 2975 1093 3007 omnia
1116 2974 1350 3014 confirmavero,
1376 2971 1493 3011 absque
1514 2966 1632 2998 invidi&

254 3023 343 3056 Plat.
361 3026 416 3058 Tr.
945 3029 973 3063 Ι,
1480 3024 1506 3054 L
