1846 3268
163 315 259 367 152]
725 308 1075 350 THEAETETUS.
1543 316 1622 356 237

159 423 245 450 sunt.
291 409 431 456 Quorum
456 426 474 447 e
499 425 628 447 numero
655 424 736 446 unus
757 412 937 456 Lysimachi
954 412 1038 444 filius
1059 413 1179 445 exstitit
1199 413 1367 453 Aristides,
1391 415 1487 459 [151]
1509 417 1623 460 aliique

161 471 319 513 permulti.
363 471 443 503 Cum
455 480 528 501 vero
544 470 583 500 ad
606 479 657 500 me
670 473 876 504 revertuntur,
892 468 1121 499 consuetudine
1137 479 1204 499 mea
1220 469 1329 500 iterum
1345 469 1524 511 indigentes
1539 482 1623 503 eam-

160 535 225 567 que
248 525 374 556 mirifice
398 524 595 563 affectantes,
621 522 780 554 nonnullis
808 521 913 552 statim
938 521 1129 552 daemonium
1154 533 1256 553 meum
1283 523 1433 565 congredi
1459 525 1624 566 prohibet3

161 579 345 621 quibusdam
359 584 466 610 contra
484 577 648 620 permittit,
662 577 716 618 qui
732 577 837 607 denuo
853 575 946 607 valde
959 575 1138 617 proficiunt.
1161 577 1322 618 patiuntur
1332 588 1446 619 nempe
1457 578 1623 610 familiares

162 634 223 665 mei
247 633 330 665 idem
347 633 432 675 quod
456 631 662 673 parturientes
679 630 815 662 feminae.
839 635 989 661 vexantur
1011 630 1094 660 enim
1121 635 1154 661 et
1174 630 1358 662 difficultate
1385 632 1438 663 diu
1462 637 1623 675 noctuque

161 686 260 718 multo
277 686 374 728 magis
388 695 481 728 quam
496 685 557 716 illae
573 685 742 726 replentur.
766 694 860 726 quem
883 684 1011 725 quidem
1030 683 1188 714 stimulum
1216 689 1278 715 tam
1304 685 1440 717 excitare
1465 697 1559 728 quam
1575 697 1623 719 se-

160 740 234 771 dare
249 740 412 771 artificium
428 750 531 771 meum
547 739 641 770 valet.
665 743 697 770 et
713 739 822 769 horum
838 747 885 768 res
900 736 945 768 ita
969 747 1002 768 se
1024 737 1152 768 habent.
1175 738 1365 780 quandoque
1382 750 1465 778 vero,
1480 751 1499 770 o
1513 740 1624 772 Theae-

155 797 236 831 -tete,
249 793 303 836 qui
317 793 447 825 fecundi
472 804 537 824 non
565 798 649 830 sunt,
664 793 830 824 advertens
851 791 926 833 quia
947 801 1043 832 opera
1064 800 1133 821 mea
1153 801 1217 822 non
1240 791 1395 833 indigent,
1413 804 1466 825 eos
1492 794 1625 826 libenter

157 858 231 879 tum
247 847 316 879 aliis
335 847 369 878 in
394 847 625 878 matrimonium
648 846 779 888 copulo,
790 851 836 886 et,
849 850 885 875 ut
907 855 978 876 cum
1003 844 1077 875 Deo
1093 844 1208 882 dicam,
1224 850 1316 877 acute
1332 847 1494 888 praesagio,
1510 848 1624 889 quibus

160 901 355 942 potissimum
371 901 535 943 conjuncti
549 900 722 943 proficiant.
745 910 875 942 quorum
891 898 1005 929 multos
1020 898 1157 930 Prodico
1173 899 1300 936 tradidi,
1317 900 1430 931 multos
1445 900 1539 932 etiam
1556 902 1626 933 aliis

161 955 309 997 sophistis
325 954 502 997 divinisque
517 955 708 986 hominibus.
753 954 845 991 Haec,
861 964 880 984 o
897 953 1028 995 optime,
1044 953 1149 984 omnia
1164 954 1244 984 hanc
1260 954 1301 984 ob
1315 964 1441 985 causam
1465 955 1558 986 altius
1577 967 1625 987 re-

162 1009 251 1051 petii.
275 1009 350 1051 angi
373 1009 455 1040 enim
479 1014 510 1040 te
532 1014 690 1051 conceptu
711 1009 848 1050 quodam
871 1007 1032 1048 gravidum
1056 1007 1247 1049 suspicabar,
1264 1008 1349 1049 quod
1373 1014 1405 1039 et
1428 1008 1496 1050 ipse
1521 1013 1624 1050 putas.

163 1062 332 1094 Committe
347 1073 419 1104 ergo
435 1068 466 1095 te
481 1063 557 1094 mihi
572 1069 720 1104 tanquam
735 1061 910 1094 obstetricis
926 1060 1004 1098 filio,
1019 1065 1052 1092 et
1069 1061 1255 1092 obstetriciae
1271 1062 1430 1093 facultatis
1452 1063 1545 1104 longe
1570 1074 1626 1105 pe-

161 1116 246 1156 rito3
269 1122 302 1148 et
323 1127 394 1159 quae
419 1118 575 1159 perquiro.
602 1118 741 1149 annitere
766 1127 822 1159 pro
837 1116 954 1147 viribus
980 1116 1181 1157 respondere.
1204 1120 1237 1147 et
1261 1115 1287 1147 si
1311 1116 1388 1157 quid
1414 1127 1452 1148 ex
1477 1116 1529 1154 iis,
1554 1127 1626 1159 quae

163 1170 287 1207 dixerIs,
301 1171 482 1203 discutienti
500 1172 575 1203 mihi
590 1172 786 1203 simulacrum
802 1171 908 1213 potius
924 1181 1016 1212 quam
1030 1180 1137 1201 verum
1159 1180 1313 1212 apparens
1333 1170 1506 1202 refutavero
1531 1176 1626 1213 atque

158 1223 320 1266 abjecero,
335 1236 375 1257 ne
391 1236 574 1258 succenseas
587 1236 654 1267 oro,
675 1225 939 1268 quemadmodum
955 1224 1056 1266 primo
1072 1229 1162 1266 partu
1179 1234 1339 1266 puerperae
1354 1224 1436 1256 circa
1455 1229 1545 1256 natos
1560 1225 1626 1256 effi-

163 1278 262 1310 ciunt.
285 1279 376 1310 multi
386 1279 468 1321 jam,
483 1291 501 1311 o
516 1280 645 1311 mirifice
660 1280 855 1317 adolescens,
870 1279 1017 1311 adversus
1034 1289 1083 1309 me
1095 1279 1140 1310 sic
1151 1278 1256 1309 affecti
1271 1284 1355 1315 sunt,
1366 1283 1402 1309 ut
1411 1279 1459 1310 vel
1475 1280 1626 1311 morsibus

161 1331 309 1364 invadere
323 1333 453 1370 vellent,
468 1334 493 1364 si
510 1334 637 1375 quando
652 1333 891 1365 deliramentum
906 1332 1035 1373 aliquod
1051 1331 1112 1362 illis
1127 1332 1298 1373 abigerem,
1318 1342 1382 1362 non
1399 1337 1547 1373 putantes
1563 1333 1594 1363 id
1608 1343 1627 1364 a

161 1395 212 1416 me
229 1386 445 1418 benevolentia
461 1387 540 1428 fieri,
556 1398 626 1418 cum
642 1398 696 1418 eos
712 1388 834 1427 lateret,
849 1387 936 1428 quod
959 1385 1064 1416 nullus
1078 1385 1170 1416 Deus
1187 1385 1357 1417 malevolus
1373 1391 1422 1417 est
1435 1386 1625 1419 hominibus.

162 1449 221 1470 nec
235 1449 294 1481 ego
309 1440 372 1471 tale
393 1440 512 1482 aliquid
536 1441 756 1472 malevolentia
777 1441 871 1472 facio.
894 1440 970 1470 mihi
993 1440 1088 1480 plane
1111 1439 1199 1470 nefas
1225 1450 1293 1470 esse
1317 1440 1440 1471 videtur
1463 1441 1627 1473 admittere

155 1492 273 1524 falsum
286 1504 322 1525 ac
338 1503 443 1524 verum
460 1493 611 1527 refellere.
656 1495 778 1525 Rursus
793 1494 888 1535 igitur
903 1504 920 1524 a
942 1492 1110 1534 principio,
1135 1493 1308 1530 Theaetete,
1325 1494 1400 1535 quid
1427 1495 1559 1526 scientia
1574 1496 1626 1534 sit,

162 1551 200 1576 ut
214 1551 317 1588 potes,
333 1558 489 1588 exponere
505 1553 604 1579 tenta.
626 1553 662 1579 ut
677 1553 781 1579 autem
797 1558 861 1578 non
885 1551 987 1589 potes,
1001 1556 1162 1587 nunquam
1178 1547 1302 1580 dixeris,
1327 1547 1353 1578 si
1368 1548 1450 1579 enim
1467 1549 1557 1581 Deus
1572 1561 1627 1581 vo-

158 1592 257 1631 vinerit
279 1600 510 1644 adjuveritque,
526 1602 655 1633 valebis.
698 1602 787 1633 Tne.
812 1601 892 1634 Cum
916 1606 949 1632 tu
965 1601 1021 1637 ita,
1037 1611 1056 1632 o
1072 1601 1227 1638 Socrates,
1249 1601 1375 1643 jubeas,
1390 1607 1480 1645 turpe
1495 1609 1587 1641 esset,
1601 1605 1627 1636 si

160 1653 235 1696 quis
250 1665 336 1687 suam
352 1655 539 1686 sententiam
561 1666 625 1686 non
652 1656 811 1698 proferret.
855 1654 991 1686 Videtur
1015 1655 1090 1685 mihi
1105 1655 1189 1696 quod
1205 1655 1363 1697 quispiam
1378 1657 1448 1694 scit,
1463 1657 1496 1688 id
1512 1658 1626 1690 sentire

152 1709 250 1750 ⁴quod
266 1708 345 1740 scit:
367 1714 411 1750 et,
433 1714 468 1741 ut
482 1721 567 1741 nunc
593 1714 735 1751 apparet,
751 1709 830 1740 nibil
851 1709 938 1740 aliud
961 1708 1092 1740 scientia
1108 1714 1156 1740 est
1169 1719 1261 1750 quam
1278 1720 1398 1741 sensus.
1442 1711 1498 1743 So.
1521 1712 1627 1748 Quam

165 1773 315 1803 generose
340 1763 540 1805 respondisti,
555 1774 574 1794 o
600 1764 696 1805 puer!
723 1763 766 1795 sic
793 1762 889 1800 enim,
913 1763 998 1804 quod
1023 1763 1157 1804 quisque
1182 1763 1287 1800 sentit,
1308 1763 1543 1805 exprimendum
1571 1770 1630 1797 est.

158 1815 226 1847 'Sed
242 1816 276 1847 id
293 1816 500 1848 communiter
513 1818 756 1855 consideremus,
771 1822 874 1848 utrum
893 1817 986 1848 foetus
1006 1817 1058 1848 hic
1074 1816 1193 1848 solidus
1208 1828 1247 1848 an
1264 1827 1361 1848 vanus
1379 1818 1504 1851 existat.
1549 1820 1628 1851 Sen-

164 1879 233 1900 sum
262 1870 307 1900 ais
334 1871 497 1902 scientiam
518 1871 608 1902 esse?
651 1872 742 1904 Tmz.
764 1871 840 1904 Aio.
886 1872 943 1903 So.
966 1871 1092 1902 Videris
1114 1872 1225 1913 utique
1249 1872 1464 1903 definitionem
1489 1873 1628 1904 scientiae

164 1923 248 1954 haud
273 1923 429 1965 abjectam
453 1925 608 1962 intulisse,
625 1926 679 1956 sed
702 1935 796 1967 quatu
821 1925 919 1967 [152]
946 1925 1143 1966 Protagoras,
1165 1926 1259 1956 modo
1285 1925 1412 1967 quidem
1428 1926 1501 1964 alio,
1517 1928 1627 1958 eadem

165 1981 267 2008 tamen
283 1978 470 2018 intentione,
485 1978 617 2010 induxit.
640 1979 744 2021 iuquit
765 1978 848 2010 enim
871 1989 971 2010 rerum
998 1979 1138 2010 omnium
1165 1989 1339 2010 mensuram
1363 1980 1521 2011 hominem
1538 1991 1627 2012 esse:

165 2031 363 2063 existentium
380 2033 518 2074 quidem,
534 2038 570 2064 ut
589 2038 680 2073 sunt;
705 2043 769 2064 non
789 2033 989 2064 existentium
1003 2043 1088 2071 vero,
1103 2038 1139 2064 ut
1165 2044 1228 2064 non
1242 2038 1326 2066 sunt.
1349 2034 1451 2075 legisti
1466 2045 1602 2077 unquam
1617 2035 1628 2065 ?

164 2085 253 2117 Tan.
276 2085 357 2128 Legi
370 2087 514 2129 equidem
529 2097 756 2129 saepenumero.
801 2088 858 2119 So.
880 2087 998 2118 Nonne
1013 2087 1057 2119 sic
1073 2088 1116 2118 ait
1131 2098 1139 2118 ι
1162 2088 1277 2124 Qualia
1292 2088 1416 2130 singula
1430 2089 1506 2119 mihi
1519 2089 1628 2120 viden-

160 2144 223 2176 tur,
239 2139 314 2171 talia
330 2140 406 2171 mihi
431 2151 520 2172 esse:
544 2142 649 2183 qualia
670 2152 743 2173 vero
769 2142 840 2183 tibi,
855 2141 913 2172 tibi
935 2151 1061 2183 quoque
1086 2141 1183 2172 talia:
1210 2141 1352 2173 homines
1376 2146 1480 2173 autem
1505 2143 1628 2186 utrique

163 2194 289 2224 sumus?
334 2194 421 2227 Tim.
443 2194 495 2226 Sic
519 2201 602 2227 certe
628 2196 683 2229 ait.
727 2196 783 2229 So,
807 2196 907 2238 Atqui
932 2196 1094 2237 probabile
1112 2200 1173 2237 est,
1191 2196 1369 2238 sapientem
1385 2197 1483 2227 virum
1508 2208 1627 2239 nequa-

161 2258 255 2288 quam
270 2249 390 2289 nugari.
411 2259 635 2291 prosequamur
649 2250 753 2292 igitur.
797 2250 850 2282 An
866 2261 930 2281 non
945 2260 1030 2292 saepe
1043 2250 1139 2281 flante
1150 2254 1243 2281 vento
1258 2250 1382 2288 eodem,
1395 2250 1473 2282 alter
1488 2258 1627 2283 nostrum

162 2301 252 2343 riget,
268 2302 345 2333 alter
357 2302 505 2334 minime?
530 2308 562 2334 et
586 2314 667 2335 unus
681 2305 809 2346 quidem
831 2304 893 2341 vix,
919 2304 998 2335 alius
1014 2303 1238 2335 vehementer?
1280 2303 1368 2337 Tun.
1390 2304 1505 2335 Procul
1519 2305 1628 2338 dubio,

159 2356 218 2388 So.
242 2355 353 2387 Utrum
367 2356 508 2388 dicemus
524 2362 600 2389 tunc
615 2364 743 2390 ventum
761 2359 862 2401 ipsum
878 2359 911 2389 in
927 2358 1031 2400 seipso
1050 2357 1198 2399 frigidum
1222 2362 1278 2388 aut
1300 2368 1365 2388 non
1380 2357 1549 2399 frigidum?
1573 2364 1628 2389 aut

162 2411 341 2452 Protagorae
356 2413 529 2449 credemus,
545 2412 630 2454 quod
647 2413 758 2455 rigenti
774 2413 814 2445 sit
834 2413 981 2454 frigidus,
995 2423 1061 2444 non
1082 2411 1198 2453 rigenti
1218 2412 1345 2443 minime
1359 2413 1370 2444 ?
1415 2413 1503 2445 Tim.
1529 2412 1628 2444 vide-

163 2469 224 2497 tur.
269 2464 324 2497 So.
345 2464 556 2507 Nunquidita
572 2466 693 2508 utrique
717 2467 871 2509 apparet?
916 2466 1004 2497 Tur..
1025 2466 1087 2497 Ita.
1132 2466 1190 2497 So.
1212 2466 1375 2513 Apparere
1391 2472 1494 2498 autem
1514 2468 1628 2499 sentire

162 2518 235 2548 est?
279 2517 366 2549 Tne.
388 2519 456 2550 Est.
501 2519 557 2551 So.
581 2520 752 2552 Phantasia
775 2521 882 2563 itaque
903 2525 936 2552 et
958 2530 1066 2552 sensus
1086 2520 1170 2551 idem
1189 2522 1222 2551 in
1246 2520 1358 2552 calidis
1373 2522 1547 2563 ceterisque
1569 2522 1628 2552 hu-

159 2570 311 2611 jusmodi.
335 2571 440 2612 qualia
453 2581 588 2613 namque
603 2573 699 2604 sentit
714 2564 860 2615 quisque,
876 2573 951 2604 talia
963 2573 1077 2615 cuique
1089 2574 1235 2604 videntur
1249 2584 1328 2606 esse.
1371 2574 1458 2606 Tne.
1480 2575 1627 2608 Videtur.

162 2625 221 2671 So.
243 2625 359 2655 Sensus
384 2625 477 2666 igitur
503 2626 663 2658 existentis
687 2628 730 2660 rei
758 2639 880 2670 semper
905 2633 953 2659 est
982 2633 1014 2659 et
1037 2638 1139 2665 verus,
1166 2628 1287 2670 quippe
1311 2639 1383 2660 cum
1405 2630 1546 2661 scientia
1575 2631 1627 2662 sit.

161 2678 251 2709 Tun.
274 2677 430 2720 Apparet.
475 2679 532 2711 So.
556 2679 683 2722 Nonne,
707 2693 761 2723 per
782 2681 959 2713 Gratiarum
986 2682 1126 2718 numina,
1142 2682 1267 2724 egregie
1292 2682 1416 2725 sapiens
1439 2684 1627 2725 Protagoras

166 2732 251 2763 erat?
275 2737 307 2763 et
322 2733 381 2763 hoc
393 2732 483 2764 nobis
498 2733 699 2775 aenigmatum
716 2736 806 2766 turba
819 2735 1010 2777 significavit
1022 2746 1031 2775 ;
1054 2735 1217 2777 discipulis
1232 2741 1336 2767 autem
1347 2737 1379 2769 in
1394 2737 1500 2779 adytis
1515 2738 1626 2769 verita-

164 2790 226 2816 tem
241 2785 403 2827 explicuit.
447 2786 533 2818 ΤΗΕ.
558 2787 631 2824 Quo
648 2793 740 2830 pacto
756 2790 802 2830 id,
816 2800 836 2820 o
851 2789 1006 2827 Socrates,
1021 2789 1148 2831 inquis?
1195 2789 1252 2821 So.
1274 2789 1400 2826 Dicam,
1416 2801 1475 2822 nec
1487 2796 1630 2822 contem-

164 2839 270 2870 nenda
296 2838 443 2880 quidem:
467 2841 552 2882 quod
577 2841 655 2872 nihil
681 2842 714 2872 in
735 2843 838 2884 seipso
857 2854 955 2874 unum
979 2849 1096 2875 certum
1122 2848 1169 2875 est
1177 2854 1187 2882 ;
1209 2854 1313 2886 neque
1325 2848 1409 2876 recte
1424 2844 1525 2886 ipsum
1541 2855 1579 2875 ex
1594 2854 1628 2875 se

165 2893 226 2923 boc
240 2893 390 2934 quiddam
405 2899 460 2925 aut
475 2893 567 2936 quale
584 2895 660 2936 quid
676 2896 877 2928 denominare
891 2902 993 2939 potes.
1016 2897 1131 2928 etenim
1147 2897 1171 2928 si
1187 2908 1335 2940 magnum
1357 2898 1510 2939 appellas,
1526 2908 1627 2928 rursus

164 2956 294 2987 parvum
310 2947 403 2978 etiam
419 2953 547 2990 apparet
563 2959 571 2980 ε
596 2954 628 2980 et
652 2949 678 2980 si
701 2961 806 2991 grave,
831 2951 899 2982 leve
921 2951 1044 2982 iterum.
1065 2952 1238 2994 eademque
1254 2952 1294 2982 de
1309 2951 1419 2983 ceteris
1434 2951 1522 2986 ratio,
1539 2949 1629 2991 quasi

161 2999 244 3033 nihil
259 2999 300 3032 sit
315 3012 411 3034 unum
428 3006 482 3034 aut
504 3003 624 3047 aliquid
646 3009 700 3036 aut
722 3005 827 3047 quale.
851 3005 906 3038 scd
931 3017 968 3038 ex
993 3002 1109 3038 latione
1134 3010 1283 3048 motuque
1299 3010 1331 3037 et
1345 3005 1463 3037 alterna
1478 3003 1628 3037 commix-
