1846 3268
133 321 230 375 2'85]
662 317 1058 361 EUTHYDEMUS.
1519 323 1600 361 295

134 431 274 462 turbatus
290 440 381 462 sum:
404 433 435 459 et
450 428 511 460 ille·
525 438 574 458 me
591 427 746 458 turbatum
772 419 1033 465 animadvertens,
1057 421 1229 467 Quoniam,
1255 426 1372 468 inquit,
1398 427 1490 459 vultis
1512 428 1598 470 quod

138 494 222 515 nunc
237 489 296 520 est,
322 494 385 514 non
401 482 535 524 amplius
549 492 638 513 esse:
662 481 769 518 vultis,
791 486 826 511 ut
840 482 973 518 videtur,
996 482 1080 512 hunc
1096 481 1232 513 interire.
1277 481 1322 513 At
1337 492 1408 513 vero
1424 492 1517 523 quam
1532 482 1596 514 cari

136 538 274 570 habendi
287 542 360 569 sunt
373 536 467 578 hujus
483 536 603 577 generis
618 536 666 566 vel
691 535 783 566 amici
804 536 854 566 vel
871 540 1035 572 amatores,
1058 536 1112 577 qui
1128 540 1247 567 amatos
1275 536 1358 566 omni
1381 546 1454 567 cura
1468 536 1600 578 perdere

137 592 276 623 student.
319 591 398 622 Haec
425 591 554 621 audiens
579 589 759 631 Ctesippus,
782 590 876 620 amati
898 590 996 631 gratia
1013 590 1144 630 graviter
1169 590 1262 621 tulit:
1285 594 1319 621 et
1345 590 1539 631 indignatus,
1569 590 1599 621 Ο

138 646 276 687 Hospes,
289 644 406 687 inquit,
419 644 547 686 Thurie‚
562 643 622 674 nisi
639 643 723 674 dictu
741 643 884 675 rusticius
897 649 990 680 esset,
1000 643 1146 674 dixissem
1162 644 1270 685 utique
1281 644 1337 675 tibi
1349 643 1384 674 in
1393 650 1503 685 caput,
1514 645 1601 686 quod

137 700 282 730 adversus
297 709 345 729 me
361 703 392 729 et
406 698 484 728 alios
498 697 636 728 mentiris
661 698 721 728 hac
745 697 776 727 in
799 708 843 734 re,
866 708 960 739 quam
986 697 1034 728 vel
1050 698 1136 728 dictu
1163 697 1312 728 nefariam
1327 699 1422 734 duco,
1438 698 1524 739 quod
1540 709 1600 739 ego

136 754 220 784 hunc
235 754 332 795 perire
355 752 457 784 velim.
502 751 564 783 Hic
579 751 801 793 Euthydemus
827 753 866 782 ad
882 752 1069 793 Ctesippum
1094 761 1261 783 conversus
1278 751 1333 788 ait,
1348 751 1526 783 Videturne
1541 753 1600 784 tibi

137 806 202 838 fieri
217 817 321 849 posse,
335 812 370 837 ut
385 806 496 848 aliquis
512 804 702 836 mentiatur?
748 804 810 836 Per
823 805 948 844 Jovem,
966 805 1082 846 inquit,
1099 804 1157 835 nisi
1175 805 1252 835 forte
1267 804 1403 838 insanio.
1446 805 1511 842 Qui
1528 817 1600 838 vero

136 860 297 901 mentitur,
309 865 411 891 utrum
427 871 489 891 rem
506 859 603 900 ipsam
620 859 659 889 de
675 869 736 899 qua
752 869 851 890 sermo
867 863 914 889 est
927 857 1016 895 dicit,
1032 868 1072 888 an
1085 868 1147 888 non
1163 858 1264 889 dicit?
1309 858 1477 895 Dicit,ait.
1502 859 1600 902 [284]

139 914 172 946 Si
197 925 258 946 rem
285 915 383 956 ipsam
412 914 501 950 dicit,
526 914 609 944 haud
636 913 722 944 aliud
748 913 916 954 quicquam
943 912 1020 943 dicit
1044 916 1154 954 praeter
1168 912 1198 943 id
1217 912 1303 954 quod
1319 912 1408 944 dicit.
1453 914 1601 951 Quonam

136 973 230 1010 pacto
252 968 342 1000 aliter
366 968 433 999 fieri
456 968 585 1010 posset?
618 968 788 1009 Ctesippus
811 967 866 1000 ait.
911 966 1068 1008 Nunquid
1094 977 1158 997 una
1187 967 1331 1008 quaedam
1354 977 1401 998 res
1423 972 1482 1002 est.
1505 977 1600 1009 quam

138 1022 228 1063 dicit,
242 1023 282 1054 ab
297 1022 367 1053 aliis
383 1022 528 1053 diversa?
575 1021 714 1053 Prorsus.
758 1021 875 1052 Nonne
890 1021 943 1062 qui
958 1020 1042 1051 illam
1055 1020 1144 1057 dicit,
1161 1020 1191 1051 id
1208 1021 1292 1062 quod
1305 1026 1354 1051 est
1367 1021 1505 1062 profert?
1538 1022 1601 1055 Ita.

138 1076 305 1108 Enimvero
318 1110 322 1112 ,
334 1076 514 1118 qiiicunque
541 1076 626 1117 quod
656 1082 703 1107 est
732 1086 841 1117 quaeve
871 1079 944 1106 sunt
972 1074 1060 1112 dicit,
1090 1084 1162 1106 vera
1188 1075 1335 1116 loquitur.
1389 1075 1601 1112 Quamobrem

139 1129 392 1171 Dionysodorus,
416 1129 443 1159 si
468 1139 538 1170 quae
563 1134 635 1159 sunt
662 1129 751 1165 dicit,
782 1138 854 1159 vera
883 1128 1045 1170 praedicat,
1075 1138 1177 1169 neque
1203 1129 1371 1170 quicquam
1402 1130 1548 1161 adversus
1573 1135 1604 1162 te

141 1184 300 1216 mentitur.
346 1183 406 1220 Ita,
422 1182 525 1223 inquit
540 1182 722 1224 Ctesippus.
767 1183 884 1214 Verum
910 1183 964 1224 qui
979 1182 1046 1213 haec
1060 1182 1208 1223 loquitur,
1224 1193 1242 1212 o
1258 1182 1473 1223 Euthydeme,
1489 1194 1552 1214 non
1565 1194 1605 1215 ea

139 1247 211 1279 quae
236 1241 308 1268 sunt
334 1236 423 1268 dicit.
467 1235 522 1267 Ad
546 1247 638 1278 quem
662 1236 904 1278 Euthydemus:
929 1235 1003 1266 Non
1030 1236 1196 1266 existentia
1221 1240 1283 1266 non
1304 1237 1400 1266 sunt?
1448 1236 1532 1275 Non,
1548 1239 1606 1276 ait,

140 1291 303 1333 Nusquam
329 1301 414 1333 vero,
438 1301 508 1331 quae
534 1301 598 1322 non
625 1295 709 1328 sunt,
734 1290 897 1321 existentia
923 1290 1018 1320 sunt?
1063 1289 1239 1332 Nusquam.
1283 1289 1405 1321 Fierine
1430 1296 1545 1331 potest,
1569 1297 1603 1322 ut

138 1345 251 1386 aliquis
266 1345 344 1376 circa
361 1355 409 1381 ea,
426 1355 495 1386 quae
512 1355 573 1374 non
591 1350 674 1381 sunt,
690 1344 858 1386 quicquam
881 1349 964 1384 agat,
981 1348 1016 1374 ut
1030 1343 1084 1374 illa
1106 1343 1204 1374 faciat
1218 1343 1332 1384 aliquis
1347 1343 1514 1377 existentia
1528 1355 1605 1376 nus-

141 1399 258 1440 quam?
303 1397 509 1439 Nequaquam
528 1397 600 1428 milri
617 1398 750 1434 videtur,
768 1397 938 1438 Ctesippus
954 1397 1008 1429 ait.
1056 1397 1135 1428 Cum
1152 1397 1287 1428 rhetores
1303 1398 1341 1428 ad
1358 1398 1512 1439 populum
1527 1409 1604 1430 con-

140 1453 315 1489 cionantur,
330 1452 449 1482 nihilne
466 1452 587 1493 agunt?
634 1452 742 1493 Agunt
763 1451 892 1493 aliquid.
939 1451 973 1482 Si
997 1456 1105 1492 agunt,
1122 1462 1195 1492 ergo
1211 1457 1243 1482 et
1259 1450 1403 1483 faciunt?
1447 1452 1603 1493 Sequitur.

139 1506 222 1548 Ergo
246 1506 348 1547 ipsum
373 1506 487 1543 dicere,
511 1516 602 1548 agere
617 1512 665 1537 est
682 1510 714 1537 et
729 1506 841 1537 facere.
887 1506 1066 1538 Consensit.
1110 1505 1226 1536 Nullus
1241 1505 1338 1547 igitur
1359 1517 1422 1536 non
1439 1506 1604 1538 existentia

139 1559 219 1591 dicit
233 1571 240 1590 z
263 1560 528 1601 faceret,namque
544 1560 674 1602 aliquid.
699 1566 732 1591 tu
749 1571 821 1591 vero
837 1560 998 1591 confessus
1012 1571 1044 1591 es
1059 1559 1254 1601 impossibile
1270 1570 1348 1600 esse,
1359 1566 1394 1590 ut
1409 1560 1524 1602 aliquis
1539 1572 1604 1592 non

139 1613 301 1645 existentia
325 1613 430 1644 faciat.
474 1613 675 1655 Quapropter
698 1615 869 1645 secundum
901 1614 1072 1644 orationem
1105 1619 1188 1645 tuam
1216 1613 1293 1644 falsa
1323 1613 1428 1644 nullus
1457 1614 1604 1656 loquitur.

137 1667 234 1698 immo
244 1667 316 1698 vero
327 1668 351 1698 si
366 1667 502 1708 loquitur
515 1667 772 1710 Dionysodorus,
787 1678 858 1699 vera
868 1675 900 1698 et
911 1668 1077 1699 existentia
1088 1668 1235 1709 loquitur.
1259 1667 1310 1698 Sic
1320 1671 1379 1703 est,
1390 1667 1436 1698 Eu
1442 1669 1603 1710 thydeme,

138 1721 305 1762 Ctesippus
317 1721 370 1751 ait.
386 1730 457 1751 nam
469 1721 632 1752 existentia
644 1721 770 1762 quidem
781 1722 1013 1763 quodammodo
1025 1721 1116 1758 dicit,
1131 1731 1193 1751 non
1206 1726 1308 1752 tamen
1321 1722 1366 1752 ite
1376 1726 1411 1752 ut
1426 1733 1458 1752 se
1474 1722 1602 1760 habent,

136 1774 225 1807 dicit.
260 1774 323 1811 Qui
338 1784 408 1805 vero
423 1773 504 1805 istuc
520 1775 576 1812 ais,
594 1774 771 1816 Ctesippe?
796 1775 1036 1816 D10nysodorus
1050 1773 1166 1816 inquit.
1189 1775 1322 1812 Suntne,
1339 1776 1393 1817 qui
1409 1786 1454 1806 res
1470 1776 1552 1817 ipsas
1566 1781 1603 1807 ut

137 1828 254 1859 habent
269 1838 301 1859 se
317 1828 449 1859 dicant?
495 1828 575 1859 Sunt
597 1832 691 1865 certe.
716 1829 877 1870 respondit
899 1829 966 1866 ille,
993 1829 1047 1859 viri
1067 1828 1150 1865 boni,
1177 1829 1316 1870 praeclari
1343 1834 1438 1870 atquc
1463 1829 1604 1861 veridici.

140 1881 225 1919 Quid
243 1882 358 1923 porro?
382 1882 582 1924 interrogavit
607 1882 695 1920 alter,
719 1883 802 1914 bona
825 1893 929 1914 nonne
953 1883 1033 1914 bene
1057 1893 1091 1913 se
1114 1883 1255 1913 habent?
1279 1882 1359 1913 mala
1374 1887 1482 1914 contra
1497 1883 1602 1914 male?

137 1934 295 1966 Probavit.
339 1936 446 1967 Bonos
461 1942 564 1968 autem
580 1942 612 1967 et
626 1937 787 1978 praeclaros
804 1938 946 1967 homines
967 1936 1123 1968 confiteris
1139 1947 1186 1968 res
1201 1937 1283 1978 ipsas
1306 1937 1362 1975 sic,
1379 1942 1412 1967 ut
1427 1947 1459 1968 se
1476 1938 1602 1974 habent,

134 1988 269 2031 eloqui?
314 1989 484 2022 Confiteor.
529 1990 611 2031 Ergo
637 1990 710 2021 boni
728 1990 793 2027 viri,
818 2002 836 2021 o
852 1990 1017 2032 Ctesippe,
1042 1991 1122 2022 male
1146 1990 1226 2021 mala
1241 1991 1363 2032 dieunt,
1379 1991 1542 2033 siquidem,
1569 1997 1605 2023 ut

137 2047 222 2080 sunt,
238 2044 418 2075 enuntiant.
463 2044 602 2075 Maxime
619 2054 674 2085 per
688 2044 812 2082 Jovem,
828 2050 859 2076 et
876 2045 973 2075 malos
988 2045 1129 2076 homines
1151 2045 1230 2076 male
1245 2055 1252 2076 ε
1276 2055 1314 2075 ex
1329 2055 1459 2087 quorum
1477 2056 1604 2077 nurnero

137 2101 178 2128 ne
206 2097 259 2133 sis,
283 2097 353 2138 ipse
377 2097 515 2135 cavebis,
542 2098 567 2128 si
592 2098 668 2128 milri
695 2099 814 2135 credes,
841 2108 880 2129 ne
905 2098 979 2129 boni
1004 2098 1061 2129 viri
1086 2099 1167 2130 male
1189 2099 1230 2130 de
1245 2104 1276 2130 te
1291 2099 1467 2141 loquantur.
1512 2099 1604 2131 Tunc

138 2150 356 2194 Euthydemus
371 2150 500 2193 adjecit,
517 2151 669 2193 Nunquid
688 2152 732 2182 illi
748 2156 780 2182 et
795 2162 923 2192 magnos
939 2162 1051 2194 magne
1062 2157 1095 2183 et
1106 2152 1224 2184 calidos
1237 2152 1339 2183 calide
1353 2153 1364 2183 ?
1388 2153 1605 2195 Summopere,

137 2204 300 2247 respondit
324 2205 503 2247 Ctesippus.
527 2210 559 2236 et
582 2206 710 2246 frigidos
733 2206 844 2247 frigide
866 2206 988 2242 dicunt,
1014 2206 1165 2247 aiuntque
1180 2205 1331 2237 disserere
1344 2206 1468 2247 frigide.
1511 2206 1602 2239 Tunc

137 2257 392 2300 Dionysodorus,
403 2258 601 2295 Convitiaris,
615 2259 777 2301 Ctesippe,
790 2260 846 2298 ait,
858 2259 1053 2291 convitiaris.
1066 2259 1140 2290 Non
1154 2270 1209 2300 per
1219 2259 1239 2291 J
1242 2270 1345 2300 ovem,
1358 2259 1602 2302 Dionysodore:

135 2322 209 2343 nam
225 2317 256 2343 te
271 2312 381 2354 diligo,
394 2312 489 2344 immo
505 2323 577 2344 vero
593 2314 691 2345 amice
708 2319 738 2344 te
763 2324 888 2350 moneo,
912 2318 945 2344 et
968 2314 1153 2355 persuadere
1175 2314 1347 2351 contendo,
1370 2323 1530 2355 nunquam
1553 2324 1603 2346 me

138 2375 241 2396 coram
270 2376 367 2407 usquc
393 2366 473 2397 adeo
501 2367 652 2403 mordere,
676 2372 711 2398 ut
734 2367 831 2409 [285]
857 2367 942 2398 dicas
964 2367 1046 2398 velle
1068 2377 1118 2398 me
1142 2367 1199 2398 hos
1222 2368 1322 2409 perdi,
1338 2377 1417 2409 quos
1432 2368 1605 2399 carissimos

137 2418 250 2451 habeo.
273 2418 342 2459 Ego
358 2425 463 2450 autem
478 2429 549 2450 cum
566 2419 636 2451 illos
651 2420 759 2450 irritari
770 2419 836 2461 jam
853 2421 986 2451 invicem
1002 2420 1112 2451 acriter
1126 2421 1428 2462 persentirem‚¹cum
1451 2421 1604 2464 Ctesippo

131 2470 260 2512 jocatus
275 2471 413 2513 inquam.
424 2472 532 2510 ‚Decet
546 2483 614 2514 nos,
631 2474 794 2516 Ctesippe,
815 2479 852 2504 ut
868 2474 943 2505 mihi
959 2475 1092 2511 videtur,
1108 2475 1147 2505 ab
1174 2475 1220 2505 his
1234 2475 1409 2516 hospitibus
1432 2485 1503 2517 quae
1526 2477 1604 2507 dant

135 2525 290 2566 accipere,
305 2525 330 2556 si
346 2526 439 2556 modo
455 2526 611 2567 impartire
634 2528 800 2569 quicquam
827 2528 934 2565 velint,
952 2539 1054 2570 neque
1078 2529 1254 2559 nominibus
1276 2529 1428 2562 altercari.
1471 2529 1554 2561 Nam
1578 2530 1604 2561 si

135 2578 178 2609 ita
211 2579 338 2619 perdere
368 2579 470 2612 sciunt
499 2581 650 2617 homines,
679 2586 716 2612 ut
740 2593 758 2612 e
786 2582 874 2613 malis
900 2587 933 2613 et
957 2583 1208 2623 imprudentibus
1235 2583 1349 2624 probos
1373 2584 1603 2626 prudentesque

137 2632 285 2668 efficiant,
302 2633 367 2664 sive
383 2632 444 2674 ipsi
461 2634 643 2674 perditionis
657 2635 726 2665 talis
742 2635 918 2667 inventores
943 2637 1114 2672 extiterint,
1132 2647 1184 2667 seu
1201 2637 1241 2667 ab
1258 2636 1318 2667 alio
1333 2638 1470 2678 quodam
1485 2637 1603 2670 didice-

138 2686 213 2725 rint,
228 2691 264 2717 ut
274 2685 334 2727 ’pro
351 2686 433 2716 malo
450 2687 576 2718 homine
599 2688 715 2718 bonum
732 2689 897 2720 restituant
911 2700 919 2720 :
943 2695 1033 2731 patet
1048 2695 1152 2721 autem
1168 2700 1223 2721 eos
1237 2690 1315 2722 scire
1329 2702 1336 2721 :
1361 2690 1505 2722 dixerunt
1519 2692 1602 2722 enim

141 2745 237 2771 artem
254 2750 356 2781 nuper
369 2740 427 2771 sibi
444 2746 646 2782 compertam,
669 2753 730 2783 qua
747 2743 845 2773 bonos
861 2754 898 2774 ex
914 2743 1001 2774 malis
1017 2744 1157 2774 homines
1173 2743 1311 2775 saciant:
1335 2744 1448 2784 si-hoc,
1462 2745 1603 2786 inquam,

139 2794 242 2825 sciunt
259 2804 269 2834 ;
290 2794 503 2835 permittamus
520 2795 641 2836 utique,
661 2801 697 2826 nt
711 2796 756 2827 sic
773 2797 1041 2828 adolescentulum
1062 2798 1206 2839 perdant,
1220 2798 1314 2828 modo
1329 2797 1465 2829 efficiant
1478 2798 1602 2838 sapien-

140 2852 203 2878 tem
217 2859 226 2878 :
251 2848 346 2878 immo
372 2848 466 2878 etiam
492 2858 549 2879 nos
574 2848 658 2890 ipsos
684 2849 744 2880 illis
768 2850 811 2880 ita
837 2851 992 2882 curandos
1015 2851 1185 2883 tradamus.
1227 2852 1325 2889 Quod
1351 2851 1375 2882 si
1397 2861 1451 2882 vos
1462 2850 1603 2891 juniores

139 2901 358 2939 reformidatis,
375 2912 434 2943 ego
450 2907 546 2939 certe,
562 2902 647 2933 velut
661 2903 868 2935 homunculus
884 2904 1011 2946 quidam
1027 2915 1064 2936 ex
1085 2905 1188 2941 Caria,
1208 2905 1374 2936 discrimen
1390 2905 1449 2935 hoe
1466 2905 1604 2938 subeam.

139 2954 238 2985 levius
254 2955 336 2986 enim
352 2956 386 2986 in
408 2966 470 2993 me,
492 2961 603 2997 utpote
626 2957 759 2994 seniore,
783 2957 961 2990 discrimen.
985 2968 1034 2988 me
1056 2957 1150 3000 igitur
1173 2957 1398 3000 Dionysodoro
1413 2957 1486 2988 huic
1509 2958 1606 2998 dedo,

137 3007 229 3050 quasi
246 3007 371 3041 Medeae
387 3019 424 3041 ex
442 3010 580 3048 Colchis,
597 3015 630 3041 ut
646 3021 695 3043 me
717 3011 878 3049 dissolvet,
901 3017 935 3046 et,
958 3011 984 3043 si
999 3012 1074 3044 velit
1087 3012 1192 3050 clixct,
1209 3012 1257 3044 vel
1281 3012 1494 3054 quodcunque
1513 3009 1600 3045 aliud
