1832 3256
173 244 273 298 258]
772 239 1061 282 PHAEDRUS.
1585 244 1632 283 17

171 358 237 391 quo
249 347 376 390 quidem
390 345 510 379 nullum
525 343 722 388 praestantius
737 342 867 382 bouum,
886 347 942 374 aut
962 343 1099 374 humana
1112 341 1329 385 temperantia,
1345 348 1400 375 aut
1413 342 1636 386 divinusturor

171 401 349 433 hominibus
372 400 480 433 afferre
506 402 621 441 potest.
664 398 761 436 Quod
789 397 815 428 si
839 396 1103 439 impudentiorem
1122 396 1279 438 quandam
1298 396 1404 434 vitam,
1427 398 1636 441 philosophia

170 460 340 497 expertem,
354 453 492 496 alioquin
515 452 710 484 ambitiosam
735 451 835 483 secuti
861 451 935 488 siut,
959 451 1039 483 sorte
1061 450 1096 482 in
1121 450 1270 483 ebrietate
1284 456 1340 483 aut
1353 450 1415 483 alia
1430 452 1538 492 quavis
1553 452 1636 485 desi,

168 508 259 540 diosa
281 508 408 540 licentia
429 506 627 550 intemperati
650 506 771 539 illorum
798 504 872 546 equi
893 503 1036 537 incautas
1061 504 1179 536 animas
1193 504 1356 541 invadunt,
1371 515 1486 546 easque
1500 505 1533 537 in
1549 505 1634 539 idem

167 561 381 595 conducentes
402 561 482 593 illud
505 558 727 592 oblectamenti
743 568 853 600 genus,
869 558 979 589 sectari
992 557 1199 599 compellunt,
1213 558 1300 599 quod
1312 557 1407 599 vulgo
1423 558 1634 591 beatissimum

164 613 326 655 judicatur
339 626 349 647 ι
380 614 477 657 inque
505 613 576 655 ejus
602 612 750 644 desiderii
777 611 957 653 expletione
982 621 1209 652 nonnunquam
1233 610 1348 642 deinde
1377 616 1544 643 versantur.
1574 613 1636 645 hac

168 671 272 700 tamen
285 667 404 700 idcirco
420 677 487 699 raro
503 671 643 704 utuntur,
658 665 734 707 quia
747 675 810 696 non
827 664 927 696 omnis
941 664 975 696 in
990 665 1050 697 hoc
1064 664 1222 696 consentit
1236 664 1332 695 animi
1346 664 1506 706 cogitatio.
1526 665 1636 698 Amici

167 731 241 763 ergo
263 725 297 752 et
317 721 379 761 isti,
401 721 475 752 licet
496 720 611 757 minus,
634 730 728 762 quam
752 719 800 750 illi
826 717 1013 761 superiores,
1029 723 1096 750 tum
1109 718 1248 750 fervente
1263 728 1379 759 amore,
1393 724 1458 750 tum
1473 718 1635 762 restincto,

167 774 299 817 degunt,
312 774 407 806 fidem
421 774 482 807 sibi
497 773 630 805 invicem
646 773 848 804 firmissimam
864 778 897 804 et
906 772 1042 810 dedisse,
1053 776 1086 804 et
1101 772 1261 814 accepisse
1271 776 1429 813 putantes.
1450 772 1538 803 nefas
1547 773 1634 804 enim

166 837 235 860 esse
249 828 369 860 ducunt
382 827 476 859 fidem
490 827 643 869 frangere,
659 832 692 858 et
706 825 850 858 inimicos
865 826 1056 868 quandoque
1070 836 1109 857 ex
1120 825 1229 857 amicis
1244 826 1386 858 evadere.
1408 826 1548 866 demum,
1559 836 1633 859 cum

167 885 286 914 naturas
301 881 346 913 sic
360 880 582 922 concesserint,
597 879 705 912 affecti
726 881 855 922 abeunt,
876 884 911 911 ut
932 879 1008 913 alati
1029 879 1156 922 quidem
1177 880 1318 911 nondum
1340 880 1413 917 sint,
1437 880 1494 911 sed
1515 890 1636 921 pennas

167 933 310 969 emittere
324 934 555 977 quodammodo
570 933 722 976 coeperint
735 945 743 965 ε
759 934 959 976 quamobrem
976 933 1137 975 praemium
1153 933 1294 965 amatorii
1303 933 1414 965 suroris
1428 944 1493 964 non
1505 943 1635 975 parvum

167 993 339 1030 reportant.
381 999 453 1021 nam
468 988 500 1020 in
516 989 659 1020 tenebras
674 987 842 1030 locumque
855 988 914 1019 sub
929 993 1040 1019 terram
1055 987 1245 1019 descendere
1259 987 1342 1028 illos,
1357 987 1412 1028 qui
1423 986 1489 1028 jam
1503 987 1561 1018 iter
1576 987 1634 1026 sub

167 1041 254 1074 coelis
268 1052 359 1084 agere
373 1047 543 1084 coeperant,
559 1042 607 1074 lex
623 1042 788 1084 prohibet:
803 1042 859 1073 sed
875 1042 989 1074 claram
1003 1041 1098 1073 vitam
1114 1046 1242 1083 agentes
1252 1041 1361 1072 beatos
1373 1041 1439 1072 fieri
1446 1040 1635 1082 jubet‚dum

170 1105 234 1126 uua
249 1101 394 1138 pergunt,
408 1100 440 1127 et
454 1095 545 1127 simul
559 1095 624 1127 alas
637 1096 796 1128 emittunt.
841 1095 949 1138 Atque
963 1096 1030 1127 baec
1046 1095 1158 1126 amoris
1173 1095 1273 1137 gratia
1285 1094 1376 1126 fiunt.
1418 1094 1480 1125 Tot
1494 1094 1588 1136 igitur
1599 1105 1638 1127 au

169 1147 257 1190 talia,
270 1159 289 1180 o
305 1159 394 1191 puer,
409 1154 535 1191 tamque
557 1149 678 1191 divina,
694 1149 838 1181 amatoris
863 1149 920 1180 tibi
943 1149 1078 1181 amicitia
1091 1149 1242 1181 conferet.
1285 1148 1354 1189 ejus
1373 1152 1490 1189 autem,
1504 1149 1559 1190 qui
1573 1159 1638 1180 non

169 1206 265 1238 amat.
290 1202 490 1241 familiaritas,
505 1203 719 1246 temperantiae
735 1202 858 1235 mortali
880 1202 1063 1244 conjuncta,
1077 1202 1321 1244 mortalibusque
1334 1208 1368 1234 et
1383 1202 1513 1234 exilibus
1530 1202 1638 1240 minis-

169 1255 252 1286 teriis
262 1255 381 1296 dedita,
391 1255 633 1289 illiberalitatem
640 1256 740 1293 illam,
752 1265 823 1296 quae
834 1255 929 1296 vulgo
941 1255 1037 1287 virtus
1047 1255 1189 1292 habetur,
1203 1255 1299 1298 [25⁷]
1308 1254 1340 1286 in
1350 1256 1466 1287 sodalis
1474 1255 1523 1288 sui
1529 1256 1636 1288 animo

170 1308 344 1350 generabit,
353 1308 541 1352 efficietque,
558 1315 593 1342 ut
606 1320 719 1342 novem
743 1319 894 1341 annorum
916 1309 1014 1340 millia
1036 1320 1130 1351 super
1152 1314 1274 1347 terram,
1289 1314 1323 1340 et
1337 1310 1395 1340 sub
1412 1314 1492 1342 terra
1506 1311 1636 1342 demens

169 1366 315 1404 pererret.
335 1361 428 1396 Hanc
436 1364 506 1405 tibi,
521 1375 540 1396 ο
551 1364 667 1396 dilecte
676 1363 787 1401 Amor,
799 1373 893 1406 quam
905 1363 1115 1405 pulcherrime
1131 1363 1314 1406 optimeque
1325 1362 1491 1405 valuimus,
1500 1363 1635 1405 poeticis

170 1419 236 1446 tum
247 1416 358 1454 verbis,
371 1421 437 1450 tum
449 1417 567 1460 figuris,
580 1418 720 1460 impulsu
735 1417 861 1450 Phaedri
872 1417 1064 1460 palinodiam
1082 1417 1269 1451 cecinimus.
1293 1417 1323 1455 Q
1331 1427 1403 1449 uare
1415 1422 1449 1449 et
1457 1422 1530 1449 ante
1543 1417 1638 1450 dictis

169 1467 346 1510 ignoscens,
360 1475 393 1503 et
406 1471 474 1504 haec
490 1477 576 1514 grata
584 1482 603 1503 a
612 1472 701 1504 nobis
713 1471 885 1514 accipiens,
894 1471 1048 1513 benignus
1060 1471 1278 1513 propitiusque
1290 1470 1368 1502 mihi
1377 1470 1538 1508 assistens,
1547 1481 1636 1502 ama-

169 1523 281 1557 teriam
304 1529 412 1562 artem.
435 1525 526 1558 nobis
550 1526 605 1558 abs
629 1530 661 1558 te
688 1535 880 1565 concessam,
903 1535 1007 1567 neque
1019 1525 1140 1557 auferas
1155 1525 1374 1567 indignatione
1397 1524 1516 1566 aliqua,
1530 1533 1637 1566 neque

168 1576 262 1612 etiam
271 1577 403 1610 minuas.
417 1578 495 1619 quin
502 1578 608 1616 etiam,
616 1578 669 1620 da,
676 1582 711 1609 ut
718 1577 815 1619 magis
823 1587 916 1620 quam
925 1588 1023 1616 nunc,
1033 1579 1118 1621 apud
1127 1579 1277 1610 honestos
1287 1578 1319 1609 in
1329 1578 1430 1620 pretio
1439 1578 1509 1610 sim.
1523 1578 1604 1609 Tum
1612 1577 1639 1609 si

169 1629 247 1671 quid
260 1630 388 1663 nurnine
403 1635 458 1663 tuo
471 1631 635 1673 indignum
650 1641 668 1663 a
682 1631 816 1663 Phaedro
831 1636 864 1662 et
878 1642 898 1663 a
911 1642 962 1663 me
973 1632 1093 1664 dictum
1105 1632 1157 1673 sit,
1168 1631 1294 1673 Lysiam
1308 1631 1529 1672 disputationis
1540 1631 1637 1674 hujus

169 1687 327 1716 auctorem
340 1694 501 1722 accusans,
516 1685 556 1716 ab
570 1684 752 1726 hujusmodi
766 1684 958 1717 sermonibus
972 1684 1121 1716 desistere
1142 1683 1261 1716 facias:
1284 1688 1316 1715 et
1330 1684 1372 1714 ad
1393 1683 1638 1726 philosophiam,

169 1737 433 1778 quemadmodum
447 1737 541 1769 frater
554 1737 623 1778 ejus
639 1737 862 1768 Polemarchus
875 1747 981 1768 versus
994 1742 1055 1774 est,
1066 1738 1113 1768 ita
1126 1737 1213 1768 illum
1229 1741 1389 1774 converte,
1403 1741 1440 1768 ut
1453 1742 1486 1768 et
1499 1738 1550 1769 hic
1566 1737 1637 1780 ejus

169 1794 288 1822 amator
302 1790 452 1823 Phaedrus
466 1790 551 1822 haud
566 1789 710 1831 amplius,
724 1792 762 1819 ut
775 1798 872 1825 nunc,
886 1788 981 1819 modo
993 1789 1055 1820 huc
1071 1790 1166 1820 modo
1181 1788 1256 1820 illuc
1279 1799 1313 1821 se
1335 1790 1509 1828 transferat,
1525 1791 1581 1822 sed
1604 1791 1640 1825 iu

170 1842 282 1874 amoris
296 1843 387 1877 simul
402 1847 435 1875 et
448 1843 608 1885 sapientise
631 1841 735 1874 studio
758 1851 881 1883 prorsus
903 1841 999 1873 vitam
1021 1847 1106 1883 agat.
1149 1841 1244 1874 Pam.
1266 1842 1345 1875 Haec
1366 1853 1426 1884 ego
1448 1854 1588 1886 quoque,
1612 1844 1641 1878 si

169 1900 299 1938 prestat
320 1895 365 1928 ita
379 1897 458 1937 fierI,
470 1907 489 1928 o
502 1896 656 1933 Socrates,
669 1894 774 1927 Deum
788 1905 854 1927 oro.
893 1899 981 1927 tuum
996 1905 1071 1926 vero
1085 1905 1258 1927 sermonem
1274 1895 1342 1937 jam
1356 1897 1477 1938 pridem
1492 1898 1642 1936 admiror,

169 1959 264 1992 quam
278 1951 370 1983 valde
384 1949 573 1992 superiorem
589 1948 750 1981 antecellit
765 1960 772 1980 :
795 1953 832 1980 ut
849 1948 917 1990 jam
932 1959 1050 1987 verear,
1065 1959 1106 1980 ne
1127 1949 1240 1992 Lysias
1255 1949 1333 1981 mihi
1347 1950 1472 1982 humilis
1486 1950 1643 1990 videatur,

169 2003 198 2036 si
211 2004 254 2036 ad
267 2004 351 2036 hunc
365 2003 503 2036 conferre
518 2003 613 2036 alium
628 2004 766 2036 studeat.
787 2002 889 2045 Atqui
910 2013 983 2034 eum
997 2013 1098 2045 nuper
1112 2002 1202 2045 cujus
1217 2003 1386 2046 quispiam,
1401 2014 1420 2035 ο
1435 2004 1483 2036 vir
1496 2005 1640 2044 mirifice,

167 2056 203 2092 in
217 2058 277 2090 hoc
296 2057 365 2099 ipso
380 2057 578 2099 vituperavit,
600 2067 719 2099 perque
741 2061 840 2089 totam
861 2057 1093 2089 accusationem
1115 2058 1292 2089 orationum
1305 2058 1487 2100 scriptorem
1502 2058 1638 2093 vocavit.

145 2145 147 2147 ,
168 2109 248 2144 forte
263 2111 357 2153 igitur
370 2111 495 2143 honoris
509 2121 605 2143 causa
618 2122 638 2143 a
651 2111 883 2153 conscriptione
897 2111 1079 2153 hujusmodi
1093 2111 1275 2144 abstinebit.
1312 2112 1368 2144 So.
1390 2112 1542 2145 Ridicula
1555 2111 1638 2155 haic,

169 2173 190 2198 ο
211 2164 583 2207 adolescens,-sententia
601 2169 670 2197 est:
693 2170 726 2197 et
747 2166 788 2197 ab
811 2164 904 2197 amici
925 2170 1030 2197 mente
1051 2166 1146 2207 longe
1163 2166 1297 2207 abenas,
1313 2166 1340 2198 si
1354 2177 1425 2198 eum
1439 2177 1540 2209 usque
1555 2167 1637 2198 adeo

169 2218 387 2253 meticulostsm
401 2224 504 2261 putas.
546 2219 627 2251 forte
642 2230 714 2251 vero
730 2219 970 2252 obtrectatorem
984 2219 1054 2262 ejus
1069 2219 1227 2252 existimas
1241 2230 1313 2251 vera
1322 2219 1480 2262 judicare,
1494 2231 1565 2263 quae
1580 2220 1639 2252 ob·

164 2269 250 2313 jicit.
294 2272 388 2305 Pina.
408 2272 459 2304 Ita
474 2273 615 2315 profecto
630 2273 730 2305 visum
745 2277 805 2311 est,
821 2284 841 2305 o
856 2274 1020 2306 Socrates:
1043 2284 1148 2317 neque
1163 2279 1194 2306 te
1209 2273 1303 2315 fugit,
1317 2278 1461 2316 potentes
1476 2274 1510 2305 in
1521 2275 1639 2315 repub·

169 2326 232 2358 lica
245 2331 490 2369 praestantesque
512 2327 594 2360 viros
615 2328 713 2360 vereri
735 2328 891 2361 orationes
905 2338 1108 2370 componere,
1134 2337 1304 2370 eorumque
1319 2327 1435 2369 scripta
1450 2327 1640 2369 relinquere,

170 2389 213 2412 ne
226 2379 381 2423 Sophistae
394 2380 489 2415 fuisse
504 2382 635 2423 posteris
649 2380 826 2415 videantur.
871 2381 927 2414 so.
943 2381 1144 2414 Proverhium
1155 2380 1246 2418 illud,
1261 2380 1376 2413 Dulcis
1388 2390 1491 2413 ancon
1503 2380 1526 2413 i.
1540 2392 1570 2414 e.
1584 2391 1641 2413 cu-

171 2432 270 2475 bien,
293 2444 313 2464 ο
336 2433 480 2473 Pbaedre,
506 2439 538 2467 te
563 2435 666 2474 latuit,
693 2446 713 2468 a
737 2436 833 2478 longo
859 2435 979 2474 cubito,
999 2435 1054 2478 qui
1076 2445 1175 2478 prope
1189 2434 1299 2466 Nilum
1314 2438 1372 2471 est,
1387 2435 1518 2466 ductum
1531 2433 1641 2466 fuisse.

171 2496 274 2527 neque
288 2487 321 2519 id
336 2488 448 2529 solum,
464 2489 518 2521 sed
532 2489 610 2522 illud
626 2499 753 2533 quoque
767 2494 799 2522 te
813 2490 907 2532 fugit,
921 2490 1006 2532 quod
1031 2489 1218 2523 excellentes
1233 2489 1403 2531 prudentia
1414 2489 1499 2520 cives
1513 2488 1546 2520 in
1562 2498 1639 2520 cou-

171 2539 341 2572 scribendis
366 2542 602 2586 posteritatique
622 2543 836 2585 relinquendis
862 2543 1055 2575 orationibus
1076 2552 1272 2584 summopere
1294 2542 1446 2584 student:
1469 2541 1524 2583 qui
1540 2551 1640 2584 usque

171 2592 252 2624 adeo
278 2593 452 2626 laudatores
478 2607 603 2628 suorum
627 2608 758 2639 operum
787 2597 938 2639 diligunt,
958 2601 995 2628 ut
1014 2597 1130 2639 primos
1155 2607 1210 2628 eos
1230 2595 1419 2632 adscribant,
1441 2594 1495 2636 qui
1523 2594 1642 2636 scripta

171 2646 288 2689 ubique
304 2646 444 2680 laudent.
467 2649 561 2682 Pnae,
584 2651 752 2689 Quomodo
767 2650 851 2682 istud
868 2651 931 2682 ais?
954 2661 1018 2682 non
1034 2650 1118 2683 enim
1137 2649 1292 2691 intelligo,
1317 2648 1415 2690 [258]
1440 2647 1495 2679 So.
1511 2647 1640 2690 Nescis,

170 2700 256 2741 quod
272 2700 304 2732 in
318 2701 444 2732 exordio
459 2701 540 2739 libri,
555 2713 575 2734 a
587 2703 671 2736 civili
685 2704 749 2736 viro
765 2703 944 2746 compositi,
959 2703 1076 2746 primus
1091 2707 1139 2735 est
1153 2703 1298 2734 laudator
1311 2701 1509 2742 adscriptus?
1541 2701 1638 2733 Pu.

174 2752 247 2804 Quo
263 2754 381 2795 pacto?
426 2755 484 2787 So.
506 2756 649 2789 Probata
671 2761 732 2800 est,
744 2758 859 2800 inquit,
873 2759 1013 2800 ipsorum
1035 2756 1195 2790 sententia
1208 2755 1343 2792 senatui,
1359 2758 1415 2787 aut
1434 2755 1560 2796 populo,
1580 2758 1638 2787 aut

153 2829 157 2840 v
171 2806 334 2848 utrisque.-
354 2812 388 2839 et
401 2807 455 2839 ille
469 2808 525 2846 ait,
540 2809 595 2850 qui
607 2809 647 2840 ab
663 2809 731 2852 illo,
745 2815 778 2842 et
791 2821 862 2853 quae
884 2811 1036 2853 deinceps
1052 2809 1215 2841 ambitiose
1230 2808 1407 2844 nominans,
1422 2806 1637 2847 extollensque

169 2861 334 2892 sententias
363 2865 481 2894 auctor.
524 2862 640 2894 deiude
668 2864 762 2896 etiam
791 2864 871 2897 dicit
899 2873 972 2906 post
998 2865 1080 2902 haec,
1109 2874 1195 2895 suam
1225 2866 1387 2894 ostentans
1424 2859 1638 2891 laudatoribus

171 2912 379 2955 sapientiam:
401 2914 497 2959 idque
519 2926 603 2960 soepe
626 2922 791 2960 postquam
806 2917 955 2960 prolixam
978 2917 1151 2952 orationem
1174 2915 1329 2952 habuerit.
1371 2913 1425 2949 An
1441 2913 1525 2954 aliud
1542 2911 1636 2954 quid·

257 2967 345 3000 Plat.
372 2967 426 3001 Tr.
918 2972 949 3003 Ι.
1527 2965 1555 2997 C
