1846 3268
201 241 295 292 115]
490 258 495 268 ι
821 238 1040 279 PHAEDO‘.
1581 245 1655 283 461

197 342 379 386 injuriarum
395 354 403 374 ι
419 346 462 382 et,
476 351 547 374 cum
558 339 716 384 purificati
726 346 810 382 sunt,
820 342 1021 374 absolvuntur
1036 355 1043 373 :
1061 351 1225 386 rursusque
1236 353 1290 386 pro
1305 344 1416 381 merito
1431 345 1547 388 singuli
1561 347 1659 380 bene-

193 397 346 429 factorum
361 396 486 438 praemia
500 400 669 438 reportant.
703 396 768 435 Qui
777 407 848 427 vero
864 397 905 427 ob
920 395 1069 428 scelerum
1079 396 1323 438 magnitudinem
1335 398 1523 431 insanabiles
1532 411 1600 432 esse
1609 402 1655 432 vi·-

199 450 324 488 dentur,
335 451 390 493 qui
405 450 551 482 videlicet
564 449 726 491 sacrilegia
734 450 831 481 multa
841 454 874 481 et
885 460 999 491 magna
1011 450 1058 481 vel
1071 450 1305 492 caedesiniquas
1316 452 1366 483 vel
1377 452 1439 483 alia
1452 454 1558 485 horum
1569 454 1655 486 simi-

198 504 242 536 lia
256 502 514 547 perpetraverint,
530 504 587 534 hos
603 514 711 535 omnes
725 504 918 536 conveniens
933 514 998 535 sors
1022 504 1132 545 mergit
1158 503 1190 535 in
1209 509 1367 543 tartarum,
1383 506 1468 537 unde
1494 516 1654 549 nunquam

197 558 410 599 egrediuntur,
433 558 499 596 Qui
510 562 613 589 autem
630 557 781 589 sanabilia
793 557 920 599 quidem
935 562 1079 599 peccata,
1093 558 1149 589 sed
1164 558 1304 600 ingentia
1314 559 1544 597 commiserunt,
1554 561 1653 592 veluti

197 611 223 642 si
235 612 289 653 qui
304 618 413 644 contra
427 618 545 654 patrem
562 612 610 643 vel
625 616 751 644 matrem
762 611 832 643 irati
848 621 902 653 per
917 611 979 643 vim
991 610 1110 653 aliquid
1125 611 1268 652 fecerint,
1290 612 1389 655 [114]
1402 614 1456 644 sed
1473 613 1656 654 poenitentia

196 666 285 698 ducti
309 677 363 698 eos
389 666 423 697 in
445 671 548 698 cetera
563 666 627 698 vita
645 666 810 703 coluerint,
824 665 873 697 vel
896 665 951 708 qui
974 665 1066 696 simili
1090 666 1227 707 quodam
1242 671 1336 708 pacto
1349 667 1467 698 fuerint
1481 666 1658 710 homicidae,

197 731 251 751 eos
267 719 301 751 in
314 724 458 752 tartarum
472 721 599 762 quidem
622 730 750 752 necesse
775 724 823 751 est
842 720 954 751 cadere
969 730 976 750 =
999 719 1056 750 sed
1071 719 1115 750 ibi
1131 729 1186 761 per
1198 730 1314 751 annum
1329 721 1510 752 commorati
1525 731 1543 752 a
1557 721 1656 754 fluctu

195 773 375 815 ejiciuntur,
389 774 557 806 homicidae
572 774 698 816 quidem
714 783 770 816 per
792 773 962 815 Cocytum,
979 778 1143 815 parentum
1158 783 1230 806 vero
1246 773 1410 806 violatores
1424 785 1480 816 per
1492 774 1660 817 Pyriphle-

194 828 388 869 gethontem.
434 828 606 870 Postquam
621 838 695 859 vero
710 828 750 859 ab
764 827 811 859 his
825 827 922 859 delati
937 827 1117 859 fluminibus
1146 827 1186 859 ad
1207 827 1354 870 paludem
1370 828 1572 860 Acherusiam
1588 840 1656 871 per-

196 887 360 924 venerunt,
374 883 509 914 clamant
521 882 587 914 illic
601 882 807 924 vocitantque
822 892 890 922 eoS,
904 892 984 924 quos
999 881 1047 913 vel
1061 887 1251 913 necaverunt
1265 882 1314 914 vel
1329 882 1449 924 injuriis
1462 882 1634 914 affecerunt
1646 895 1657 923 ;

153 937 155 941 '
197 936 443 978 suppliciterque
465 941 577 978 rogant
598 941 694 978 atque
716 936 935 977 deprecantur,
952 939 987 965 ut
1011 945 1065 966 eos
1089 935 1268 977 permittant
1282 936 1426 978 progredi
1442 946 1497 978 per
1512 936 1659 978 paludem

195 990 303 1032 ibique
315 990 434 1022 absolvi
449 1002 456 1020 :
482 1001 520 1022 ac
535 990 562 1021 si
576 990 822 1031 impetraverint,
837 993 1004 1030 penetrant
1028 988 1104 1020 illuc
1130 989 1288 1031 finemque
1310 989 1459 1021 malorum
1474 990 1634 1031 accipiunt
1649 1002 1656 1021 z

195 1043 243 1075 sin
260 1043 362 1076 minus
376 1049 493 1086 queant
507 1044 707 1086 persuadere,
721 1043 894 1074 referuntur
907 1042 942 1073 in
957 1047 1103 1073 tartarum
1118 1047 1213 1084 atque
1227 1043 1303 1075 inde
1325 1053 1426 1074 rursus
1451 1043 1484 1075 in
1504 1044 1655 1085 flumina,

195 1107 299 1140 neque
315 1109 371 1140 per
385 1099 451 1131 haec
467 1097 549 1129 mala
572 1097 685 1129 deferri
710 1097 793 1138 prius
816 1101 950 1132 cessant,
965 1106 1058 1138 quam
1083 1097 1122 1128 ab
1146 1097 1207 1134 his,
1223 1107 1302 1139 quos
1327 1097 1501 1129 affecerunt
1525 1098 1660 1140 injuriis,

195 1151 439 1193 impetraverint.
462 1153 530 1183 haee
546 1151 631 1183 euim
645 1161 737 1192 poena
751 1150 814 1181 illis
828 1160 847 1181 a
857 1149 1021 1191 judicibus
1036 1155 1084 1181 est
1098 1150 1255 1192 imposita.
1301 1151 1365 1189 Qui
1387 1156 1491 1183 autem
1516 1151 1568 1193 pie
1593 1162 1657 1194 prae

194 1204 306 1238 ceteris
320 1205 433 1237 vixisse
449 1205 661 1246 inveniuntur,
676 1204 708 1235 hi
724 1208 808 1241 sunt,
823 1203 877 1246 qui
893 1215 930 1236 ex
953 1204 1004 1235 his
1016 1204 1143 1236 terrenis
1158 1204 1248 1246 locis,
1262 1209 1411 1247 tanquam
1426 1215 1444 1237 e
1459 1215 1593 1246 carcere,
1607 1216 1658 1237 so-

197 1259 254 1290 luti
270 1264 365 1302 atque
380 1259 503 1291 liberati
518 1259 559 1290 ad
575 1259 685 1291 altiora
700 1258 937 1296 transcendunt,
953 1268 1125 1301 puramque
1147 1269 1240 1300 supra
1264 1264 1374 1291 terram
1396 1259 1541 1290 habitant
1555 1259 1656 1301 regio-

195 1323 280 1346 nem.
326 1313 413 1345 Inter
425 1314 483 1346 hos
496 1318 600 1345 autem
615 1313 795 1355 quicunque
809 1312 882 1344 satis
899 1322 953 1354 per
967 1312 1198 1354 philosophiam
1213 1313 1336 1355 purgati
1358 1317 1443 1350 sunt,
1458 1313 1575 1355 absque
1590 1323 1659 1345 cor-

197 1367 327 1409 poribus
352 1367 480 1399 omnino
507 1373 607 1399 totum
629 1377 685 1409 per
707 1372 832 1408 tempus
847 1366 969 1404 vivunt,
984 1366 1254 1408 habitationesque
1277 1367 1325 1398 his
1347 1366 1439 1399 etiam
1463 1367 1655 1408 pulchriores

196 1420 440 1463 nanciscuntur:
465 1431 594 1463 quarum
610 1421 813 1463 pulchritudo
835 1430 939 1462 neque
960 1420 1060 1452 facilis
1081 1419 1167 1451 dictu
1192 1425 1251 1458 est,
1266 1430 1369 1462 neque
1384 1430 1520 1462 praesens
1533 1425 1658 1463 tempus

195 1474 235 1505 ad
263 1473 433 1506 dicendum
459 1474 624 1507 sufficeret.
668 1474 732 1506 Sed
757 1475 879 1511 horum,
893 1484 964 1515 quae
990 1479 1112 1506 narrata
1136 1478 1221 1515 sunt,
1241 1473 1351 1516 gratia,
1366 1485 1386 1506 ο
1408 1473 1547 1513 Simmia,
1571 1474 1658 1507 omni

197 1527 304 1560 studio
318 1533 368 1560 est
385 1528 604 1571 annitendum,
614 1534 650 1559 ut
664 1529 697 1560 in
709 1529 768 1560 hac
785 1528 851 1559 vita
864 1529 1010 1559 virtutem
1026 1533 1059 1559 et
1073 1528 1270 1570 prudentiam
1285 1529 1534 1571 sapientiamque
1548 1539 1660 1561 conse-

195 1591 338 1623 quamur.
382 1582 549 1614 Praemium
564 1592 700 1624 namque
715 1581 880 1624 pulchrum
894 1586 953 1618 est,
968 1587 1001 1613 et
1015 1592 1087 1623 spes
1102 1587 1150 1613 est
1171 1582 1294 1625 ingens.
1337 1582 1418 1614 Haec
1439 1582 1536 1624 igitur
1556 1593 1595 1614 eo
1621 1593 1655 1614 se

196 1640 291 1677 pacto
308 1646 431 1678 prorsus
458 1637 584 1677 habere,
600 1647 664 1678 quo
686 1647 746 1678 ego
770 1636 925 1678 disposui,
939 1646 1003 1667 non
1026 1637 1119 1668 decet
1133 1636 1230 1668 virum
1252 1647 1337 1668 sanae
1357 1636 1472 1668 mentis
1498 1646 1651 1668 asserere:

194 1699 263 1721 esse
277 1694 381 1721 tamen
396 1690 446 1722 vel
463 1691 530 1722 haec
545 1690 596 1721 vel
612 1690 687 1721 talia
702 1691 846 1732 quaedam
861 1690 943 1722 circa
958 1690 1078 1721 animos
1100 1695 1220 1722 nostros
1242 1700 1411 1732 eorumque
1434 1690 1655 1727 habitationes,

195 1744 454 1786 quandoquidem
469 1744 590 1776 animus
602 1744 670 1786 ipse
681 1744 866 1776 immortalis
882 1749 1024 1786 apparet,
1040 1748 1073 1775 et
1097 1744 1208 1776 decere
1231 1744 1306 1774 mihi
1320 1744 1452 1784 videtur,
1466 1748 1498 1775 et
1512 1743 1655 1785 dignum*¹

194 1798 286 1839 quasi
310 1797 522 1839 periclitantes
542 1799 587 1829 ita
608 1798 792 1830 existimare.
816 1799 981 1829 honestum
1004 1798 1087 1830 enim
1115 1798 1284 1838 periculum
1300 1803 1365 1838 est;
1387 1802 1573 1839 oportetque
1587 1798 1656 1829 haec

193 1852 284 1894 quasi
298 1852 435 1883 carmina
450 1853 593 1894 quaedam
610 1863 769 1894 magorum
785 1852 845 1883 ritu
860 1852 1016 1883 mentibus
1039 1852 1152 1883 nostris
1173 1852 1350 1884 infundere.
1372 1851 1570 1893 quamobrem
1585 1850 1656 1893 ipse

192 1904 260 1946 jam
275 1906 329 1937 diu
345 1907 490 1948 protraho
503 1906 653 1938 fabulam.
684 1907 747 1937 Sed
759 1906 871 1936 horum
887 1905 984 1947 gratia
1001 1905 1113 1936 bonam
1127 1916 1214 1948 spem
1225 1906 1266 1937 de
1281 1905 1385 1937 animo
1399 1915 1456 1936 suo
1470 1904 1584 1936 habere
1599 1905 1655 1935 de-

199 1960 266 2002 bet,
278 1960 459 2002 quicunque
473 1961 687 2003 voluptatibus
703 1960 955 2002 ornamentisque
976 1959 1114 2002 corporis
1139 1960 1304 2002 neglectis,
1318 1964 1467 2002 tanquam
1488 1959 1598 1990 alienis
1612 1958 1654 1989 ad

196 2013 416 2056 diversumque
430 2015 660 2047 declinantibus
673 2014 863 2057 voluptates,
878 2024 950 2056 quae
963 2014 999 2045 in
1024 2014 1176 2046 discendo
1196 2013 1420 2056 percipiuntur,
1434 2013 1574 2045 studiose
1588 2023 1656 2045 sec-

195 2071 279 2099 tatus
303 2068 413 2109 fuerit,
429 2069 630 2110 animumque
651 2079 717 2100 non
740 2068 855 2106 alieno,
870 2068 926 2099 sed
950 2078 1007 2099 suo
1021 2068 1214 2100 decoraverit
1228 2067 1423 2107 ornamento,
1438 2067 1655 2109 temperantia,

190 2120 328 2163 justitia,
341 2122 536 2160 fortitudine,
552 2123 706 2159 libertate,
722 2122 874 2162 veritate;
897 2123 996 2165 [115]
1019 2121 1064 2153 sic
1089 2132 1127 2152 ex
1142 2123 1201 2153 hac
1215 2122 1282 2152 vita
1296 2121 1510 2163 migrationem
1524 2131 1655 2163 exspec-

194 2179 276 2213 taus,
292 2180 452 2218 tanquam,
468 2187 539 2208 cum
555 2177 653 2208 fatum
669 2176 836 2214 vocaverit,
851 2176 1046 2218 migraturus.
1091 2175 1159 2207 Vos
1175 2176 1313 2217 quidem,
1328 2185 1348 2206 o
1362 2175 1491 2207 Simmia
1505 2179 1539 2207 et
1553 2175 1656 2207 Cebes

195 2228 311 2271 aliique
326 2234 507 2272 praesentes,
522 2230 555 2261 in
567 2235 727 2272 posterum
740 2230 878 2273 quodam
893 2229 926 2261 in
940 2235 1080 2271 tempore
1094 2229 1211 2271 singuli
1226 2228 1491 2271 transmigrabitis.
1516 2239 1565 2270 me
1580 2239 1653 2260 vero

195 2294 292 2321 nunc,
308 2289 344 2315 ut
354 2285 490 2326 tragicus
504 2285 618 2327 aliquis
632 2286 764 2323 diceret,
775 2285 843 2327 jam
856 2290 949 2316 vocat
962 2284 1072 2315 fatum.
1087 2294 1124 2316 ac
1135 2284 1230 2315 ferme
1242 2288 1366 2326 tempus
1377 2287 1436 2322 est,
1445 2288 1482 2314 ut
1491 2283 1531 2314 ad
1545 2283 1654 2314 lavan-

196 2337 271 2368 dum
288 2338 449 2371 divertam.
464 2343 591 2380 praestat
605 2340 702 2377 enim,
716 2344 752 2370 ut
767 2344 857 2382 puto,
872 2343 945 2381 post
956 2338 1112 2370 lavacrum
1123 2348 1278 2369 venenum
1294 2337 1411 2375 bibere,
1421 2348 1462 2369 ne
1472 2337 1505 2368 in
1521 2337 1653 2368 lavando

196 2392 348 2424 cadavere
363 2392 537 2424 molestiam
550 2393 728 2425 mulieribus
739 2395 942 2436 praebeamus.
966 2392 1048 2425 Cum
1059 2394 1125 2424 haec
1139 2392 1267 2423 dixisset
1275 2392 1430 2434 Socrates,
1446 2390 1533 2423 Crito
1549 2391 1593 2422 sic
1606 2391 1653 2421 in-

193 2445 280 2487 quit:
298 2445 362 2478 Dic
371 2457 441 2488 age,
455 2458 473 2478 o
486 2448 640 2485 Socrates,
654 2448 804 2490 quidnam
817 2447 865 2479 his
876 2452 931 2478 aut
942 2446 1018 2478 mihi
1030 2447 1160 2478 mandas
1172 2446 1328 2487 agendum
1342 2446 1390 2477 vel
1401 2455 1474 2486 erga
1489 2444 1569 2475 filios
1581 2449 1652 2475 tuos

197 2499 247 2530 vel
263 2499 345 2531 circa
358 2501 484 2532 cetera?
507 2501 624 2543 quidve
638 2503 762 2543 agendo
778 2501 911 2533 maxime
935 2501 992 2532 tibi
1014 2504 1134 2542 gratum
1157 2499 1345 2531 fecerimus?
1389 2498 1479 2530 Nihil
1494 2498 1652 2540 equidem,

195 2550 310 2594 inquit,
324 2554 397 2586 novi
412 2555 575 2596 praecipio,
590 2556 645 2587 sed
660 2556 746 2598 quod
763 2565 885 2598 semper
903 2555 990 2586 vobis
1005 2554 1154 2597 praedico,
1169 2554 1317 2586 videlicet
1328 2553 1353 2584 si
1369 2552 1460 2584 vestri
1475 2562 1578 2584 curam
1594 2553 1650 2583 ha·

195 2606 320 2644 bebitis,
334 2613 368 2638 et
380 2609 457 2640 mihi
471 2614 503 2640 et
517 2609 605 2641 vobis
619 2610 696 2651 ipsis
711 2614 798 2651 grata
813 2609 963 2646 evadent,
977 2617 1174 2651 quaecunque
1187 2607 1335 2648 feceritis,
1349 2606 1470 2638 etiamsi
1485 2616 1569 2637 nunc
1583 2615 1651 2637 ver-

196 2658 245 2690 bis
266 2670 330 2691 non
353 2662 547 2695 concedatis.
570 2667 603 2694 at
617 2673 690 2694 vero
715 2662 740 2694 si
756 2673 812 2694 vos
834 2663 920 2705 ipsos
945 2661 1154 2703 neglexeritis,
1168 2660 1312 2692 nolentes
1327 2660 1498 2692 secundum
1513 2669 1562 2696 ea,
1578 2669 1649 2701 quas

196 2723 281 2745 nunc
294 2719 328 2746 et
342 2715 493 2756 superiori
506 2721 646 2758 tempore
661 2717 747 2748 dicta
761 2722 844 2754 sunt,
860 2713 949 2759 quasi
965 2726 1020 2759 per
1035 2715 1166 2757 vestigia
1175 2715 1268 2747 vitam
1284 2713 1512 2756 dirigere,nihil
1526 2722 1649 2754 prorsus

196 2766 375 2808 perficietis,
390 2768 448 2800 etsi
465 2769 561 2801 multa
572 2770 662 2801 nobis
676 2781 760 2802 nunc
775 2770 1008 2812 disputantibus
1022 2769 1214 2801 concedatis.
1257 2767 1323 2799 Ista
1337 2767 1476 2809 quidem,
1491 2766 1535 2796 ait
1549 2766 1650 2802 Crito,

195 2830 278 2851 curas
292 2820 384 2853 nobis
398 2827 500 2854 erunt.
521 2823 576 2855 sed
591 2825 853 2866 quemadmodum
870 2823 995 2867 sepeliri
1010 2829 1041 2855 te
1063 2822 1157 2865 jubes
1172 2823 1184 2853 ?
1230 2821 1410 2862 Utcunque,
1425 2819 1537 2860 inquit,
1553 2819 1648 2850 libet:

195 2873 219 2903 si
238 2878 341 2905 tamen
358 2886 405 2907 me
421 2878 674 2918 apprehendetis,
689 2889 726 2910 ac
742 2878 802 2910 nisi
817 2889 876 2919 ego
892 2888 946 2908 vos
961 2877 1112 2918 effugere.
1155 2876 1198 2907 Et
1211 2875 1300 2906 simul
1315 2873 1488 2910 subridens,
1502 2872 1581 2903 etad
1594 2882 1650 2903 nos

195 2936 375 2972 ⁰⁰¹¹Versus‚
399 2929 474 2962 Non
489 2933 676 2973 persuadeo,
692 2932 805 2976 inquit,
823 2932 957 2975 Critoni,
973 2942 1022 2963 mc
1036 2941 1103 2964 esse
1119 2930 1202 2963 hunc
1218 2930 1387 2965 Socratem,
1402 2926 1457 2969 qui
1482 2935 1565 2958 nunc
1585 2925 1649 2957 dis-
