<?xml version="1.0" encoding="UTF-8"?>
<!DOCTYPE html PUBLIC "-//W3C//DTD XHTML 1.0 Transitional//EN"
    "http://www.w3.org/TR/xhtml1/DTD/xhtml1-transitional.dtd">
<html xmlns="http://www.w3.org/1999/xhtml" xml:lang="en" lang="en">
 <head>
  <title>
</title>
<meta http-equiv="Content-Type" content="text/html;charset=utf-8" />
  <meta name='ocr-system' content='tesseract 3.04.00' />
  <meta name='ocr-capabilities' content='ocr_page ocr_carea ocr_par ocr_line ocrx_word'/>
</head>
<body>
  <div class='ocr_page' id='page_1' title='image "./platonisetquaeve10plat_0026.png"; bbox 0 0 1832 3256; ppageno 0'>
   <div class='ocr_carea' id='block_1_1' title="bbox 251 220 1705 315">
    <p class='ocr_par' dir='ltr' id='par_1_1' title="bbox 251 220 1705 315">
     <span class='ocr_line' id='line_1_1' title="bbox 251 220 1705 315; baseline 0.003 -20"><span class='ocrx_word' id='word_1_1' title='bbox 251 263 300 301; x_wconf 85' lang='lat'>16</span> <span class='ocrx_word' id='word_1_2' title='bbox 846 252 1062 298; x_wconf 79' lang='lat' dir='ltr'>PLA‘rON</span> <span class='ocrx_word' id='word_1_3' title='bbox 1066 252 1112 297; x_wconf 82' lang='lat' dir='ltr'>IS</span> <span class='ocrx_word' id='word_1_4' title='bbox 1607 220 1705 315; x_wconf 66' lang='lat'>[255</span> 
     </span>
    </p>
   </div>
   <div class='ocr_carea' id='block_1_2' title="bbox 241 357 1722 2993">
    <p class='ocr_par' dir='ltr' id='par_1_2' title="bbox 241 357 1722 2993">
     <span class='ocr_line' id='line_1_2' title="bbox 244 357 1709 408; baseline -0.003 -10"><span class='ocrx_word' id='word_1_5' title='bbox 244 365 342 398; x_wconf 85' lang='lat' dir='ltr'>ditate</span> <span class='ocrx_word' id='word_1_6' title='bbox 355 369 450 408; x_wconf 86' lang='lat' dir='ltr'>atque</span> <span class='ocrx_word' id='word_1_7' title='bbox 460 362 585 406; x_wconf 78' lang='lat' dir='ltr'>ignavia</span> <span class='ocrx_word' id='word_1_8' title='bbox 598 360 802 394; x_wconf 88' lang='lat' dir='ltr'>constitutum</span> <span class='ocrx_word' id='word_1_9' title='bbox 813 359 955 394; x_wconf 79' lang='lat' dir='ltr'>ordinem</span> <span class='ocrx_word' id='word_1_10' title='bbox 968 359 1171 394; x_wconf 70' lang='lat' dir='ltr'>deseruerint.</span> <span class='ocrx_word' id='word_1_11' title='bbox 1202 357 1387 401; x_wconf 79' lang='lat' dir='ltr'>Rursusque</span> <span class='ocrx_word' id='word_1_12' title='bbox 1401 357 1544 392; x_wconf 79' lang='lat' dir='ltr'>nolentes</span> <span class='ocrx_word' id='word_1_13' title='bbox 1558 360 1709 393; x_wconf 73' lang='lat' dir='ltr'>accedere</span> 
     </span>
     <span class='ocr_line' id='line_1_3' title="bbox 243 413 1709 462; baseline -0.003 -10"><span class='ocrx_word' id='word_1_14' title='bbox 243 430 372 462; x_wconf 86' lang='lat' dir='ltr'>cogens,</span> <span class='ocrx_word' id='word_1_15' title='bbox 388 419 438 450; x_wconf 81' lang='lat' dir='ltr'>vix</span> <span class='ocrx_word' id='word_1_16' title='bbox 452 418 579 449; x_wconf 86' lang='lat' dir='ltr'>tandem</span> <span class='ocrx_word' id='word_1_17' title='bbox 594 416 747 449; x_wconf 89' lang='lat' dir='ltr'>concessit</span> <span class='ocrx_word' id='word_1_18' title='bbox 756 415 826 452; x_wconf 87' lang='lat' dir='ltr'>illis,</span> <span class='ocrx_word' id='word_1_19' title='bbox 842 415 957 447; x_wconf 81' lang='lat' dir='ltr'>differri</span> <span class='ocrx_word' id='word_1_20' title='bbox 971 415 1004 446; x_wconf 91' lang='lat' dir='ltr'>in</span> <span class='ocrx_word' id='word_1_21' title='bbox 1020 419 1177 457; x_wconf 86' lang='lat' dir='ltr'>posterum</span> <span class='ocrx_word' id='word_1_22' title='bbox 1192 413 1403 445; x_wconf 78' lang='lat' dir='ltr'>exorantibus.</span> <span class='ocrx_word' id='word_1_23' title='bbox 1417 413 1589 446; x_wconf 79' lang='lat' dir='ltr'>accedente</span> <span class='ocrx_word' id='word_1_24' title='bbox 1603 419 1709 447; x_wconf 84' lang='lat' dir='ltr'>autem</span> 
     </span>
     <span class='ocr_line' id='line_1_4' title="bbox 243 466 1710 514; baseline -0.003 -9"><span class='ocrx_word' id='word_1_25' title='bbox 243 478 359 505; x_wconf 84' lang='lat' dir='ltr'>statuto</span> <span class='ocrx_word' id='word_1_26' title='bbox 375 478 527 514; x_wconf 85' lang='lat' dir='ltr'>tempore,</span> <span class='ocrx_word' id='word_1_27' title='bbox 542 470 633 512; x_wconf 87' lang='lat' dir='ltr'>cujus</span> <span class='ocrx_word' id='word_1_28' title='bbox 647 480 714 501; x_wconf 84' lang='lat' dir='ltr'>esse</span> <span class='ocrx_word' id='word_1_29' title='bbox 729 470 922 500; x_wconf 81' lang='lat' dir='ltr'>immemores</span> <span class='ocrx_word' id='word_1_30' title='bbox 947 468 994 499; x_wconf 88' lang='lat' dir='ltr'>illi</span> <span class='ocrx_word' id='word_1_31' title='bbox 1017 467 1145 509; x_wconf 89' lang='lat' dir='ltr'>quidem</span> <span class='ocrx_word' id='word_1_32' title='bbox 1164 466 1322 505; x_wconf 87' lang='lat' dir='ltr'>simulant,</span> <span class='ocrx_word' id='word_1_33' title='bbox 1343 467 1395 499; x_wconf 91' lang='lat' dir='ltr'>hic</span> <span class='ocrx_word' id='word_1_34' title='bbox 1411 478 1482 499; x_wconf 85' lang='lat' dir='ltr'>vero</span> <span class='ocrx_word' id='word_1_35' title='bbox 1497 467 1557 499; x_wconf 87' lang='lat' dir='ltr'>illis</span> <span class='ocrx_word' id='word_1_36' title='bbox 1571 478 1710 501; x_wconf 87' lang='lat' dir='ltr'>comme·</span> 
     </span>
     <span class='ocr_line' id='line_1_5' title="bbox 243 521 1712 569; baseline -0.004 -9"><span class='ocrx_word' id='word_1_37' title='bbox 243 533 356 569; x_wconf 83' lang='lat' dir='ltr'>morat,</span> <span class='ocrx_word' id='word_1_38' title='bbox 377 527 408 558; x_wconf 88' lang='lat' dir='ltr'>vi</span> <span class='ocrx_word' id='word_1_39' title='bbox 431 526 531 566; x_wconf 88' lang='lat' dir='ltr'>illata,</span> <span class='ocrx_word' id='word_1_40' title='bbox 553 524 709 561; x_wconf 88' lang='lat' dir='ltr'>hinniens,</span> <span class='ocrx_word' id='word_1_41' title='bbox 724 523 922 564; x_wconf 77' lang='lat' dir='ltr'>trahensque,</span> <span class='ocrx_word' id='word_1_42' title='bbox 937 521 1099 564; x_wconf 79' lang='lat' dir='ltr'>compellit</span> <span class='ocrx_word' id='word_1_43' title='bbox 1112 521 1223 553; x_wconf 85' lang='lat' dir='ltr'>iterum</span> <span class='ocrx_word' id='word_1_44' title='bbox 1237 521 1348 553; x_wconf 87' lang='lat' dir='ltr'>iisdem</span> <span class='ocrx_word' id='word_1_45' title='bbox 1362 522 1464 553; x_wconf 79' lang='lat' dir='ltr'>verbis</span> <span class='ocrx_word' id='word_1_46' title='bbox 1476 526 1596 554; x_wconf 86' lang='lat' dir='ltr'>amatos</span> <span class='ocrx_word' id='word_1_47' title='bbox 1610 521 1712 554; x_wconf 78' lang='lat' dir='ltr'>affari.</span> 
     </span>
     <span class='ocr_line' id='line_1_6' title="bbox 244 575 1709 624; baseline -0.005 -11"><span class='ocrx_word' id='word_1_48' title='bbox 244 581 415 624; x_wconf 90' lang='lat' dir='ltr'>Postquam</span> <span class='ocrx_word' id='word_1_49' title='bbox 436 590 509 611; x_wconf 89' lang='lat' dir='ltr'>vero</span> <span class='ocrx_word' id='word_1_50' title='bbox 534 589 634 620; x_wconf 87' lang='lat' dir='ltr'>prope</span> <span class='ocrx_word' id='word_1_51' title='bbox 656 581 861 613; x_wconf 83' lang='lat' dir='ltr'>accesserunt,</span> <span class='ocrx_word' id='word_1_52' title='bbox 887 575 1018 607; x_wconf 83' lang='lat' dir='ltr'>inflexus</span> <span class='ocrx_word' id='word_1_53' title='bbox 1041 575 1284 617; x_wconf 82' lang='lat' dir='ltr'>inclinatusque,</span> <span class='ocrx_word' id='word_1_54' title='bbox 1308 581 1438 606; x_wconf 81' lang='lat' dir='ltr'>extensa</span> <span class='ocrx_word' id='word_1_55' title='bbox 1459 575 1573 617; x_wconf 86' lang='lat' dir='ltr'>cauda,</span> <span class='ocrx_word' id='word_1_56' title='bbox 1586 575 1709 607; x_wconf 70' lang='lat' dir='ltr'>frenum</span> 
     </span>
     <span class='ocr_line' id='line_1_7' title="bbox 242 628 1711 675; baseline -0.004 -8"><span class='ocrx_word' id='word_1_57' title='bbox 242 636 376 672; x_wconf 86' lang='lat' dir='ltr'>mordet,</span> <span class='ocrx_word' id='word_1_58' title='bbox 391 639 424 666; x_wconf 87' lang='lat' dir='ltr'>et</span> <span class='ocrx_word' id='word_1_59' title='bbox 437 631 704 675; x_wconf 84' lang='lat' dir='ltr'>impudentissime</span> <span class='ocrx_word' id='word_1_60' title='bbox 719 630 812 672; x_wconf 87' lang='lat' dir='ltr'>rapit.</span> <span class='ocrx_word' id='word_1_61' title='bbox 856 629 919 660; x_wconf 86' lang='lat' dir='ltr'>Sed</span> <span class='ocrx_word' id='word_1_62' title='bbox 943 629 1064 670; x_wconf 86' lang='lat' dir='ltr'>auriga,</span> <span class='ocrx_word' id='word_1_63' title='bbox 1087 628 1185 660; x_wconf 89' lang='lat' dir='ltr'>multo</span> <span class='ocrx_word' id='word_1_64' title='bbox 1201 629 1298 670; x_wconf 88' lang='lat' dir='ltr'>magis</span> <span class='ocrx_word' id='word_1_65' title='bbox 1311 629 1422 660; x_wconf 86' lang='lat' dir='ltr'>eadem</span> <span class='ocrx_word' id='word_1_66' title='bbox 1438 639 1560 671; x_wconf 85' lang='lat' dir='ltr'>passus,</span> <span class='ocrx_word' id='word_1_67' title='bbox 1575 633 1608 661; x_wconf 89' lang='lat' dir='ltr'>et</span> <span class='ocrx_word' id='word_1_68' title='bbox 1621 629 1711 672; x_wconf 87' lang='lat' dir='ltr'>quasi</span> 
     </span>
     <span class='ocr_line' id='line_1_8' title="bbox 242 682 1713 727; baseline -0.004 -7"><span class='ocrx_word' id='word_1_69' title='bbox 242 690 284 721; x_wconf 90' lang='lat' dir='ltr'>de</span> <span class='ocrx_word' id='word_1_70' title='bbox 307 688 437 720; x_wconf 87' lang='lat' dir='ltr'>termino</span> <span class='ocrx_word' id='word_1_71' title='bbox 461 687 591 718; x_wconf 85' lang='lat' dir='ltr'>flectens</span> <span class='ocrx_word' id='word_1_72' title='bbox 614 685 791 727; x_wconf 81' lang='lat' dir='ltr'>resupinus,</span> <span class='ocrx_word' id='word_1_73' title='bbox 810 684 949 714; x_wconf 81' lang='lat' dir='ltr'>habenas</span> <span class='ocrx_word' id='word_1_74' title='bbox 972 683 1066 725; x_wconf 86' lang='lat' dir='ltr'>longe</span> <span class='ocrx_word' id='word_1_75' title='bbox 1088 683 1304 714; x_wconf 82' lang='lat' dir='ltr'>vehementius</span> <span class='ocrx_word' id='word_1_76' title='bbox 1326 683 1430 721; x_wconf 81' lang='lat' dir='ltr'>trahit,</span> <span class='ocrx_word' id='word_1_77' title='bbox 1452 688 1486 715; x_wconf 92' lang='lat' dir='ltr'>et</span> <span class='ocrx_word' id='word_1_78' title='bbox 1507 683 1617 715; x_wconf 90' lang='lat' dir='ltr'>dentes</span> <span class='ocrx_word' id='word_1_79' title='bbox 1637 682 1713 726; x_wconf 86' lang='lat' dir='ltr'>eqni</span> 
     </span>
     <span class='ocr_line' id='line_1_9' title="bbox 241 737 1711 784; baseline -0.003 -10"><span class='ocrx_word' id='word_1_80' title='bbox 241 742 389 784; x_wconf 86' lang='lat' dir='ltr'>flagitiosi</span> <span class='ocrx_word' id='word_1_81' title='bbox 410 740 558 782; x_wconf 77' lang='lat' dir='ltr'>reprimit,</span> <span class='ocrx_word' id='word_1_82' title='bbox 581 743 676 780; x_wconf 86' lang='lat' dir='ltr'>atque</span> <span class='ocrx_word' id='word_1_83' title='bbox 697 739 848 779; x_wconf 79' lang='lat' dir='ltr'>impuram</span> <span class='ocrx_word' id='word_1_84' title='bbox 871 737 1022 779; x_wconf 85' lang='lat' dir='ltr'>linguam,</span> <span class='ocrx_word' id='word_1_85' title='bbox 1044 737 1246 779; x_wconf 88' lang='lat' dir='ltr'>maxillasque</span> <span class='ocrx_word' id='word_1_86' title='bbox 1262 742 1441 779; x_wconf 86' lang='lat' dir='ltr'>cruentans,</span> <span class='ocrx_word' id='word_1_87' title='bbox 1455 747 1543 769; x_wconf 87' lang='lat' dir='ltr'>crura</span> <span class='ocrx_word' id='word_1_88' title='bbox 1558 742 1711 780; x_wconf 82' lang='lat' dir='ltr'>uatesque</span> 
     </span>
     <span class='ocr_line' id='line_1_10' title="bbox 241 791 1712 836; baseline -0.003 -9"><span class='ocrx_word' id='word_1_89' title='bbox 241 796 330 827; x_wconf 90' lang='lat' dir='ltr'>humi</span> <span class='ocrx_word' id='word_1_90' title='bbox 344 795 465 836; x_wconf 85' lang='lat' dir='ltr'>defigit,</span> <span class='ocrx_word' id='word_1_91' title='bbox 481 804 518 825; x_wconf 89' lang='lat' dir='ltr'>ac</span> <span class='ocrx_word' id='word_1_92' title='bbox 533 802 640 835; x_wconf 82' lang='lat' dir='ltr'>poenas</span> <span class='ocrx_word' id='word_1_93' title='bbox 655 791 728 823; x_wconf 87' lang='lat' dir='ltr'>dare</span> <span class='ocrx_word' id='word_1_94' title='bbox 743 791 916 833; x_wconf 83' lang='lat' dir='ltr'>compellit.</span> <span class='ocrx_word' id='word_1_95' title='bbox 961 791 1099 828; x_wconf 80' lang='lat' dir='ltr'>Quando</span> <span class='ocrx_word' id='word_1_96' title='bbox 1123 801 1196 822; x_wconf 88' lang='lat' dir='ltr'>vero</span> <span class='ocrx_word' id='word_1_97' title='bbox 1219 791 1303 822; x_wconf 87' lang='lat' dir='ltr'>idern</span> <span class='ocrx_word' id='word_1_98' title='bbox 1318 801 1402 833; x_wconf 85' lang='lat' dir='ltr'>saepe</span> <span class='ocrx_word' id='word_1_99' title='bbox 1418 801 1530 834; x_wconf 81' lang='lat' dir='ltr'>pravus</span> <span class='ocrx_word' id='word_1_100' title='bbox 1545 800 1645 834; x_wconf 77' lang='lat' dir='ltr'>equus</span> <span class='ocrx_word' id='word_1_101' title='bbox 1658 791 1712 823; x_wconf 83' lang='lat' dir='ltr'>ille</span> 
     </span>
     <span class='ocr_line' id='line_1_11' title="bbox 242 843 1712 891; baseline -0.003 -10"><span class='ocrx_word' id='word_1_102' title='bbox 242 846 561 891; x_wconf 77' lang='lat' dir='ltr'>perpessuslascivire</span> <span class='ocrx_word' id='word_1_103' title='bbox 576 844 708 881; x_wconf 76' lang='lat' dir='ltr'>destitit,</span> <span class='ocrx_word' id='word_1_104' title='bbox 723 844 951 875; x_wconf 77' lang='lat' dir='ltr'>mansuefactus</span> <span class='ocrx_word' id='word_1_105' title='bbox 962 843 1030 885; x_wconf 89' lang='lat' dir='ltr'>jam</span> <span class='ocrx_word' id='word_1_106' title='bbox 1045 844 1161 886; x_wconf 85' lang='lat' dir='ltr'>aurigae</span> <span class='ocrx_word' id='word_1_107' title='bbox 1175 844 1371 887; x_wconf 77' lang='lat' dir='ltr'>obtemperat</span> <span class='ocrx_word' id='word_1_108' title='bbox 1383 845 1600 887; x_wconf 59' lang='lat' dir='ltr'>providentias,</span> <span class='ocrx_word' id='word_1_109' title='bbox 1616 849 1712 888; x_wconf 81' lang='lat' dir='ltr'>atque</span> 
     </span>
     <span class='ocr_line' id='line_1_12' title="bbox 241 897 1714 942; baseline -0.003 -7"><span class='ocrx_word' id='word_1_110' title='bbox 241 904 347 940; x_wconf 89' lang='lat' dir='ltr'>etiam,</span> <span class='ocrx_word' id='word_1_111' title='bbox 372 912 444 934; x_wconf 90' lang='lat' dir='ltr'>cum</span> <span class='ocrx_word' id='word_1_112' title='bbox 467 900 554 931; x_wconf 87' lang='lat' dir='ltr'>videt</span> <span class='ocrx_word' id='word_1_113' title='bbox 578 899 755 942; x_wconf 89' lang='lat' dir='ltr'>pulchrum,</span> <span class='ocrx_word' id='word_1_114' title='bbox 780 897 946 929; x_wconf 83' lang='lat' dir='ltr'>formidine</span> <span class='ocrx_word' id='word_1_115' title='bbox 961 897 1184 935; x_wconf 84' lang='lat' dir='ltr'>contremiscit,</span> <span class='ocrx_word' id='word_1_116' title='bbox 1199 898 1279 929; x_wconf 86' lang='lat' dir='ltr'>adeo</span> <span class='ocrx_word' id='word_1_117' title='bbox 1295 902 1330 929; x_wconf 93' lang='lat' dir='ltr'>ut</span> <span class='ocrx_word' id='word_1_118' title='bbox 1343 899 1534 942; x_wconf 89' lang='lat' dir='ltr'>quandoque</span> <span class='ocrx_word' id='word_1_119' title='bbox 1548 899 1714 942; x_wconf 74' lang='lat' dir='ltr'>contingat</span> 
     </span>
     <span class='ocr_line' id='line_1_13' title="bbox 242 952 1713 996; baseline -0.002 -7"><span class='ocrx_word' id='word_1_120' title='bbox 242 955 387 989; x_wconf 90' lang='lat' dir='ltr'>amatoris</span> <span class='ocrx_word' id='word_1_121' title='bbox 408 954 542 987; x_wconf 89' lang='lat' dir='ltr'>animam</span> <span class='ocrx_word' id='word_1_122' title='bbox 564 953 631 995; x_wconf 89' lang='lat' dir='ltr'>jam</span> <span class='ocrx_word' id='word_1_123' title='bbox 653 963 724 985; x_wconf 90' lang='lat' dir='ltr'>curn</span> <span class='ocrx_word' id='word_1_124' title='bbox 739 952 910 984; x_wconf 86' lang='lat' dir='ltr'>reverentia</span> <span class='ocrx_word' id='word_1_125' title='bbox 924 952 1060 994; x_wconf 88' lang='lat' dir='ltr'>quadarn</span> <span class='ocrx_word' id='word_1_126' title='bbox 1073 957 1107 984; x_wconf 91' lang='lat' dir='ltr'>et</span> <span class='ocrx_word' id='word_1_127' title='bbox 1120 957 1204 984; x_wconf 89' lang='lat' dir='ltr'>metu</span> <span class='ocrx_word' id='word_1_128' title='bbox 1221 953 1456 985; x_wconf 86' lang='lat' dir='ltr'>adolescentum</span> <span class='ocrx_word' id='word_1_129' title='bbox 1467 953 1599 996; x_wconf 86' lang='lat' dir='ltr'>vestigia</span> <span class='ocrx_word' id='word_1_130' title='bbox 1610 953 1713 996; x_wconf 82' lang='lat' dir='ltr'>sequi.</span> 
     </span>
     <span class='ocr_line' id='line_1_14' title="bbox 243 1006 1712 1053; baseline -0.003 -9"><span class='ocrx_word' id='word_1_131' title='bbox 243 1011 342 1053; x_wconf 76' lang='lat'>[255]</span> <span class='ocrx_word' id='word_1_132' title='bbox 370 1013 482 1052; x_wconf 88' lang='lat' dir='ltr'>utpote</span> <span class='ocrx_word' id='word_1_133' title='bbox 507 1007 603 1050; x_wconf 82' lang='lat' dir='ltr'>igitur</span> <span class='ocrx_word' id='word_1_134' title='bbox 625 1007 711 1039; x_wconf 87' lang='lat' dir='ltr'>omni</span> <span class='ocrx_word' id='word_1_135' title='bbox 734 1007 831 1044; x_wconf 93' lang='lat' dir='ltr'>cultu,</span> <span class='ocrx_word' id='word_1_136' title='bbox 854 1011 1004 1049; x_wconf 81' lang='lat' dir='ltr'>tanquam</span> <span class='ocrx_word' id='word_1_137' title='bbox 1027 1006 1100 1039; x_wconf 88' lang='lat' dir='ltr'>Deo</span> <span class='ocrx_word' id='word_1_138' title='bbox 1122 1006 1252 1049; x_wconf 80' lang='lat' dir='ltr'>aequalis</span> <span class='ocrx_word' id='word_1_139' title='bbox 1266 1007 1462 1045; x_wconf 80' lang='lat' dir='ltr'>adolescens,</span> <span class='ocrx_word' id='word_1_140' title='bbox 1478 1008 1659 1040; x_wconf 83' lang='lat' dir='ltr'>observatus</span> <span class='ocrx_word' id='word_1_141' title='bbox 1671 1009 1712 1040; x_wconf 83' lang='lat' dir='ltr'>ab</span> 
     </span>
     <span class='ocr_line' id='line_1_15' title="bbox 244 1060 1713 1105; baseline -0.001 -9"><span class='ocrx_word' id='word_1_142' title='bbox 244 1069 392 1101; x_wconf 87' lang='lat' dir='ltr'>amatore,</span> <span class='ocrx_word' id='word_1_143' title='bbox 416 1063 500 1094; x_wconf 88' lang='lat' dir='ltr'>haud</span> <span class='ocrx_word' id='word_1_144' title='bbox 524 1061 652 1105; x_wconf 89' lang='lat' dir='ltr'>quidem</span> <span class='ocrx_word' id='word_1_145' title='bbox 679 1061 858 1102; x_wconf 83' lang='lat' dir='ltr'>simulante,</span> <span class='ocrx_word' id='word_1_146' title='bbox 879 1061 933 1092; x_wconf 89' lang='lat' dir='ltr'>sed</span> <span class='ocrx_word' id='word_1_147' title='bbox 957 1071 1063 1092; x_wconf 85' lang='lat' dir='ltr'>revera</span> <span class='ocrx_word' id='word_1_148' title='bbox 1087 1061 1132 1092; x_wconf 90' lang='lat' dir='ltr'>sic</span> <span class='ocrx_word' id='word_1_149' title='bbox 1156 1061 1284 1102; x_wconf 78' lang='lat' dir='ltr'>affecto,</span> <span class='ocrx_word' id='word_1_150' title='bbox 1305 1060 1474 1102; x_wconf 84' lang='lat' dir='ltr'>praesertim</span> <span class='ocrx_word' id='word_1_151' title='bbox 1495 1071 1567 1093; x_wconf 89' lang='lat' dir='ltr'>cnm</span> <span class='ocrx_word' id='word_1_152' title='bbox 1589 1066 1623 1093; x_wconf 88' lang='lat' dir='ltr'>et</span> <span class='ocrx_word' id='word_1_153' title='bbox 1643 1061 1713 1104; x_wconf 85' lang='lat' dir='ltr'>ipse</span> 
     </span>
     <span class='ocr_line' id='line_1_16' title="bbox 243 1115 1713 1157; baseline -0.001 -8"><span class='ocrx_word' id='word_1_154' title='bbox 243 1119 411 1150; x_wconf 84' lang='lat' dir='ltr'>honoratus</span> <span class='ocrx_word' id='word_1_155' title='bbox 425 1121 536 1148; x_wconf 89' lang='lat' dir='ltr'>natura</span> <span class='ocrx_word' id='word_1_156' title='bbox 550 1115 682 1148; x_wconf 81' lang='lat' dir='ltr'>colentis</span> <span class='ocrx_word' id='word_1_157' title='bbox 704 1115 744 1146; x_wconf 90' lang='lat' dir='ltr'>sit</span> <span class='ocrx_word' id='word_1_158' title='bbox 765 1115 898 1157; x_wconf 90' lang='lat' dir='ltr'>amicus,</span> <span class='ocrx_word' id='word_1_159' title='bbox 910 1115 943 1146; x_wconf 88' lang='lat' dir='ltr'>in</span> <span class='ocrx_word' id='word_1_160' title='bbox 960 1115 1044 1146; x_wconf 89' lang='lat' dir='ltr'>idem</span> <span class='ocrx_word' id='word_1_161' title='bbox 1060 1120 1218 1156; x_wconf 87' lang='lat' dir='ltr'>postremo</span> <span class='ocrx_word' id='word_1_162' title='bbox 1232 1125 1304 1146; x_wconf 89' lang='lat' dir='ltr'>cum</span> <span class='ocrx_word' id='word_1_163' title='bbox 1319 1119 1456 1146; x_wconf 87' lang='lat' dir='ltr'>amatore</span> <span class='ocrx_word' id='word_1_164' title='bbox 1470 1115 1652 1157; x_wconf 74' lang='lat' dir='ltr'>conspirat:</span> <span class='ocrx_word' id='word_1_165' title='bbox 1674 1125 1713 1148; x_wconf 88' lang='lat' dir='ltr'>ac</span> 
     </span>
     <span class='ocr_line' id='line_1_17' title="bbox 243 1168 1714 1212; baseline -0.002 -8"><span class='ocrx_word' id='word_1_166' title='bbox 243 1172 365 1204; x_wconf 87' lang='lat' dir='ltr'>etiamsi</span> <span class='ocrx_word' id='word_1_167' title='bbox 379 1175 503 1203; x_wconf 83' lang='lat' dir='ltr'>anteaa</span> <span class='ocrx_word' id='word_1_168' title='bbox 516 1169 717 1200; x_wconf 84' lang='lat' dir='ltr'>familiaribus</span> <span class='ocrx_word' id='word_1_169' title='bbox 733 1169 795 1200; x_wconf 89' lang='lat' dir='ltr'>suis</span> <span class='ocrx_word' id='word_1_170' title='bbox 814 1168 1101 1211; x_wconf 86' lang='lat' dir='ltr'>condiscipulisque</span> <span class='ocrx_word' id='word_1_171' title='bbox 1123 1173 1155 1200; x_wconf 92' lang='lat' dir='ltr'>et</span> <span class='ocrx_word' id='word_1_172' title='bbox 1177 1168 1247 1200; x_wconf 90' lang='lat' dir='ltr'>aliis</span> <span class='ocrx_word' id='word_1_173' title='bbox 1273 1178 1328 1210; x_wconf 88' lang='lat' dir='ltr'>per</span> <span class='ocrx_word' id='word_1_174' title='bbox 1350 1169 1538 1201; x_wconf 86' lang='lat' dir='ltr'>calumniam</span> <span class='ocrx_word' id='word_1_175' title='bbox 1560 1170 1714 1212; x_wconf 85' lang='lat' dir='ltr'>deceptus</span> 
     </span>
     <span class='ocr_line' id='line_1_18' title="bbox 244 1222 1714 1265; baseline -0.001 -7"><span class='ocrx_word' id='word_1_176' title='bbox 244 1226 348 1264; x_wconf 81' lang='lat' dir='ltr'>fuerit,</span> <span class='ocrx_word' id='word_1_177' title='bbox 376 1224 564 1261; x_wconf 82' lang='lat' dir='ltr'>dicentibus,</span> <span class='ocrx_word' id='word_1_178' title='bbox 590 1227 680 1265; x_wconf 85' lang='lat' dir='ltr'>turpe</span> <span class='ocrx_word' id='word_1_179' title='bbox 704 1233 774 1254; x_wconf 84' lang='lat' dir='ltr'>esse</span> <span class='ocrx_word' id='word_1_180' title='bbox 801 1223 919 1254; x_wconf 87' lang='lat' dir='ltr'>amanti</span> <span class='ocrx_word' id='word_1_181' title='bbox 941 1224 1069 1261; x_wconf 84' lang='lat' dir='ltr'>haerere,</span> <span class='ocrx_word' id='word_1_182' title='bbox 1083 1223 1220 1265; x_wconf 91' lang='lat' dir='ltr'>ideoque</span> <span class='ocrx_word' id='word_1_183' title='bbox 1232 1228 1388 1255; x_wconf 87' lang='lat' dir='ltr'>amantem</span> <span class='ocrx_word' id='word_1_184' title='bbox 1403 1222 1561 1265; x_wconf 77' lang='lat' dir='ltr'>rejecerit3</span> <span class='ocrx_word' id='word_1_185' title='bbox 1585 1223 1714 1256; x_wconf 67' lang='lat' dir='ltr'>tandem</span> 
     </span>
     <span class='ocr_line' id='line_1_19' title="bbox 244 1276 1714 1321; baseline -0.001 -9"><span class='ocrx_word' id='word_1_186' title='bbox 244 1291 318 1312; x_wconf 83' lang='lat' dir='ltr'>vero</span> <span class='ocrx_word' id='word_1_187' title='bbox 340 1278 533 1321; x_wconf 83' lang='lat' dir='ltr'>procedente</span> <span class='ocrx_word' id='word_1_188' title='bbox 564 1282 703 1319; x_wconf 85' lang='lat' dir='ltr'>tempore</span> <span class='ocrx_word' id='word_1_189' title='bbox 732 1281 819 1314; x_wconf 72' lang='lat' dir='ltr'>aetaS,</span> <span class='ocrx_word' id='word_1_190' title='bbox 843 1282 876 1308; x_wconf 91' lang='lat' dir='ltr'>et</span> <span class='ocrx_word' id='word_1_191' title='bbox 903 1282 1021 1308; x_wconf 86' lang='lat' dir='ltr'>naturae</span> <span class='ocrx_word' id='word_1_192' title='bbox 1043 1277 1168 1308; x_wconf 89' lang='lat' dir='ltr'>debitus</span> <span class='ocrx_word' id='word_1_193' title='bbox 1191 1277 1267 1308; x_wconf 90' lang='lat' dir='ltr'>ordo</span> <span class='ocrx_word' id='word_1_194' title='bbox 1296 1287 1368 1308; x_wconf 89' lang='lat' dir='ltr'>eum</span> <span class='ocrx_word' id='word_1_195' title='bbox 1397 1276 1431 1308; x_wconf 88' lang='lat' dir='ltr'>in</span> <span class='ocrx_word' id='word_1_196' title='bbox 1454 1277 1714 1310; x_wconf 80' lang='lat' dir='ltr'>consuetudinem</span> 
     </span>
     <span class='ocr_line' id='line_1_20' title="bbox 245 1324 1714 1375; baseline -0.002 -8"><span class='ocrx_word' id='word_1_197' title='bbox 245 1334 376 1367; x_wconf 84' lang='lat' dir='ltr'>amantis</span> <span class='ocrx_word' id='word_1_198' title='bbox 396 1332 561 1364; x_wconf 89' lang='lat' dir='ltr'>inducunt.</span> <span class='ocrx_word' id='word_1_199' title='bbox 585 1341 746 1373; x_wconf 89' lang='lat' dir='ltr'>nunquam</span> <span class='ocrx_word' id='word_1_200' title='bbox 771 1330 853 1362; x_wconf 89' lang='lat' dir='ltr'>enim</span> <span class='ocrx_word' id='word_1_201' title='bbox 875 1331 941 1362; x_wconf 87' lang='lat' dir='ltr'>fato</span> <span class='ocrx_word' id='word_1_202' title='bbox 966 1332 1127 1363; x_wconf 85' lang='lat' dir='ltr'>decretum</span> <span class='ocrx_word' id='word_1_203' title='bbox 1140 1335 1199 1369; x_wconf 88' lang='lat' dir='ltr'>est,</span> <span class='ocrx_word' id='word_1_204' title='bbox 1215 1331 1264 1362; x_wconf 87' lang='lat' dir='ltr'>vel</span> <span class='ocrx_word' id='word_1_205' title='bbox 1278 1331 1395 1370; x_wconf 81' lang='lat' dir='ltr'>malum</span> <span class='ocrx_word' id='word_1_206' title='bbox 1409 1324 1543 1364; x_wconf 86' lang='lat' dir='ltr'>amicum</span> <span class='ocrx_word' id='word_1_207' title='bbox 1556 1332 1651 1375; x_wconf 83' lang='lat' dir='ltr'>malo,</span> <span class='ocrx_word' id='word_1_208' title='bbox 1664 1332 1714 1364; x_wconf 84' lang='lat' dir='ltr'>vei</span> 
     </span>
     <span class='ocr_line' id='line_1_21' title="bbox 244 1385 1716 1429; baseline -0.003 -8"><span class='ocrx_word' id='word_1_209' title='bbox 244 1390 363 1421; x_wconf 88' lang='lat' dir='ltr'>bonum</span> <span class='ocrx_word' id='word_1_210' title='bbox 377 1388 461 1418; x_wconf 91' lang='lat' dir='ltr'>bono</span> <span class='ocrx_word' id='word_1_211' title='bbox 475 1396 540 1417; x_wconf 91' lang='lat' dir='ltr'>non</span> <span class='ocrx_word' id='word_1_212' title='bbox 562 1385 696 1416; x_wconf 89' lang='lat' dir='ltr'>amicum</span> <span class='ocrx_word' id='word_1_213' title='bbox 718 1396 797 1418; x_wconf 87' lang='lat' dir='ltr'>esse.</span> <span class='ocrx_word' id='word_1_214' title='bbox 842 1385 925 1427; x_wconf 91' lang='lat' dir='ltr'>Ergo</span> <span class='ocrx_word' id='word_1_215' title='bbox 953 1396 1024 1417; x_wconf 90' lang='lat' dir='ltr'>cum</span> <span class='ocrx_word' id='word_1_216' title='bbox 1051 1385 1233 1418; x_wconf 81' lang='lat' dir='ltr'>adolescens</span> <span class='ocrx_word' id='word_1_217' title='bbox 1253 1385 1412 1429; x_wconf 89' lang='lat' dir='ltr'>colloquio</span> <span class='ocrx_word' id='word_1_218' title='bbox 1433 1390 1468 1418; x_wconf 85' lang='lat' dir='ltr'>et</span> <span class='ocrx_word' id='word_1_219' title='bbox 1487 1386 1716 1420; x_wconf 75' lang='lat' dir='ltr'>consuetudine</span> 
     </span>
     <span class='ocr_line' id='line_1_22' title="bbox 243 1433 1715 1485; baseline -0.002 -9"><span class='ocrx_word' id='word_1_220' title='bbox 243 1442 396 1485; x_wconf 88' lang='lat' dir='ltr'>receperit</span> <span class='ocrx_word' id='word_1_221' title='bbox 409 1445 588 1476; x_wconf 81' lang='lat' dir='ltr'>amatorem,</span> <span class='ocrx_word' id='word_1_222' title='bbox 604 1443 679 1470; x_wconf 89' lang='lat' dir='ltr'>tunc</span> <span class='ocrx_word' id='word_1_223' title='bbox 690 1439 822 1470; x_wconf 87' lang='lat' dir='ltr'>amantis</span> <span class='ocrx_word' id='word_1_224' title='bbox 837 1439 920 1470; x_wconf 90' lang='lat' dir='ltr'>illius</span> <span class='ocrx_word' id='word_1_225' title='bbox 936 1439 1156 1471; x_wconf 81' lang='lat' dir='ltr'>benevolentia</span> <span class='ocrx_word' id='word_1_226' title='bbox 1167 1439 1233 1482; x_wconf 87' lang='lat' dir='ltr'>jam</span> <span class='ocrx_word' id='word_1_227' title='bbox 1249 1440 1332 1472; x_wconf 79' lang='lat' dir='ltr'>facta</span> <span class='ocrx_word' id='word_1_228' title='bbox 1347 1440 1563 1484; x_wconf 85' lang='lat' dir='ltr'>propinquior,</span> <span class='ocrx_word' id='word_1_229' title='bbox 1578 1433 1715 1473; x_wconf 80' lang='lat' dir='ltr'>amatum</span> 
     </span>
     <span class='ocr_line' id='line_1_23' title="bbox 242 1493 1714 1541; baseline -0.001 -12"><span class='ocrx_word' id='word_1_230' title='bbox 242 1499 347 1541; x_wconf 90' lang='lat' dir='ltr'>ipsum</span> <span class='ocrx_word' id='word_1_231' title='bbox 372 1494 514 1527; x_wconf 85' lang='lat' dir='ltr'>admirari</span> <span class='ocrx_word' id='word_1_232' title='bbox 540 1493 715 1536; x_wconf 90' lang='lat' dir='ltr'>compellit,</span> <span class='ocrx_word' id='word_1_233' title='bbox 739 1493 1049 1532; x_wconf 80' lang='lat' dir='ltr'>animadvertentem,</span> <span class='ocrx_word' id='word_1_234' title='bbox 1072 1495 1314 1526; x_wconf 85' lang='lat' dir='ltr'>necessariorum</span> <span class='ocrx_word' id='word_1_235' title='bbox 1329 1495 1563 1538; x_wconf 84' lang='lat' dir='ltr'>amicorumque</span> <span class='ocrx_word' id='word_1_236' title='bbox 1575 1494 1714 1527; x_wconf 69' lang='lat' dir='ltr'>omnium</span> 
     </span>
     <span class='ocr_line' id='line_1_24' title="bbox 244 1547 1716 1589; baseline -0.002 -5"><span class='ocrx_word' id='word_1_237' title='bbox 244 1551 376 1584; x_wconf 87' lang='lat' dir='ltr'>aliorum</span> <span class='ocrx_word' id='word_1_238' title='bbox 396 1548 661 1589; x_wconf 85' lang='lat' dir='ltr'>benevolentiam,</span> <span class='ocrx_word' id='word_1_239' title='bbox 683 1547 709 1578; x_wconf 87' lang='lat' dir='ltr'>si</span> <span class='ocrx_word' id='word_1_240' title='bbox 733 1558 805 1580; x_wconf 90' lang='lat' dir='ltr'>cum</span> <span class='ocrx_word' id='word_1_241' title='bbox 827 1548 929 1580; x_wconf 89' lang='lat' dir='ltr'>amico</span> <span class='ocrx_word' id='word_1_242' title='bbox 952 1548 1104 1580; x_wconf 84' lang='lat' dir='ltr'>divinitus</span> <span class='ocrx_word' id='word_1_243' title='bbox 1118 1548 1222 1580; x_wconf 84' lang='lat' dir='ltr'>afflato</span> <span class='ocrx_word' id='word_1_244' title='bbox 1236 1548 1425 1588; x_wconf 83' lang='lat' dir='ltr'>conferatur,</span> <span class='ocrx_word' id='word_1_245' title='bbox 1439 1549 1556 1581; x_wconf 79' lang='lat' dir='ltr'>nuliius</span> <span class='ocrx_word' id='word_1_246' title='bbox 1569 1549 1636 1581; x_wconf 79' lang='lat' dir='ltr'>fore</span> <span class='ocrx_word' id='word_1_247' title='bbox 1648 1559 1716 1580; x_wconf 86' lang='lat' dir='ltr'>mo·</span> 
     </span>
     <span class='ocr_line' id='line_1_25' title="bbox 244 1602 1716 1646; baseline -0.001 -9"><span class='ocrx_word' id='word_1_248' title='bbox 244 1605 353 1637; x_wconf 89' lang='lat' dir='ltr'>menti.</span> <span class='ocrx_word' id='word_1_249' title='bbox 368 1615 406 1636; x_wconf 90' lang='lat' dir='ltr'>ac</span> <span class='ocrx_word' id='word_1_250' title='bbox 421 1603 448 1635; x_wconf 90' lang='lat' dir='ltr'>si</span> <span class='ocrx_word' id='word_1_251' title='bbox 461 1603 564 1634; x_wconf 89' lang='lat' dir='ltr'>senior</span> <span class='ocrx_word' id='word_1_252' title='bbox 577 1602 631 1633; x_wconf 88' lang='lat' dir='ltr'>illa</span> <span class='ocrx_word' id='word_1_253' title='bbox 651 1602 705 1633; x_wconf 88' lang='lat' dir='ltr'>diu</span> <span class='ocrx_word' id='word_1_254' title='bbox 723 1602 767 1634; x_wconf 87' lang='lat' dir='ltr'>sic</span> <span class='ocrx_word' id='word_1_255' title='bbox 783 1607 903 1645; x_wconf 87' lang='lat' dir='ltr'>pergat,</span> <span class='ocrx_word' id='word_1_256' title='bbox 919 1603 1111 1645; x_wconf 87' lang='lat' dir='ltr'>haereatque,</span> <span class='ocrx_word' id='word_1_257' title='bbox 1126 1604 1203 1635; x_wconf 90' lang='lat' dir='ltr'>etin</span> <span class='ocrx_word' id='word_1_258' title='bbox 1216 1603 1387 1646; x_wconf 82' lang='lat' dir='ltr'>gymnasiis</span> <span class='ocrx_word' id='word_1_259' title='bbox 1400 1603 1549 1636; x_wconf 77' lang='lat' dir='ltr'>ceterisve</span> <span class='ocrx_word' id='word_1_260' title='bbox 1563 1603 1716 1636; x_wconf 75' lang='lat' dir='ltr'>similibus</span> 
     </span>
     <span class='ocr_line' id='line_1_26' title="bbox 241 1656 1716 1701; baseline -0.001 -10"><span class='ocrx_word' id='word_1_261' title='bbox 241 1663 363 1701; x_wconf 86' lang='lat' dir='ltr'>tangat,</span> <span class='ocrx_word' id='word_1_262' title='bbox 378 1663 454 1689; x_wconf 89' lang='lat' dir='ltr'>tunc</span> <span class='ocrx_word' id='word_1_263' title='bbox 464 1657 532 1699; x_wconf 92' lang='lat' dir='ltr'>jam</span> <span class='ocrx_word' id='word_1_264' title='bbox 542 1657 643 1688; x_wconf 83' lang='lat' dir='ltr'>fluxus</span> <span class='ocrx_word' id='word_1_265' title='bbox 654 1656 844 1698; x_wconf 84' lang='lat' dir='ltr'>liquorisque</span> <span class='ocrx_word' id='word_1_266' title='bbox 857 1657 944 1688; x_wconf 88' lang='lat' dir='ltr'>illius</span> <span class='ocrx_word' id='word_1_267' title='bbox 958 1657 1040 1695; x_wconf 86' lang='lat' dir='ltr'>fons,</span> <span class='ocrx_word' id='word_1_268' title='bbox 1055 1668 1148 1699; x_wconf 92' lang='lat' dir='ltr'>quem</span> <span class='ocrx_word' id='word_1_269' title='bbox 1161 1657 1314 1695; x_wconf 88' lang='lat' dir='ltr'>himeron,</span> <span class='ocrx_word' id='word_1_270' title='bbox 1328 1658 1362 1689; x_wconf 91' lang='lat' dir='ltr'>id</span> <span class='ocrx_word' id='word_1_271' title='bbox 1374 1661 1433 1695; x_wconf 87' lang='lat' dir='ltr'>est,</span> <span class='ocrx_word' id='word_1_272' title='bbox 1447 1657 1651 1700; x_wconf 76' lang='lat' dir='ltr'>cupidineum</span> <span class='ocrx_word' id='word_1_273' title='bbox 1664 1658 1716 1690; x_wconf 82' lang='lat' dir='ltr'>in·</span> 
     </span>
     <span class='ocr_line' id='line_1_27' title="bbox 243 1709 1716 1754; baseline 0 -10"><span class='ocrx_word' id='word_1_274' title='bbox 243 1714 374 1750; x_wconf 86' lang='lat' dir='ltr'>fluxum,</span> <span class='ocrx_word' id='word_1_275' title='bbox 388 1711 537 1753; x_wconf 85' lang='lat' dir='ltr'>Juppiter</span> <span class='ocrx_word' id='word_1_276' title='bbox 549 1709 746 1753; x_wconf 81' lang='lat' dir='ltr'>Ganymedis</span> <span class='ocrx_word' id='word_1_277' title='bbox 759 1720 862 1741; x_wconf 89' lang='lat' dir='ltr'>amore</span> <span class='ocrx_word' id='word_1_278' title='bbox 870 1715 981 1751; x_wconf 85' lang='lat' dir='ltr'>captus</span> <span class='ocrx_word' id='word_1_279' title='bbox 993 1710 1130 1751; x_wconf 87' lang='lat' dir='ltr'>vocavit,</span> <span class='ocrx_word' id='word_1_280' title='bbox 1139 1710 1193 1751; x_wconf 90' lang='lat' dir='ltr'>qui</span> <span class='ocrx_word' id='word_1_281' title='bbox 1202 1710 1233 1740; x_wconf 90' lang='lat' dir='ltr'>in</span> <span class='ocrx_word' id='word_1_282' title='bbox 1246 1715 1401 1741; x_wconf 87' lang='lat' dir='ltr'>amantem</span> <span class='ocrx_word' id='word_1_283' title='bbox 1411 1711 1487 1743; x_wconf 88' lang='lat' dir='ltr'>uber</span> <span class='ocrx_word' id='word_1_284' title='bbox 1500 1711 1636 1749; x_wconf 81' lang='lat' dir='ltr'>influxit,</span> <span class='ocrx_word' id='word_1_285' title='bbox 1646 1722 1716 1754; x_wconf 86' lang='lat' dir='ltr'>par-</span> 
     </span>
     <span class='ocr_line' id='line_1_28' title="bbox 243 1762 1718 1808; baseline 0.001 -11"><span class='ocrx_word' id='word_1_286' title='bbox 243 1766 300 1797; x_wconf 90' lang='lat' dir='ltr'>tim</span> <span class='ocrx_word' id='word_1_287' title='bbox 314 1766 348 1797; x_wconf 88' lang='lat' dir='ltr'>in</span> <span class='ocrx_word' id='word_1_288' title='bbox 361 1765 463 1808; x_wconf 89' lang='lat' dir='ltr'>ipsum</span> <span class='ocrx_word' id='word_1_289' title='bbox 473 1764 593 1796; x_wconf 77' lang='lat' dir='ltr'>infusus</span> <span class='ocrx_word' id='word_1_290' title='bbox 603 1768 662 1801; x_wconf 85' lang='lat' dir='ltr'>est,</span> <span class='ocrx_word' id='word_1_291' title='bbox 672 1763 784 1805; x_wconf 87' lang='lat' dir='ltr'>partim</span> <span class='ocrx_word' id='word_1_292' title='bbox 799 1764 975 1804; x_wconf 86' lang='lat' dir='ltr'>extra,ipso</span> <span class='ocrx_word' id='word_1_293' title='bbox 987 1763 1188 1800; x_wconf 77' lang='lat' dir='ltr'>exuberante,</span> <span class='ocrx_word' id='word_1_294' title='bbox 1205 1762 1386 1794; x_wconf 83' lang='lat' dir='ltr'>effunditur.</span> <span class='ocrx_word' id='word_1_295' title='bbox 1403 1768 1498 1806; x_wconf 88' lang='lat' dir='ltr'>atque</span> <span class='ocrx_word' id='word_1_296' title='bbox 1513 1769 1549 1796; x_wconf 88' lang='lat' dir='ltr'>ut</span> <span class='ocrx_word' id='word_1_297' title='bbox 1558 1764 1673 1797; x_wconf 82' lang='lat' dir='ltr'>flamen</span> <span class='ocrx_word' id='word_1_298' title='bbox 1684 1771 1718 1798; x_wconf 88' lang='lat' dir='ltr'>et</span> 
     </span>
     <span class='ocr_line' id='line_1_29' title="bbox 243 1816 1719 1858; baseline 0 -7"><span class='ocrx_word' id='word_1_299' title='bbox 243 1820 334 1851; x_wconf 88' lang='lat' dir='ltr'>Echo</span> <span class='ocrx_word' id='word_1_300' title='bbox 346 1830 366 1850; x_wconf 89' lang='lat' dir='ltr'>a</span> <span class='ocrx_word' id='word_1_301' title='bbox 375 1819 495 1849; x_wconf 86' lang='lat' dir='ltr'>levibus</span> <span class='ocrx_word' id='word_1_302' title='bbox 505 1817 675 1858; x_wconf 86' lang='lat' dir='ltr'>solidisque</span> <span class='ocrx_word' id='word_1_303' title='bbox 686 1816 809 1858; x_wconf 86' lang='lat' dir='ltr'>repulsa</span> <span class='ocrx_word' id='word_1_304' title='bbox 821 1816 1014 1857; x_wconf 83' lang='lat' dir='ltr'>corporibus,</span> <span class='ocrx_word' id='word_1_305' title='bbox 1025 1817 1149 1853; x_wconf 89' lang='lat' dir='ltr'>eodem,</span> <span class='ocrx_word' id='word_1_306' title='bbox 1161 1817 1418 1855; x_wconf 83' lang='lat' dir='ltr'>unde&#39;venerunt,</span> <span class='ocrx_word' id='word_1_307' title='bbox 1430 1818 1541 1850; x_wconf 87' lang='lat' dir='ltr'>iterum</span> <span class='ocrx_word' id='word_1_308' title='bbox 1551 1819 1719 1851; x_wconf 70' lang='lat' dir='ltr'>reflectun-</span> 
     </span>
     <span class='ocr_line' id='line_1_30' title="bbox 245 1869 1718 1914; baseline 0 -11"><span class='ocrx_word' id='word_1_309' title='bbox 245 1877 295 1904; x_wconf 87' lang='lat' dir='ltr'>tur</span> <span class='ocrx_word' id='word_1_310' title='bbox 308 1883 317 1905; x_wconf 90' lang='lat'><strong>:</strong></span> <span class='ocrx_word' id='word_1_311' title='bbox 340 1872 386 1903; x_wconf 87' lang='lat' dir='ltr'>ita</span> <span class='ocrx_word' id='word_1_312' title='bbox 400 1870 641 1914; x_wconf 86' lang='lat' dir='ltr'>pulchritudinis</span> <span class='ocrx_word' id='word_1_313' title='bbox 654 1870 707 1901; x_wconf 88' lang='lat' dir='ltr'>ille</span> <span class='ocrx_word' id='word_1_314' title='bbox 723 1870 835 1912; x_wconf 88' lang='lat' dir='ltr'>liquor,</span> <span class='ocrx_word' id='word_1_315' title='bbox 849 1880 952 1901; x_wconf 82' lang='lat' dir='ltr'>rursus</span> <span class='ocrx_word' id='word_1_316' title='bbox 966 1870 999 1900; x_wconf 91' lang='lat' dir='ltr'>in</span> <span class='ocrx_word' id='word_1_317' title='bbox 1014 1869 1177 1911; x_wconf 88' lang='lat' dir='ltr'>pulchrum</span> <span class='ocrx_word' id='word_1_318' title='bbox 1189 1881 1246 1912; x_wconf 87' lang='lat' dir='ltr'>per</span> <span class='ocrx_word' id='word_1_319' title='bbox 1258 1869 1528 1913; x_wconf 64' lang='lat' dir='ltr'>oculos&#39;refluens,</span> <span class='ocrx_word' id='word_1_320' title='bbox 1542 1881 1605 1914; x_wconf 81' lang='lat' dir='ltr'>qua</span> <span class='ocrx_word' id='word_1_321' title='bbox 1620 1882 1718 1914; x_wconf 81' lang='lat' dir='ltr'>perre-</span> 
     </span>
     <span class='ocr_line' id='line_1_31' title="bbox 244 1922 1719 1966; baseline 0 -8"><span class='ocrx_word' id='word_1_322' title='bbox 244 1930 324 1958; x_wconf 87' lang='lat' dir='ltr'>trare</span> <span class='ocrx_word' id='word_1_323' title='bbox 335 1926 368 1957; x_wconf 90' lang='lat' dir='ltr'>in</span> <span class='ocrx_word' id='word_1_324' title='bbox 383 1925 517 1956; x_wconf 83' lang='lat' dir='ltr'>animam</span> <span class='ocrx_word' id='word_1_325' title='bbox 531 1923 705 1961; x_wconf 84' lang='lat' dir='ltr'>consuevit,</span> <span class='ocrx_word' id='word_1_326' title='bbox 721 1923 800 1955; x_wconf 88' lang='lat' dir='ltr'>adeo</span> <span class='ocrx_word' id='word_1_327' title='bbox 816 1933 987 1966; x_wconf 86' lang='lat' dir='ltr'>pennarum</span> <span class='ocrx_word' id='word_1_328' title='bbox 1003 1928 1123 1955; x_wconf 87' lang='lat' dir='ltr'>meatus</span> <span class='ocrx_word' id='word_1_329' title='bbox 1138 1922 1255 1965; x_wconf 82' lang='lat' dir='ltr'>irrigat,</span> <span class='ocrx_word' id='word_1_330' title='bbox 1268 1928 1304 1954; x_wconf 87' lang='lat' dir='ltr'>ut</span> <span class='ocrx_word' id='word_1_331' title='bbox 1325 1928 1357 1955; x_wconf 89' lang='lat' dir='ltr'>et</span> <span class='ocrx_word' id='word_1_332' title='bbox 1379 1923 1501 1965; x_wconf 84' lang='lat' dir='ltr'>possint</span> <span class='ocrx_word' id='word_1_333' title='bbox 1509 1923 1578 1966; x_wconf 79' lang='lat' dir='ltr'>jam</span> <span class='ocrx_word' id='word_1_334' title='bbox 1591 1930 1626 1957; x_wconf 89' lang='lat' dir='ltr'>et</span> <span class='ocrx_word' id='word_1_335' title='bbox 1638 1925 1719 1959; x_wconf 76' lang='lat' dir='ltr'>inc’r-</span> 
     </span>
     <span class='ocr_line' id='line_1_32' title="bbox 244 1976 1718 2022; baseline 0.001 -12"><span class='ocrx_word' id='word_1_336' title='bbox 244 1980 335 2022; x_wconf 86' lang='lat' dir='ltr'>piant</span> <span class='ocrx_word' id='word_1_337' title='bbox 345 1978 500 2022; x_wconf 88' lang='lat' dir='ltr'>pullulare</span> <span class='ocrx_word' id='word_1_338' title='bbox 512 1989 521 2011; x_wconf 86' lang='lat'>:</span> <span class='ocrx_word' id='word_1_339' title='bbox 539 1983 633 2020; x_wconf 87' lang='lat' dir='ltr'>atque</span> <span class='ocrx_word' id='word_1_340' title='bbox 644 1977 690 2008; x_wconf 87' lang='lat' dir='ltr'>ita</span> <span class='ocrx_word' id='word_1_341' title='bbox 701 1977 796 2008; x_wconf 88' lang='lat' dir='ltr'>amati</span> <span class='ocrx_word' id='word_1_342' title='bbox 805 1977 942 2008; x_wconf 87' lang='lat' dir='ltr'>animum</span> <span class='ocrx_word' id='word_1_343' title='bbox 955 1981 1062 2008; x_wconf 88' lang='lat' dir='ltr'>mutuo</span> <span class='ocrx_word' id='word_1_344' title='bbox 1074 1976 1185 2019; x_wconf 89' lang='lat' dir='ltr'>implet</span> <span class='ocrx_word' id='word_1_345' title='bbox 1196 1987 1310 2008; x_wconf 86' lang='lat' dir='ltr'>amore.</span> <span class='ocrx_word' id='word_1_346' title='bbox 1326 1982 1410 2008; x_wconf 77' lang='lat' dir='ltr'>anrat</span> <span class='ocrx_word' id='word_1_347' title='bbox 1420 1977 1535 2019; x_wconf 81' lang='lat' dir='ltr'>igitur:</span> <span class='ocrx_word' id='word_1_348' title='bbox 1552 1979 1630 2021; x_wconf 86' lang='lat' dir='ltr'>quid</span> <span class='ocrx_word' id='word_1_349' title='bbox 1644 1990 1718 2012; x_wconf 86' lang='lat' dir='ltr'>vero</span> 
     </span>
     <span class='ocr_line' id='line_1_33' title="bbox 246 2031 1718 2076; baseline 0.001 -11"><span class='ocrx_word' id='word_1_350' title='bbox 246 2034 370 2076; x_wconf 87' lang='lat' dir='ltr'>diligat,</span> <span class='ocrx_word' id='word_1_351' title='bbox 386 2032 516 2075; x_wconf 84' lang='lat' dir='ltr'>ambigit</span> <span class='ocrx_word' id='word_1_352' title='bbox 530 2044 538 2064; x_wconf 72' lang='grc' dir='ltr'><strong>ε</strong></span> <span class='ocrx_word' id='word_1_353' title='bbox 561 2032 772 2074; x_wconf 87' lang='lat' dir='ltr'>affectumque</span> <span class='ocrx_word' id='word_1_354' title='bbox 797 2042 888 2063; x_wconf 86' lang='lat' dir='ltr'>suum</span> <span class='ocrx_word' id='word_1_355' title='bbox 915 2041 974 2063; x_wconf 89' lang='lat' dir='ltr'>nec</span> <span class='ocrx_word' id='word_1_356' title='bbox 995 2032 1099 2073; x_wconf 89' lang='lat' dir='ltr'>novit,</span> <span class='ocrx_word' id='word_1_357' title='bbox 1114 2042 1172 2064; x_wconf 86' lang='lat' dir='ltr'>nec</span> <span class='ocrx_word' id='word_1_358' title='bbox 1188 2031 1294 2074; x_wconf 91' lang='lat' dir='ltr'>eloqui</span> <span class='ocrx_word' id='word_1_359' title='bbox 1310 2036 1438 2074; x_wconf 80' lang='lat' dir='ltr'>potest=</span> <span class='ocrx_word' id='word_1_360' title='bbox 1461 2033 1516 2064; x_wconf 79' lang='lat' dir='ltr'>sed</span> <span class='ocrx_word' id='word_1_361' title='bbox 1533 2033 1665 2075; x_wconf 88' lang='lat' dir='ltr'>perinde</span> <span class='ocrx_word' id='word_1_362' title='bbox 1679 2043 1718 2066; x_wconf 86' lang='lat' dir='ltr'>ac</span> 
     </span>
     <span class='ocr_line' id='line_1_34' title="bbox 246 2084 1719 2130; baseline 0.001 -11"><span class='ocrx_word' id='word_1_363' title='bbox 246 2087 274 2120; x_wconf 90' lang='lat' dir='ltr'>si</span> <span class='ocrx_word' id='word_1_364' title='bbox 289 2087 368 2130; x_wconf 91' lang='lat' dir='ltr'>lippi</span> <span class='ocrx_word' id='word_1_365' title='bbox 383 2086 515 2128; x_wconf 88' lang='lat' dir='ltr'>alicujus</span> <span class='ocrx_word' id='word_1_366' title='bbox 530 2091 660 2129; x_wconf 86' lang='lat' dir='ltr'>aspectu</span> <span class='ocrx_word' id='word_1_367' title='bbox 676 2087 784 2118; x_wconf 88' lang='lat' dir='ltr'>oculos</span> <span class='ocrx_word' id='word_1_368' title='bbox 799 2086 940 2118; x_wconf 87' lang='lat' dir='ltr'>similiter</span> <span class='ocrx_word' id='word_1_369' title='bbox 954 2086 995 2118; x_wconf 86' lang='lat' dir='ltr'>sit</span> <span class='ocrx_word' id='word_1_370' title='bbox 1008 2086 1156 2128; x_wconf 83' lang='lat' dir='ltr'>infectus,</span> <span class='ocrx_word' id='word_1_371' title='bbox 1181 2086 1343 2129; x_wconf 55' lang='lat' dir='ltr'>praesentis</span> <span class='ocrx_word' id='word_1_372' title='bbox 1357 2084 1458 2117; x_wconf 87' lang='lat' dir='ltr'>morbi</span> <span class='ocrx_word' id='word_1_373' title='bbox 1473 2086 1628 2129; x_wconf 82' lang='lat' dir='ltr'>assignare</span> <span class='ocrx_word' id='word_1_374' title='bbox 1643 2097 1719 2120; x_wconf 82' lang='lat' dir='ltr'>cau-</span> 
     </span>
     <span class='ocr_line' id='line_1_35' title="bbox 246 2139 1720 2184; baseline 0.001 -11"><span class='ocrx_word' id='word_1_375' title='bbox 246 2151 312 2173; x_wconf 87' lang='lat' dir='ltr'>sam</span> <span class='ocrx_word' id='word_1_376' title='bbox 328 2141 447 2174; x_wconf 89' lang='lat' dir='ltr'>nescit:</span> <span class='ocrx_word' id='word_1_377' title='bbox 471 2151 531 2173; x_wconf 90' lang='lat' dir='ltr'>nec</span> <span class='ocrx_word' id='word_1_378' title='bbox 557 2140 790 2179; x_wconf 88' lang='lat' dir='ltr'>animadvertit,</span> <span class='ocrx_word' id='word_1_379' title='bbox 811 2141 900 2183; x_wconf 91' lang='lat' dir='ltr'>quod</span> <span class='ocrx_word' id='word_1_380' title='bbox 926 2151 960 2172; x_wconf 92' lang='lat' dir='ltr'>se</span> <span class='ocrx_word' id='word_1_381' title='bbox 983 2140 1087 2182; x_wconf 86' lang='lat' dir='ltr'>ipsum</span> <span class='ocrx_word' id='word_1_382' title='bbox 1110 2140 1142 2172; x_wconf 89' lang='lat' dir='ltr'>in</span> <span class='ocrx_word' id='word_1_383' title='bbox 1164 2145 1314 2178; x_wconf 88' lang='lat' dir='ltr'>amatore,</span> <span class='ocrx_word' id='word_1_384' title='bbox 1341 2145 1490 2182; x_wconf 84' lang='lat' dir='ltr'>tanquam</span> <span class='ocrx_word' id='word_1_385' title='bbox 1515 2139 1550 2172; x_wconf 87' lang='lat' dir='ltr'>in</span> <span class='ocrx_word' id='word_1_386' title='bbox 1575 2141 1720 2184; x_wconf 85' lang='lat' dir='ltr'>speculo,</span> 
     </span>
     <span class='ocr_line' id='line_1_36' title="bbox 245 2192 1720 2238; baseline 0.001 -11"><span class='ocrx_word' id='word_1_387' title='bbox 245 2195 384 2238; x_wconf 83' lang='lat' dir='ltr'>respicit.</span> <span class='ocrx_word' id='word_1_388' title='bbox 396 2196 504 2237; x_wconf 84' lang='lat' dir='ltr'>itaque</span> <span class='ocrx_word' id='word_1_389' title='bbox 516 2199 670 2238; x_wconf 84' lang='lat' dir='ltr'>praesente</span> <span class='ocrx_word' id='word_1_390' title='bbox 682 2194 749 2236; x_wconf 91' lang='lat' dir='ltr'>illo,</span> <span class='ocrx_word' id='word_1_391' title='bbox 764 2194 870 2226; x_wconf 90' lang='lat' dir='ltr'>dolere</span> <span class='ocrx_word' id='word_1_392' title='bbox 884 2199 919 2226; x_wconf 88' lang='lat' dir='ltr'>ut</span> <span class='ocrx_word' id='word_1_393' title='bbox 933 2194 986 2225; x_wconf 89' lang='lat' dir='ltr'>ille</span> <span class='ocrx_word' id='word_1_394' title='bbox 999 2193 1140 2225; x_wconf 86' lang='lat' dir='ltr'>similiter</span> <span class='ocrx_word' id='word_1_395' title='bbox 1155 2192 1291 2225; x_wconf 85' lang='lat' dir='ltr'>desinit:</span> <span class='ocrx_word' id='word_1_396' title='bbox 1316 2193 1446 2225; x_wconf 82' lang='lat' dir='ltr'>absente</span> <span class='ocrx_word' id='word_1_397' title='bbox 1461 2204 1546 2232; x_wconf 87' lang='lat' dir='ltr'>vero,</span> <span class='ocrx_word' id='word_1_398' title='bbox 1561 2194 1720 2228; x_wconf 82' lang='lat' dir='ltr'>desiderat</span> 
     </span>
     <span class='ocr_line' id='line_1_37' title="bbox 245 2247 1718 2292; baseline 0.001 -12"><span class='ocrx_word' id='word_1_399' title='bbox 245 2249 380 2282; x_wconf 84' lang='lat' dir='ltr'>vicissim</span> <span class='ocrx_word' id='word_1_400' title='bbox 396 2249 602 2292; x_wconf 83' lang='lat' dir='ltr'>desideratus,</span> <span class='ocrx_word' id='word_1_401' title='bbox 615 2254 757 2280; x_wconf 90' lang='lat' dir='ltr'>mutuum</span> <span class='ocrx_word' id='word_1_402' title='bbox 773 2259 908 2281; x_wconf 88' lang='lat' dir='ltr'>amorem</span> <span class='ocrx_word' id='word_1_403' title='bbox 923 2253 1074 2291; x_wconf 87' lang='lat' dir='ltr'>tanquam</span> <span class='ocrx_word' id='word_1_404' title='bbox 1094 2248 1207 2279; x_wconf 88' lang='lat' dir='ltr'>amoris</span> <span class='ocrx_word' id='word_1_405' title='bbox 1228 2247 1425 2285; x_wconf 80' lang='lat' dir='ltr'>simulacrum</span> <span class='ocrx_word' id='word_1_406' title='bbox 1447 2248 1635 2290; x_wconf 77' lang='lat' dir='ltr'>possidens3</span> <span class='ocrx_word' id='word_1_407' title='bbox 1657 2259 1718 2282; x_wconf 82' lang='lat' dir='ltr'>nec</span> 
     </span>
     <span class='ocr_line' id='line_1_38' title="bbox 246 2301 1718 2346; baseline -0.001 -11"><span class='ocrx_word' id='word_1_408' title='bbox 246 2314 382 2335; x_wconf 87' lang='lat' dir='ltr'>amorem</span> <span class='ocrx_word' id='word_1_409' title='bbox 395 2304 508 2346; x_wconf 89' lang='lat' dir='ltr'>ipsum,</span> <span class='ocrx_word' id='word_1_410' title='bbox 523 2304 577 2335; x_wconf 88' lang='lat' dir='ltr'>sed</span> <span class='ocrx_word' id='word_1_411' title='bbox 595 2303 763 2335; x_wconf 85' lang='lat' dir='ltr'>amicitiam</span> <span class='ocrx_word' id='word_1_412' title='bbox 778 2308 811 2335; x_wconf 90' lang='lat' dir='ltr'>et</span> <span class='ocrx_word' id='word_1_413' title='bbox 825 2307 931 2345; x_wconf 86' lang='lat' dir='ltr'>vocat,</span> <span class='ocrx_word' id='word_1_414' title='bbox 944 2307 977 2335; x_wconf 87' lang='lat' dir='ltr'>et</span> <span class='ocrx_word' id='word_1_415' title='bbox 992 2307 1094 2345; x_wconf 87' lang='lat' dir='ltr'>putat.</span> <span class='ocrx_word' id='word_1_416' title='bbox 1139 2301 1238 2343; x_wconf 86' lang='lat' dir='ltr'>Cupit</span> <span class='ocrx_word' id='word_1_417' title='bbox 1257 2311 1345 2343; x_wconf 86' lang='lat' dir='ltr'>erg0,</span> <span class='ocrx_word' id='word_1_418' title='bbox 1367 2301 1463 2333; x_wconf 85' lang='lat' dir='ltr'>ferme</span> <span class='ocrx_word' id='word_1_419' title='bbox 1477 2306 1514 2333; x_wconf 91' lang='lat' dir='ltr'>ut</span> <span class='ocrx_word' id='word_1_420' title='bbox 1526 2302 1592 2341; x_wconf 85' lang='lat' dir='ltr'>ille,</span> <span class='ocrx_word' id='word_1_421' title='bbox 1605 2312 1718 2345; x_wconf 86' lang='lat' dir='ltr'>quam·</span> 
     </span>
     <span class='ocr_line' id='line_1_39' title="bbox 246 2356 1718 2399; baseline 0.001 -11"><span class='ocrx_word' id='word_1_422' title='bbox 246 2356 293 2388; x_wconf 87' lang='lat' dir='ltr'>vis</span> <span class='ocrx_word' id='word_1_423' title='bbox 307 2357 509 2395; x_wconf 87' lang='lat' dir='ltr'>moderatius,</span> <span class='ocrx_word' id='word_1_424' title='bbox 523 2358 640 2399; x_wconf 87' lang='lat' dir='ltr'>videre,</span> <span class='ocrx_word' id='word_1_425' title='bbox 664 2362 759 2399; x_wconf 88' lang='lat' dir='ltr'>atque</span> <span class='ocrx_word' id='word_1_426' title='bbox 780 2358 906 2389; x_wconf 85' lang='lat' dir='ltr'>assidua</span> <span class='ocrx_word' id='word_1_427' title='bbox 926 2356 1155 2389; x_wconf 84' lang='lat' dir='ltr'>consuetudine</span> <span class='ocrx_word' id='word_1_428' title='bbox 1171 2356 1308 2398; x_wconf 82' lang='lat' dir='ltr'>perfrui:</span> <span class='ocrx_word' id='word_1_429' title='bbox 1332 2360 1375 2395; x_wconf 88' lang='lat' dir='ltr'>et,</span> <span class='ocrx_word' id='word_1_430' title='bbox 1392 2361 1428 2386; x_wconf 92' lang='lat' dir='ltr'>ut</span> <span class='ocrx_word' id='word_1_431' title='bbox 1441 2365 1499 2398; x_wconf 83' lang='lat' dir='ltr'>par</span> <span class='ocrx_word' id='word_1_432' title='bbox 1508 2361 1570 2396; x_wconf 72' lang='lat' dir='ltr'>est,</span> <span class='ocrx_word' id='word_1_433' title='bbox 1584 2357 1718 2398; x_wconf 85' lang='lat' dir='ltr'>posthac</span> 
     </span>
     <span class='ocr_line' id='line_1_40' title="bbox 247 2409 1718 2454; baseline 0 -12"><span class='ocrx_word' id='word_1_434' title='bbox 247 2410 390 2453; x_wconf 88' lang='lat' dir='ltr'>protinus</span> <span class='ocrx_word' id='word_1_435' title='bbox 415 2412 482 2443; x_wconf 86' lang='lat' dir='ltr'>haec</span> <span class='ocrx_word' id='word_1_436' title='bbox 502 2411 590 2444; x_wconf 80' lang='lat' dir='ltr'>facit.</span> <span class='ocrx_word' id='word_1_437' title='bbox 634 2411 674 2442; x_wconf 90' lang='lat' dir='ltr'>In</span> <span class='ocrx_word' id='word_1_438' title='bbox 700 2411 770 2453; x_wconf 87' lang='lat' dir='ltr'>ipsa</span> <span class='ocrx_word' id='word_1_439' title='bbox 794 2411 888 2454; x_wconf 86' lang='lat' dir='ltr'>igitur</span> <span class='ocrx_word' id='word_1_440' title='bbox 914 2410 1156 2448; x_wconf 88' lang='lat' dir='ltr'>consuetudine,</span> <span class='ocrx_word' id='word_1_441' title='bbox 1181 2409 1325 2441; x_wconf 81' lang='lat' dir='ltr'>amatoris</span> <span class='ocrx_word' id='word_1_442' title='bbox 1354 2409 1484 2452; x_wconf 84' lang='lat' dir='ltr'>quidem</span> <span class='ocrx_word' id='word_1_443' title='bbox 1506 2409 1718 2453; x_wconf 84' lang='lat' dir='ltr'>intemperans</span> 
     </span>
     <span class='ocr_line' id='line_1_41' title="bbox 246 2462 1718 2507; baseline 0.001 -12"><span class='ocrx_word' id='word_1_444' title='bbox 246 2475 346 2507; x_wconf 88' lang='lat' dir='ltr'>equus</span> <span class='ocrx_word' id='word_1_445' title='bbox 356 2465 494 2507; x_wconf 83' lang='lat' dir='ltr'>aurigam</span> <span class='ocrx_word' id='word_1_446' title='bbox 506 2464 710 2506; x_wconf 81' lang='lat' dir='ltr'>compellans,</span> <span class='ocrx_word' id='word_1_447' title='bbox 725 2466 847 2496; x_wconf 85' lang='lat' dir='ltr'>brevem</span> <span class='ocrx_word' id='word_1_448' title='bbox 859 2465 1009 2507; x_wconf 83' lang='lat' dir='ltr'>efflagitat</span> <span class='ocrx_word' id='word_1_449' title='bbox 1022 2475 1080 2507; x_wconf 90' lang='lat' dir='ltr'>pro</span> <span class='ocrx_word' id='word_1_450' title='bbox 1095 2463 1200 2495; x_wconf 88' lang='lat' dir='ltr'>multis</span> <span class='ocrx_word' id='word_1_451' title='bbox 1210 2462 1367 2494; x_wconf 88' lang='lat' dir='ltr'>laboribus</span> <span class='ocrx_word' id='word_1_452' title='bbox 1379 2462 1572 2505; x_wconf 80' lang='lat' dir='ltr'>voluptatem</span> <span class='ocrx_word' id='word_1_453' title='bbox 1584 2474 1594 2496; x_wconf 72' lang='grc' dir='ltr'><em>τ</em></span> <span class='ocrx_word' id='word_1_454' title='bbox 1619 2463 1718 2506; x_wconf 76' lang='grc'><strong>[266]</strong></span> 
     </span>
     <span class='ocr_line' id='line_1_42' title="bbox 246 2516 1717 2561; baseline 0 -12"><span class='ocrx_word' id='word_1_455' title='bbox 246 2518 455 2551; x_wconf 82' lang='lat' dir='ltr'>adolescentis</span> <span class='ocrx_word' id='word_1_456' title='bbox 471 2523 575 2550; x_wconf 89' lang='lat' dir='ltr'>autem</span> <span class='ocrx_word' id='word_1_457' title='bbox 590 2529 701 2560; x_wconf 88' lang='lat' dir='ltr'>equus,</span> <span class='ocrx_word' id='word_1_458' title='bbox 717 2518 819 2549; x_wconf 90' lang='lat' dir='ltr'>eidem</span> <span class='ocrx_word' id='word_1_459' title='bbox 835 2519 912 2561; x_wconf 87' lang='lat' dir='ltr'>quid</span> <span class='ocrx_word' id='word_1_460' title='bbox 928 2518 1024 2555; x_wconf 85' lang='lat' dir='ltr'>dicat,</span> <span class='ocrx_word' id='word_1_461' title='bbox 1039 2518 1176 2560; x_wconf 86' lang='lat' dir='ltr'>ignorat,</span> <span class='ocrx_word' id='word_1_462' title='bbox 1192 2516 1247 2548; x_wconf 83' lang='lat' dir='ltr'>sed</span> <span class='ocrx_word' id='word_1_463' title='bbox 1270 2516 1407 2558; x_wconf 81' lang='lat' dir='ltr'>percitus</span> <span class='ocrx_word' id='word_1_464' title='bbox 1421 2516 1595 2559; x_wconf 86' lang='lat' dir='ltr'>anxiusque</span> <span class='ocrx_word' id='word_1_465' title='bbox 1609 2527 1717 2549; x_wconf 79' lang='lat' dir='ltr'>aman-</span> 
     </span>
     <span class='ocr_line' id='line_1_43' title="bbox 245 2569 1719 2615; baseline -0.001 -12"><span class='ocrx_word' id='word_1_466' title='bbox 245 2577 309 2604; x_wconf 91' lang='lat' dir='ltr'>tem</span> <span class='ocrx_word' id='word_1_467' title='bbox 325 2577 434 2603; x_wconf 89' lang='lat' dir='ltr'>mutua</span> <span class='ocrx_word' id='word_1_468' title='bbox 449 2572 645 2615; x_wconf 87' lang='lat' dir='ltr'>prosequitur</span> <span class='ocrx_word' id='word_1_469' title='bbox 660 2569 889 2610; x_wconf 77' lang='lat' dir='ltr'>benevolentia,</span> <span class='ocrx_word' id='word_1_470' title='bbox 914 2573 1125 2604; x_wconf 83' lang='lat' dir='ltr'>amantissimo</span> <span class='ocrx_word' id='word_1_471' title='bbox 1149 2581 1206 2603; x_wconf 88' lang='lat' dir='ltr'>suo</span> <span class='ocrx_word' id='word_1_472' title='bbox 1231 2570 1476 2613; x_wconf 84' lang='lat' dir='ltr'>congratulatus,</span> <span class='ocrx_word' id='word_1_473' title='bbox 1490 2575 1586 2613; x_wconf 83' lang='lat' dir='ltr'>atque</span> <span class='ocrx_word' id='word_1_474' title='bbox 1598 2570 1634 2602; x_wconf 89' lang='lat' dir='ltr'>in</span> <span class='ocrx_word' id='word_1_475' title='bbox 1648 2570 1719 2613; x_wconf 63' lang='grc' dir='ltr'>ἣρω</span> 
     </span>
     <span class='ocr_line' id='line_1_44' title="bbox 245 2623 1717 2668; baseline -0.001 -10"><span class='ocrx_word' id='word_1_476' title='bbox 245 2625 455 2659; x_wconf 81' lang='lat' dir='ltr'>familiaritate</span> <span class='ocrx_word' id='word_1_477' title='bbox 479 2631 604 2668; x_wconf 80' lang='lat' dir='ltr'>paratus</span> <span class='ocrx_word' id='word_1_478' title='bbox 630 2631 678 2658; x_wconf 84' lang='lat' dir='ltr'>est</span> <span class='ocrx_word' id='word_1_479' title='bbox 699 2637 756 2668; x_wconf 91' lang='lat' dir='ltr'>pro</span> <span class='ocrx_word' id='word_1_480' title='bbox 779 2626 895 2658; x_wconf 87' lang='lat' dir='ltr'>viribus</span> <span class='ocrx_word' id='word_1_481' title='bbox 918 2627 1063 2658; x_wconf 87' lang='lat' dir='ltr'>amatoris</span> <span class='ocrx_word' id='word_1_482' title='bbox 1078 2625 1233 2658; x_wconf 87' lang='lat' dir='ltr'>desiderio</span> <span class='ocrx_word' id='word_1_483' title='bbox 1248 2625 1473 2667; x_wconf 88' lang='lat' dir='ltr'>obtemperare.</span> <span class='ocrx_word' id='word_1_484' title='bbox 1518 2623 1717 2667; x_wconf 77' lang='lat' dir='ltr'>Conjugatus</span> 
     </span>
     <span class='ocr_line' id='line_1_45' title="bbox 247 2674 1718 2722; baseline 0.001 -12"><span class='ocrx_word' id='word_1_485' title='bbox 247 2683 351 2710; x_wconf 88' lang='lat' dir='ltr'>autem</span> <span class='ocrx_word' id='word_1_486' title='bbox 365 2689 464 2721; x_wconf 88' lang='lat' dir='ltr'>equus</span> <span class='ocrx_word' id='word_1_487' title='bbox 476 2679 568 2711; x_wconf 91' lang='lat' dir='ltr'>simul</span> <span class='ocrx_word' id='word_1_488' title='bbox 584 2684 617 2710; x_wconf 89' lang='lat' dir='ltr'>et</span> <span class='ocrx_word' id='word_1_489' title='bbox 630 2679 748 2721; x_wconf 85' lang='lat' dir='ltr'>auriga,</span> <span class='ocrx_word' id='word_1_490' title='bbox 765 2691 835 2711; x_wconf 90' lang='lat' dir='ltr'>cum</span> <span class='ocrx_word' id='word_1_491' title='bbox 848 2681 967 2722; x_wconf 87' lang='lat' dir='ltr'>pudore</span> <span class='ocrx_word' id='word_1_492' title='bbox 982 2686 1014 2712; x_wconf 88' lang='lat' dir='ltr'>et</span> <span class='ocrx_word' id='word_1_493' title='bbox 1028 2674 1148 2712; x_wconf 70' lang='lat' dir='ltr'>ratione</span> <span class='ocrx_word' id='word_1_494' title='bbox 1171 2679 1220 2711; x_wconf 84' lang='lat' dir='ltr'>his</span> <span class='ocrx_word' id='word_1_495' title='bbox 1235 2678 1268 2710; x_wconf 91' lang='lat' dir='ltr'>in</span> <span class='ocrx_word' id='word_1_496' title='bbox 1293 2679 1384 2711; x_wconf 91' lang='lat' dir='ltr'>rebus</span> <span class='ocrx_word' id='word_1_497' title='bbox 1406 2679 1480 2711; x_wconf 88' lang='lat' dir='ltr'>huic</span> <span class='ocrx_word' id='word_1_498' title='bbox 1503 2679 1718 2712; x_wconf 71' lang='lat' dir='ltr'>adversantur.</span> 
     </span>
     <span class='ocr_line' id='line_1_46' title="bbox 249 2733 1718 2777; baseline 0.002 -14"><span class='ocrx_word' id='word_1_499' title='bbox 249 2733 354 2771; x_wconf 89' lang='lat' dir='ltr'>Quare</span> <span class='ocrx_word' id='word_1_500' title='bbox 369 2733 394 2764; x_wconf 90' lang='lat' dir='ltr'>si</span> <span class='ocrx_word' id='word_1_501' title='bbox 409 2733 580 2765; x_wconf 86' lang='lat' dir='ltr'>seeundum</span> <span class='ocrx_word' id='word_1_502' title='bbox 594 2738 709 2765; x_wconf 88' lang='lat' dir='ltr'>rectam</span> <span class='ocrx_word' id='word_1_503' title='bbox 724 2733 796 2765; x_wconf 84' lang='lat' dir='ltr'>vitae</span> <span class='ocrx_word' id='word_1_504' title='bbox 811 2734 1041 2766; x_wconf 86' lang='lat' dir='ltr'>institutionem</span> <span class='ocrx_word' id='word_1_505' title='bbox 1057 2739 1089 2766; x_wconf 85' lang='lat' dir='ltr'>et</span> <span class='ocrx_word' id='word_1_506' title='bbox 1101 2734 1310 2777; x_wconf 63' lang='lat' dir='ltr'>philosophias</span> <span class='ocrx_word' id='word_1_507' title='bbox 1324 2734 1428 2766; x_wconf 86' lang='lat' dir='ltr'>studia</span> <span class='ocrx_word' id='word_1_508' title='bbox 1442 2733 1584 2766; x_wconf 81' lang='lat' dir='ltr'>meliores</span> <span class='ocrx_word' id='word_1_509' title='bbox 1597 2733 1718 2776; x_wconf 73' lang='lat' dir='ltr'>eogita-</span> 
     </span>
     <span class='ocr_line' id='line_1_47' title="bbox 248 2786 1718 2830; baseline 0.001 -13"><span class='ocrx_word' id='word_1_510' title='bbox 248 2786 344 2818; x_wconf 83' lang='lat' dir='ltr'>tionis</span> <span class='ocrx_word' id='word_1_511' title='bbox 358 2793 460 2828; x_wconf 86' lang='lat' dir='ltr'>partes</span> <span class='ocrx_word' id='word_1_512' title='bbox 476 2786 650 2824; x_wconf 84' lang='lat' dir='ltr'>obtineant,</span> <span class='ocrx_word' id='word_1_513' title='bbox 666 2787 788 2818; x_wconf 84' lang='lat' dir='ltr'>beatam</span> <span class='ocrx_word' id='word_1_514' title='bbox 811 2792 906 2829; x_wconf 88' lang='lat' dir='ltr'>atque</span> <span class='ocrx_word' id='word_1_515' title='bbox 928 2789 1114 2820; x_wconf 87' lang='lat' dir='ltr'>concordem</span> <span class='ocrx_word' id='word_1_516' title='bbox 1132 2794 1314 2830; x_wconf 73' lang='lat' dir='ltr'>praesentem</span> <span class='ocrx_word' id='word_1_517' title='bbox 1331 2788 1425 2819; x_wconf 85' lang='lat' dir='ltr'>vitam</span> <span class='ocrx_word' id='word_1_518' title='bbox 1440 2792 1550 2830; x_wconf 85' lang='lat' dir='ltr'>agunt,</span> <span class='ocrx_word' id='word_1_519' title='bbox 1566 2787 1615 2819; x_wconf 86' lang='lat' dir='ltr'>sui</span> <span class='ocrx_word' id='word_1_520' title='bbox 1628 2787 1718 2830; x_wconf 84' lang='lat' dir='ltr'>ipso·</span> 
     </span>
     <span class='ocr_line' id='line_1_48' title="bbox 247 2841 1718 2883; baseline 0.001 -12"><span class='ocrx_word' id='word_1_521' title='bbox 247 2850 315 2871; x_wconf 88' lang='lat' dir='ltr'>rum</span> <span class='ocrx_word' id='word_1_522' title='bbox 338 2841 458 2871; x_wconf 87' lang='lat' dir='ltr'>domini</span> <span class='ocrx_word' id='word_1_523' title='bbox 480 2845 574 2882; x_wconf 87' lang='lat' dir='ltr'>atque</span> <span class='ocrx_word' id='word_1_524' title='bbox 596 2841 743 2878; x_wconf 88' lang='lat' dir='ltr'>modesti,</span> <span class='ocrx_word' id='word_1_525' title='bbox 766 2851 804 2872; x_wconf 91' lang='lat' dir='ltr'>ea</span> <span class='ocrx_word' id='word_1_526' title='bbox 826 2846 913 2882; x_wconf 87' lang='lat' dir='ltr'>parte</span> <span class='ocrx_word' id='word_1_527' title='bbox 938 2841 1092 2883; x_wconf 87' lang='lat' dir='ltr'>subjecta,</span> <span class='ocrx_word' id='word_1_528' title='bbox 1118 2842 1170 2874; x_wconf 91' lang='lat' dir='ltr'>cui</span> <span class='ocrx_word' id='word_1_529' title='bbox 1195 2842 1306 2873; x_wconf 73' lang='lat' dir='ltr'>animm</span> <span class='ocrx_word' id='word_1_530' title='bbox 1322 2841 1432 2872; x_wconf 86' lang='lat' dir='ltr'>vitium</span> <span class='ocrx_word' id='word_1_531' title='bbox 1449 2841 1542 2883; x_wconf 87' lang='lat' dir='ltr'>inest,</span> <span class='ocrx_word' id='word_1_532' title='bbox 1555 2851 1595 2874; x_wconf 82' lang='lat' dir='ltr'>ea</span> <span class='ocrx_word' id='word_1_533' title='bbox 1609 2847 1718 2874; x_wconf 80' lang='lat' dir='ltr'>contra</span> 
     </span>
     <span class='ocr_line' id='line_1_49' title="bbox 248 2893 1722 2939; baseline 0.002 -15"><span class='ocrx_word' id='word_1_534' title='bbox 248 2893 390 2932; x_wconf 80' lang='lat' dir='ltr'>liberata,</span> <span class='ocrx_word' id='word_1_535' title='bbox 405 2893 445 2925; x_wconf 88' lang='lat' dir='ltr'>ad</span> <span class='ocrx_word' id='word_1_536' title='bbox 461 2904 554 2936; x_wconf 88' lang='lat' dir='ltr'>quam</span> <span class='ocrx_word' id='word_1_537' title='bbox 579 2893 715 2936; x_wconf 86' lang='lat' dir='ltr'>probitas</span> <span class='ocrx_word' id='word_1_538' title='bbox 740 2894 885 2936; x_wconf 84' lang='lat' dir='ltr'>pertinet.</span> <span class='ocrx_word' id='word_1_539' title='bbox 930 2895 970 2927; x_wconf 89' lang='lat' dir='ltr'>In</span> <span class='ocrx_word' id='word_1_540' title='bbox 994 2895 1088 2937; x_wconf 83' lang='lat' dir='ltr'>hujus</span> <span class='ocrx_word' id='word_1_541' title='bbox 1114 2901 1219 2927; x_wconf 83' lang='lat' dir='ltr'>autem</span> <span class='ocrx_word' id='word_1_542' title='bbox 1241 2896 1315 2927; x_wconf 83' lang='lat' dir='ltr'>vitae</span> <span class='ocrx_word' id='word_1_543' title='bbox 1339 2895 1413 2934; x_wconf 82' lang='lat' dir='ltr'>fine,</span> <span class='ocrx_word' id='word_1_544' title='bbox 1435 2894 1625 2939; x_wconf 83' lang='lat' dir='ltr'>recuperatis</span> <span class='ocrx_word' id='word_1_545' title='bbox 1649 2895 1722 2938; x_wconf 79' lang='lat' dir='ltr'>alis,</span> 
     </span>
     <span class='ocr_line' id='line_1_50' title="bbox 249 2947 1717 2993; baseline 0.002 -13"><span class='ocrx_word' id='word_1_546' title='bbox 249 2952 404 2991; x_wconf 70' lang='lat' dir='ltr'>praepetes</span> <span class='ocrx_word' id='word_1_547' title='bbox 426 2947 563 2986; x_wconf 81' lang='lat' dir='ltr'>evolant,</span> <span class='ocrx_word' id='word_1_548' title='bbox 589 2958 660 2980; x_wconf 86' lang='lat' dir='ltr'>cum</span> <span class='ocrx_word' id='word_1_549' title='bbox 688 2948 780 2983; x_wconf 82' lang='lat' dir='ltr'>trium</span> <span class='ocrx_word' id='word_1_550' title='bbox 803 2948 1005 2981; x_wconf 84' lang='lat' dir='ltr'>certaminum</span> <span class='ocrx_word' id='word_1_551' title='bbox 1029 2960 1099 2982; x_wconf 79' lang='lat' dir='ltr'>vere</span> <span class='ocrx_word' id='word_1_552' title='bbox 1120 2949 1361 2993; x_wconf 82' lang='lat' dir='ltr'>Olympicorum</span> <span class='ocrx_word' id='word_1_553' title='bbox 1386 2960 1480 2983; x_wconf 88' lang='lat' dir='ltr'>unum</span> <span class='ocrx_word' id='word_1_554' title='bbox 1503 2948 1717 2993; x_wconf 61' lang='lat' dir='ltr'>per-vicerint:</span> 
     </span>
    </p>
   </div>
  </div>
 </body>
</html>
