1846 3268
185 267 285 320 2⁷⁹]
766 262 1065 306 PotrrlcUS.
1493 313 1501 317 ,
1574 270 1651 309 379

151 376 155 385 ³
181 372 230 404 sie
250 377 284 403 et
299 380 368 409 nos,
383 374 418 402 ut
440 368 667 413 quamprimum
692 372 788 411 atque
803 368 931 411 insuper
952 368 1117 411 magnifiee
1138 369 1248 412 prioris
1271 379 1432 412 processus
1452 377 1551 403 errata
1566 373 1649 405 circa

181 435 285 468 regem
311 424 556 460 ostenderemus,
582 426 731 465 putantes
755 432 870 464 magna
895 423 979 454 illius
1007 423 1151 466 exempla
1175 424 1336 466 ponenda,
1358 424 1517 467 ingentem
1532 426 1647 459 rabulae

183 479 296 511 molem
310 477 574 521 exaggeravimus,
595 476 782 519 majorique,
805 487 899 519 quam
925 477 1103 519 oportebat,
1126 478 1211 509 illlus
1233 483 1321 521 parte
1343 479 1388 510 nti
1409 480 1514 512 coacti
1529 489 1646 512 sumus.

180 538 373 576 quapropter
386 532 581 574 prolixiorem
598 531 813 563 ostensionem
836 530 1030 567 induximus,
1053 536 1086 563 et
1099 531 1213 563 fabulae
1235 532 1329 564 finem
1348 533 1432 564 haud
1448 533 1573 575 penitus
1587 533 1646 565 im-

183 587 354 630 posuimus.
377 586 431 618 sed
447 595 554 617 revera
577 596 676 617 sermo
691 585 795 623 nobis,
821 589 969 627 tanquam
992 585 1120 623 animal,
1143 586 1325 618 exteriorem
1341 586 1468 629 quidem
1483 587 1648 619 circumse-

181 641 312 673 rentiam
333 639 537 672 sufficientem
559 639 675 671 babere
699 638 834 676 videtur,
862 639 1091 681 pigmentorum
1118 649 1190 671 vero
1203 640 1406 683 colorumque
1426 641 1648 673 commixtione

180 695 343 738 perspicua
358 695 499 726 nondum
514 694 668 727 decorari.
692 694 823 736 picturae
837 698 942 725 autem
957 698 990 725 et
1006 693 1160 726 universae
1177 702 1324 726 manuum
1334 693 1493 727 facultatis
1508 695 1649 728 dictione

178 754 274 792 atque
288 759 428 781 sermone
445 758 538 781 omne
553 747 668 781 animal
686 749 899 780 demonstrare
923 747 1021 789 magis
1035 747 1185 780 convenit
1209 747 1283 786 illis,
1298 748 1352 790 qui
1367 749 1492 791 assequi
1506 749 1626 791 possint
1639 760 1647 779 ε

178 803 249 835 aliis
272 808 377 836 autem
403 813 458 845 per
482 813 630 835 manuum
655 802 840 834 ministeria.
885 802 942 834 So.
966 801 1019 833 De
1042 802 1101 834 hoc
1125 800 1254 844 quidem
1276 802 1360 834 satis.
1382 813 1476 844 quam
1503 809 1576 835 vero
1605 803 1647 834 ob

177 867 304 890 causam
319 857 458 890 nondum
474 858 662 890 sufficienter
676 857 796 889 dictum
813 866 881 887 esse
895 856 952 894 ais,
968 855 1112 888 ostende.
1144 855 1176 886 H
1179 866 1254 889 ose.
1277 855 1421 888 Arduum
1436 861 1495 894 est,
1508 867 1527 888 o
1543 857 1647 893 beate,

179 912 297 954 absque
311 912 461 954 exemplis
485 922 532 944 res
549 921 675 954 magnas
691 911 879 943 sufficienter
901 909 1077 942 ostendere.
1099 909 1223 941 videtur
1245 910 1328 942 enim
1344 910 1559 953 unusquisque
1574 920 1647 942 nos-

181 970 262 997 trum
277 971 426 1008 tanquam
441 975 496 1007 per
510 965 664 997 somnium
681 974 773 996 nosse
788 963 904 1001 omnia,
921 974 1026 996 revera
1042 968 1146 995 autem
1161 964 1267 995 omnia
1282 964 1393 996 iterum
1407 964 1560 1007 ignorare.
1589 964 1646 996 So.

182 1018 256 1056 Quo
282 1020 399 1062 pacto?
444 1019 551 1051 HosP.
574 1018 720 1050 Absurde
746 1018 930 1055 admodum,
960 1028 979 1049 o
1008 1018 1164 1055 Socrates,
1192 1018 1340 1050 affectum
1370 1023 1402 1050 et
1431 1018 1647 1051 conditionem

180 1073 291 1104 animas
305 1073 388 1105 eirca
403 1073 562 1106 scientiam
580 1083 673 1115 supra
690 1072 852 1104 movimus.
876 1083 989 1114 nempe
1004 1071 1037 1103 in
1051 1072 1170 1114 magnis
1185 1072 1352 1115 arduisque
1362 1071 1548 1114 incepimus,
1560 1072 1646 1114 qnod

179 1127 215 1158 in
230 1127 365 1159 minimis
379 1132 412 1160 et
425 1128 568 1160 facilibus
582 1131 649 1160 erat
665 1137 720 1169 per
735 1127 875 1158 ordinem
889 1126 1112 1158 inchoandum.
1157 1126 1214 1159 So.
1238 1126 1395 1163 Quorsum
1406 1127 1495 1159 lraec?
1539 1126 1647 1158 Hosr.

182 1181 335 1224 Exemplo
357 1192 459 1214 rursus
480 1181 670 1224 exemplum,
685 1191 705 1212 o
730 1181 816 1218 felix,
839 1180 974 1222 indiget.
1018 1180 1075 1210 So.
1098 1180 1172 1218 Qua
1198 1180 1343 1211 ratione?
1365 1180 1464 1217 dicas,
1486 1179 1564 1211 nihil
1587 1179 1649 1212 mei

179 1246 275 1267 causa
289 1235 416 1268 veritus.
460 1235 569 1268 Hosr.
593 1235 787 1272 Dicendum,
805 1238 969 1276 postquam
990 1234 1057 1275 ipse
1071 1244 1105 1265 es
1127 1234 1234 1265 audire
1250 1240 1387 1276 paratus.
1432 1233 1649 1270 Advertimus,

182 1289 259 1330 quid
286 1294 380 1331 agant
406 1289 506 1332 pueri,
532 1299 604 1321 cum
631 1287 763 1330 primum
794 1287 897 1319 literas
927 1287 1063 1319 discunt.
1108 1286 1165 1320 So,
1189 1287 1373 1325 Quidnam?
1420 1288 1528 1320 Hosr.
1551 1288 1649 1326 Quod

181 1343 337 1374 elementa
370 1343 520 1386 quaelibet
544 1343 579 1374 in
603 1341 791 1373 brevissimis
818 1340 1044 1382 facillimisque
1067 1341 1196 1383 syllabis
1225 1341 1412 1372 sufficienter
1443 1341 1648 1383 persentiunt,

181 1407 315 1439 veraque
330 1398 371 1429 de
385 1398 447 1429 illis
469 1397 575 1439 eloqui
601 1400 743 1438 possunt.
767 1394 864 1436 [278]
888 1394 945 1426 So.
970 1394 1118 1432 Quidni?
1163 1394 1269 1427 Hosx‘.
1294 1394 1412 1426 Eadem
1436 1395 1503 1427 liaee
1526 1395 1558 1427 in
1581 1395 1650 1427 aliis

181 1452 386 1493 ambigentes,
409 1451 560 1493 opinione
586 1459 791 1491 sermoneque
819 1448 980 1481 falluntur.
1026 1449 1082 1481 So.
1107 1449 1248 1481 Prorsus.
1295 1449 1400 1480 Hosr‘.
1424 1448 1476 1480 An
1501 1459 1568 1480 non
1606 1449 1650 1480 ita

180 1505 328 1537 facillime
343 1510 438 1548 atque
453 1505 571 1547 optime
587 1505 626 1536 ad
644 1504 751 1545 ignota
767 1503 895 1545 perduci
913 1503 1068 1545 possunt?
1114 1503 1170 1535 So.
1194 1503 1267 1540 Quo
1281 1508 1376 1545 pacto
1390 1503 1402 1534 3
1448 1503 1559 1544 Hosr».
1584 1502 1651 1534 Re-

182 1560 296 1591 ducere
317 1559 388 1591 illos
411 1559 545 1601 primum
569 1558 610 1589 ad
633 1568 672 1589 ea
694 1562 831 1599 oportet,
852 1556 883 1587 in
908 1557 1020 1598 quibus
1044 1557 1111 1588 ltaec
1134 1557 1244 1588 eadem
1268 1561 1352 1588 recte
1375 1555 1497 1598 opinati
1514 1557 1648 1594 fuerant,

182 1613 291 1655 eisque
315 1613 423 1645 offerre
439 1623 510 1656 quae
525 1612 665 1644 nondum
681 1616 817 1643 noscunt
830 1622 838 1642 :
863 1616 898 1642 et
913 1621 951 1642 ea
963 1610 1096 1642 invIcem
1114 1610 1325 1652 comparando
1338 1611 1503 1642 ostendere
1517 1611 1651 1642 eandem

184 1666 420 1698 similitudinem
436 1672 530 1709 atque
545 1670 685 1697 naturam
701 1665 733 1696 in
761 1664 899 1706 utrisque
922 1664 1194 1706 complexionibus
1209 1674 1276 1696 esse
1291 1676 1299 1695 :
1323 1665 1427 1696 donec
1449 1675 1519 1696 cum
1533 1664 1652 1706 ignotis

186 1720 330 1752 omnibus
354 1730 425 1762 quae
441 1730 511 1752 vera
527 1720 676 1762 opinione
697 1724 853 1761 concepta
875 1724 960 1756 sunt,
983 1724 1164 1760 comparata
1187 1723 1416 1750 monstrentur:
1442 1719 1654 1750 demonstrata

186 1782 259 1807 vero
274 1779 307 1806 et
320 1774 442 1806 illorum
465 1775 607 1816 exempla
632 1774 716 1805 facta
737 1774 862 1805 demum
885 1773 1032 1810 efficiant,
1050 1778 1084 1804 ut
1111 1783 1149 1804 ex
1172 1772 1316 1804 omnibus
1332 1771 1499 1814 cujuslibet
1521 1772 1652 1814 syllabas

184 1829 360 1871 elementis,
375 1829 407 1860 id
423 1829 509 1871 quod
526 1829 654 1860 alterum
670 1833 733 1869 est,
757 1828 796 1859 ab
813 1827 882 1859 aliis
897 1828 1027 1859 alterum
1052 1831 1237 1868 nuncupent
1251 1838 1259 1858 :
1283 1827 1368 1868 quod
1386 1837 1458 1858 vero
1484 1826 1569 1857 idem
1593 1830 1652 1863 est,

184 1882 268 1914 idem
284 1893 406 1925 semper
421 1884 592 1915 secundum
609 1883 719 1914 eadem
736 1893 840 1914 secum
857 1882 938 1924 ipse.
982 1881 1038 1913 So.
1062 1881 1119 1913 Sic
1129 1880 1268 1913 omnino.
1315 1880 1423 1911 How.
1447 1879 1563 1911 Nonne
1578 1881 1652 1911 satis

181 1938 242 1969 hoc
257 1937 560 1979 comprehendimus,
576 1937 661 1979 quod
684 1936 833 1968 videlicet
849 1941 924 1968 tunc
949 1935 1085 1978 exempli
1111 1935 1271 1978 generatio
1288 1939 1347 1971 est,
1363 1945 1435 1965 cum
1457 1934 1542 1975 quod
1567 1933 1653 1964 idem

183 1995 232 2022 est
245 1991 278 2022 in
293 1991 440 2022 alterutro
457 1991 613 2032 sejuncto,
623 1995 707 2022 recta
718 1989 867 2032 opinione
879 1994 1067 2031 conceptum
1081 1994 1113 2021 et
1125 1989 1249 2030 utrique
1262 1988 1545 2024 accommodatum,
1558 1997 1651 2018 unam

186 2044 346 2076 amborum
377 2044 583 2077 communiter
607 2044 789 2086 opinionem
817 2043 921 2085 parit?
966 2044 1023 2075 So.
1047 2043 1192 2075 Videtur.
1238 2043 1346 2074 IIosx‘.
1369 2042 1456 2079 Quid
1483 2041 1604 2078 mirum,
1628 2042 1654 2071 si

187 2099 270 2130 idem
286 2103 396 2131 natura
411 2099 532 2141 patiens
547 2098 651 2130 anima
667 2103 770 2129 nostra
793 2097 877 2130 circa
893 2108 990 2130 rerum
1008 2098 1145 2129 omnium
1163 2097 1331 2134 elementa,
1347 2095 1423 2127 alias
1442 2096 1570 2126 veritate
1585 2094 1656 2136 ipsa

186 2153 270 2184 circa
284 2154 531 2195 unumquodque
546 2153 579 2183 in
595 2151 786 2194 quibusdam
811 2152 1023 2189 constituitur,
1047 2151 1124 2182 alias
1139 2155 1243 2182 autem
1270 2150 1352 2181 circa
1377 2148 1482 2179 omnia
1497 2158 1599 2179 rursus
1622 2147 1655 2178 in

189 2206 260 2238 aliis
284 2206 400 2238 fertur:
424 2210 457 2237 et
481 2205 552 2248 ipsa
576 2206 611 2237 in
636 2206 822 2248 quibusdam
848 2204 1103 2246 copulationibus
1126 2209 1209 2235 recte
1234 2202 1468 2244 quodammodo
1494 2200 1653 2242 opinatur,

186 2259 334 2291 translata
347 2271 419 2292 vero
435 2260 467 2291 in
484 2269 611 2302 magnas
636 2269 673 2290 ac
695 2258 838 2291 difficiles
862 2269 960 2290 rerum
990 2258 1140 2301 syllabas,
1162 2258 1229 2288 liaec
1255 2257 1366 2288 eadem
1391 2265 1492 2286 rursus
1506 2254 1654 2296 ignorat?

187 2313 276 2345 Nihil
292 2314 400 2356 utique
416 2314 525 2345 mirum
541 2313 639 2344 videri
655 2313 760 2344 debet.
806 2312 888 2343 Nam
906 2323 968 2354 qua
992 2311 1114 2343 ratione
1137 2311 1220 2353 quis,
1244 2320 1262 2341 o
1277 2310 1390 2350 amice,
1412 2313 1517 2350 posset
1532 2308 1572 2339 ab
1585 2307 1656 2349 opi-

186 2368 283 2399 nione
297 2367 375 2399 salsa
390 2367 555 2409 incipiens,
572 2367 611 2398 ad
628 2367 763 2409 aliquam
780 2366 918 2398 veritatis
936 2366 983 2397 vel
999 2365 1156 2396 minimam
1173 2370 1292 2406 partem
1304 2363 1518 2405 perveniendo
1532 2362 1655 2403 snpien-

184 2421 259 2452 tlam
269 2421 400 2462 adipisci
414 2422 425 2452 ἓ
449 2422 504 2452 So.
520 2421 617 2453 Nulla
629 2421 735 2452 ferme.
757 2420 864 2453 Hosr.
881 2420 913 2451 Si
929 2421 995 2451 haec
1013 2420 1056 2450 ita
1070 2424 1179 2450 natura
1192 2429 1224 2450 se
1240 2418 1367 2454 liabent,
1380 2426 1577 2458 nequaquam
1591 2425 1651 2457 ego

188 2479 268 2506 actu
282 2475 500 2512 aberraremus,
515 2475 539 2506 si
553 2475 652 2517 primo
663 2475 757 2506 totius
768 2474 902 2516 exempli
915 2479 1055 2505 naturam
1068 2474 1171 2504 videre
1186 2473 1397 2503 anniteremur
1419 2471 1450 2501 in
1465 2480 1561 2512 parvo
1576 2480 1656 2511 qno-

187 2529 260 2559 dam
273 2527 334 2559 alio
346 2529 517 2560 secundum
530 2534 649 2570 partem
660 2528 803 2570 exemplo
819 2538 828 2561 ι
845 2528 961 2559 deinde
974 2528 1012 2558 ad
1030 2527 1195 2558 maximum
1209 2525 1362 2558 accessuri
1375 2524 1455 2567 regis
1465 2523 1656 2565 exemplum,

184 2582 318 2613 eandem
334 2582 469 2624 speciem
485 2581 631 2614 alicunde
647 2593 665 2614 a
691 2582 860 2614 minoribus
875 2583 1062 2623 deferentes,
1084 2592 1139 2623 per
1160 2580 1336 2622 exemplum
1347 2579 1458 2610 iterum
1476 2585 1658 2609 conaremur

190 2647 289 2668 rerum
305 2636 442 2668 civilium
459 2636 648 2668 curationem
665 2641 730 2668 arte
747 2637 943 2678 dignoscere,
959 2641 994 2667 ut
1009 2636 1079 2678 ipsa
1096 2646 1150 2677 pro
1163 2634 1283 2666 somnio
1296 2633 1408 2664 veritas
1419 2631 1580 2663 habeatur.
1601 2630 1658 2661 So.

192 2689 294 2721 Recte
310 2690 490 2721 admodum.
525 2690 632 2723 HosP.
657 2690 754 2732 [279]
778 2690 898 2721 Rursus
913 2690 1052 2732 superior
1068 2689 1165 2720 oratio
1183 2688 1365 2730 repetenda,
1380 2696 1443 2728 qua
1457 2685 1658 2718 inferebatur,

187 2748 352 2785 postquam
369 2744 516 2786 permulti
538 2754 607 2775 cum
625 2744 709 2786 regio
735 2755 847 2786 genere
864 2745 902 2776 de
919 2744 1055 2776 civitatis
1071 2743 1295 2784 gubernatione
1318 2741 1516 2773 contendunt
1533 2737 1657 2778 sibique

187 2797 273 2828 illam
290 2803 451 2840 usurpant,
469 2803 612 2840 oportere
639 2809 692 2829 eos
708 2808 815 2830 omnes
838 2799 876 2829 ab
893 2798 947 2829 illo
975 2797 1139 2839 sejungere
1163 2797 1329 2839 ipsumque
1353 2795 1452 2826 solum
1474 2792 1659 2832 relinquere.

191 2856 286 2893 atque
301 2852 341 2883 ad
357 2852 416 2884 hoc
432 2852 575 2893 exemplo
590 2852 726 2893 quodam
742 2863 823 2894 opus
840 2862 906 2883 esse
922 2851 1067 2883 diximus.
1111 2850 1167 2882 So.
1194 2849 1308 2881 Valde.
1353 2848 1463 2879 Hosr.
1488 2844 1656 2881 Quodnam

194 2904 386 2945 potissimum
411 2905 586 2948 exemplum
614 2905 760 2948 exignum
784 2906 913 2947 quidem
936 2910 968 2937 et
990 2905 1123 2936 eandem
1147 2904 1271 2936 civilem
1294 2903 1459 2934 continens
1477 2897 1659 2930 facultatem

196 2958 357 2991 adducens
385 2960 496 3002 aliquis
524 2959 710 2993 sufficienter
737 2960 821 3003 quod
849 2959 1063 3001 investigatur,
1090 2959 1251 2991 inveniet?
1299 2956 1397 2987 Visne
1424 2963 1479 2996 per
1494 2953 1615 2988 Jovem‚
1641 2961 1659 2979 υ
