1846 3268
239 240 316 279 102
770 275 774 278 .
842 240 1109 282 PLATOle
1626 249 1705 300 [11

236 343 356 376 sactum
371 342 490 387 aliquid
507 347 566 382 est,
581 350 636 376 aut
649 344 769 387 aliquid
785 345 825 377 ab
841 345 947 389 allquo
960 347 1082 388 patiens
1096 346 1107 377 ἔ
1153 345 1220 379 Eu.
1237 345 1381 380 Prorsus.
1423 348 1478 380 So.
1503 348 1593 380 Istud
1610 348 1708 391 igitur

235 399 350 429 eodem
365 400 473 436 modo,
497 410 560 441 quo
583 399 754 441 superiora,
778 410 813 431 se
832 400 945 431 habet:
969 411 1047 438 non,
1072 400 1148 442 quia
1158 405 1369 439 amatumest,
1393 406 1525 441 amatur,
1550 413 1573 434 a
1593 403 1708 444 quibus

234 458 369 490 amatur,
393 454 448 484 sed
475 453 552 494 quia
573 459 706 494 amatur,
729 458 878 485 amatum.
923 453 990 485 Eu.
1011 454 1164 486 Necesse.
1207 454 1263 488 So.
1288 455 1376 493 Quid
1401 456 1508 498 itaque
1533 456 1575 487 de
1598 461 1707 488 sancto

233 506 383 548 dicimus,
398 518 418 538 o
432 507 663 549 Euthyphron?
687 518 727 539 an
742 508 828 549 quod
844 508 884 539 ab
900 507 1047 539 omnibus
1062 508 1122 539 diis
1137 513 1269 546 amatur,
1295 514 1332 540 ut
1353 509 1451 541 oratio
1474 515 1529 542 tua
1550 510 1707 543 testatur?

235 559 301 591 Eu.
323 560 436 594 Immo.
479 561 534 592 So.
557 561 723 603 Numquid
749 562 792 593 ob
818 562 891 600 hoc,
918 563 1006 604 quod
1031 567 1174 594 sanctum
1196 567 1258 600 est,
1282 573 1323 594 au
1349 564 1390 595 ob
1415 563 1502 595 aliud
1529 564 1707 606 quiddam?

235 612 302 647 Eu.
325 614 449 646 Obhoe
464 614 578 656 ipsum.
622 615 679 646 So.
701 615 785 658 Ergo
801 616 952 658 quoniam
969 621 1111 648 sanctum
1127 621 1187 655 est,
1210 622 1354 657 amatur-3
1377 628 1441 649 uon
1457 618 1607 660 quoniam
1621 629 1707 649 ama—

233 674 294 705 tur,
308 672 356 699 est
370 673 526 700 sanctum.
568 667 633 701 Ευ.
656 669 802 701 Videtur.
845 670 902 702 SO.
924 669 1148 702 Verumtamen
1170 671 1320 713 quoniam
1342 682 1362 702 a
1387 671 1449 703 diis
1465 677 1597 712 amatur,
1620 682 1707 704 ama-

235 725 300 751 tum
315 726 376 763 est,
390 727 486 764 atque
510 722 571 755 diis
594 723 742 755 amicum.
785 723 850 755 Eu.
875 723 964 761 Quid
987 725 1157 767 prohibet?
1202 725 1261 757 So.
1281 724 1358 756 Non
1379 735 1454 767 ergo
1475 725 1537 757 deo
1558 724 1707 764 amicum,

234 780 377 807 sanctum
392 781 453 818 est,
468 787 487 808 o
503 776 729 820 Eutliyphron‚
752 788 856 820 neque
871 784 1014 811 sanctum
1030 779 1165 811 amicum
1189 779 1263 816 deo,
1290 784 1327 810 ut
1342 785 1374 810 tu
1391 779 1449 816 ais,
1473 780 1528 811 sed
1544 780 1605 812 hoc
1618 779 1706 813 aliud

233 833 282 864 est
303 840 399 872 quam
426 830 516 864 illud.
560 830 625 864 Eu.
650 832 795 870 Quanam
823 832 957 871 ratione,
983 844 1003 864 o
1029 833 1195 864 Socrates?
1242 833 1299 866 So.
1338 833 1497 870 Quoniam
1520 834 1707 867 confitemur

234 889 376 914 sanctum
391 884 433 915 ob
454 884 488 915 id
505 885 611 922 amari,
634 885 710 927 quia
724 891 868 918 sanctum
892 891 960 918 est:
986 897 1050 918 non
1065 887 1141 928 quia
1156 891 1289 924 amatur,
1304 897 1372 918 esse
1388 894 1551 921 sanctum:
1576 888 1706 920 nonne?

233 936 299 969 Eu.
323 937 429 971 Certe.
473 939 528 970 So.
549 940 699 970 Amatum
726 944 830 971 autem
854 949 872 970 a
895 940 969 981 deo,
982 951 1022 972 eo
1045 940 1116 981 ipso
1130 951 1194 982 quo
1217 945 1339 972 amatur
1353 951 1370 972 a
1385 942 1459 978 deo,
1480 942 1541 972 deo
1561 947 1704 974 amatum

233 1001 324 1030 esso;
346 1002 410 1023 non
425 992 500 1034 quia
522 999 659 1024 amatum
677 1004 695 1025 a
710 994 785 1031 deo,
809 993 920 1026 amari.
962 994 1029 1028 Eu.
1054 994 1142 1026 Vera
1165 995 1313 1036 loqueris.
1359 996 1415 1027 So.
1439 995 1556 1028 Vsum
1574 996 1606 1030 ‚si
1619 996 1704 1028 idem

234 1050 319 1076 esset
342 1046 402 1077 deo
423 1052 562 1079 amatum
584 1052 680 1089 atque
699 1052 855 1085 sanctum.
882 1053 958 1079 tunc
979 1052 1035 1079 aut
1059 1049 1135 1090 quia
1149 1054 1293 1081 sanctum
1307 1054 1369 1089 est,
1391 1049 1644 1091 amareturbquod
1659 1053 1708 1081 est

232 1105 389 1138 sanctum,
408 1106 504 1143 atque
522 1102 568 1133 ita
581 1102 655 1144 quia
670 1103 731 1134 deo
746 1106 896 1144 amatum,
921 1102 998 1145 [11]
1022 1108 1176 1134 arnaretur
1190 1114 1211 1134 a
1231 1103 1294 1135 deo
1314 1104 1399 1146 quod
1414 1104 1476 1135 deo
1491 1108 1630 1136 arnatum
1646 1108 1706 1137 est.

233 1151 303 1186 Aut
316 1154 392 1196 quia
405 1161 560 1188 amaretur
573 1167 592 1188 a
603 1157 667 1188 deo
681 1157 767 1199 quod
784 1161 920 1189 amatum
936 1157 997 1188 deo
1013 1162 1072 1198 est,
1087 1157 1148 1189 deo
1165 1163 1302 1190 ainatum
1316 1162 1409 1194 esset,
1435 1163 1531 1200 atque
1550 1158 1596 1190 ita
1616 1158 1707 1200 quod

233 1213 376 1240 sanctum
387 1215 450 1251 est,
463 1221 502 1242 ex
515 1222 556 1242 eo
571 1212 656 1254 quod
669 1216 834 1248 amaretur.
849 1216 931 1244 esset
945 1216 1101 1244 sanctum.
1145 1211 1178 1243 N
1181 1223 1244 1244 unc
1264 1219 1368 1244 autern
1383 1212 1484 1250 vides,
1498 1213 1583 1255 quod
1600 1223 1706 1254 oppo-⁴

232 1263 294 1295 sito
308 1265 404 1296 modo
425 1275 459 1296 se
473 1266 602 1304 habent,
626 1270 741 1308 utpote
766 1277 839 1308 quae
854 1265 935 1297 inter
949 1277 982 1298 se
997 1265 1120 1298 diversa
1134 1271 1218 1298 sunt..
1240 1267 1301 1298 hoc
1317 1266 1414 1304 enim,
1428 1265 1551 1298 scilicet
1563 1271 1705 1304 amatum

231 1318 305 1355 deo,
320 1318 396 1361 quia
411 1324 543 1362 amatur,
558 1320 620 1352 tale
634 1324 694 1358 est,
718 1324 754 1352 ut
768 1319 808 1350 sit
822 1323 972 1352 amatum.
996 1319 1074 1351 illud
1091 1325 1209 1362 autem,
1236 1320 1358 1352 scilicet
1371 1324 1526 1358 sanctum.
1549 1320 1624 1363 quia
1640 1321 1705 1352 tale

230 1378 291 1415 est,
305 1378 342 1404 ut
354 1379 487 1415 ametur,
511 1379 642 1412 amatur.
667 1379 701 1406 et
724 1379 861 1406 amatum
877 1379 938 1406 est.
983 1373 1187 1417 Viderisque,
1213 1385 1232 1407 ο
1248 1374 1472 1417 Euthypliron,
1493 1385 1602 1416 quum,
1624 1374 1706 1416 quid.

231 1433 375 1459 sanctum
389 1429 443 1470 sit,
457 1428 664 1471 interrogatus
678 1428 785 1466 fueris,
805 1428 973 1460 essentiam
990 1427 1073 1460 illius
1089 1429 1253 1460 ostendere
1267 1428 1404 1460 noluisse
1418 1440 1427 1459 :
1451 1429 1506 1460 sed
1523 1428 1703 1471 passionem

231 1483 390 1524 quandam
414 1483 632 1524 assignavisse,
658 1493 753 1525 quam
782 1483 843 1514 boc
866 1487 1008 1514 sanctum
1033 1483 1193 1525 suscepit:
1230 1483 1269 1514 ab
1295 1483 1440 1514 omnibus
1465 1482 1614 1515 videlicet
1640 1482 1705 1514 diis

232 1536 341 1567 amari.
363 1538 451 1578 quod
464 1541 570 1568 autem
585 1538 637 1575 sit,
664 1537 805 1568 nondum
827 1536 919 1568 nobis
933 1536 1126 1579 explicuisti.
1168 1536 1203 1568 Si
1229 1537 1335 1578 itaque
1361 1537 1419 1568 tibi
1443 1537 1562 1579 placet,
1584 1548 1625 1569 ne
1650 1548 1702 1569 me

230 1590 328 1631 celes,
340 1601 444 1622 verum
458 1602 477 1622 a
490 1587 647 1634 principio
670 1601 773 1622 rursus
787 1591 933 1628 definias,
957 1590 1034 1632 quid
1049 1590 1152 1633 ipsum
1167 1596 1308 1623 sanctum
1324 1591 1472 1630 existens,
1487 1591 1534 1623 vel
1550 1596 1671 1623 amatur
1682 1603 1706 1623 a.

229 1645 302 1682 deo,
325 1644 374 1676 vcl
397 1645 483 1677 aliud
505 1646 630 1688 quidvis
651 1645 791 1687 patitur:
814 1655 918 1687 neque
944 1645 1029 1677 enim
1052 1645 1093 1676 de
1116 1645 1180 1677 hoo
1201 1645 1336 1677 invicem
1359 1644 1591 1679 dissidebianus.
1636 1646 1701 1678 Sed

229 1704 376 1740 prompte
395 1698 464 1740 jam
489 1699 590 1736 dicas,
612 1698 690 1742 quid
716 1704 859 1731 sanctum
883 1703 942 1740 est,
967 1699 1086 1741 quidve
1108 1699 1288 1741 profanum.
1332 1699 1398 1732 Eu.
1420 1698 1478 1742 At,
1501 1711 1520 1732 ο
1543 1699 1701 1740 Socrates,

230 1753 390 1795 quomodo
415 1753 473 1797 tibi
494 1755 579 1796 quod
600 1754 720 1796 cogito,
741 1753 926 1796 exprimam,
949 1764 1016 1785 non
1037 1753 1179 1785 invenio.
1223 1754 1355 1796 Semper
1376 1753 1462 1786 enim
1487 1753 1593 1795 nobis,
1613 1755 1701 1796 quod

230 1807 463 1850 proposuimus,
486 1809 680 1850 praeterfluit,
703 1818 808 1851 neque
836 1807 1006 1840 consistere
1032 1808 1111 1849 vult,
1134 1808 1190 1840 ubi
1213 1808 1363 1840 sistimus.
1405 1808 1465 1841 So.
1486 1808 1700 1850 Progenitoria

228 1862 327 1893 nostri
341 1862 480 1901 Daedali,
495 1875 514 1894 o
530 1862 756 1906 Eufflyptuon,
771 1873 868 1906 opera
881 1873 961 1901 esse,
984 1873 1056 1905 quae
1072 1862 1190 1901 dixisti,
1207 1863 1365 1894 videntur.
1410 1862 1507 1900 Quod
1520 1862 1548 1894 si
1568 1873 1629 1904 ego
1642 1862 1702 1895 illa

230 1916 377 1948 dixissem
392 1922 487 1959 atque
503 1918 688 1960 posuIssem,
704 1918 784 1950 forte
799 1928 850 1949 me
865 1917 984 1949 risisses
1000 1917 1093 1959 (joco
1109 1917 1247 1959 quodam
1263 1916 1436 1959 objiciens)
1451 1916 1538 1958 quod
1552 1916 1702 1949 orationis

230 1982 309 2004 meaa
324 1972 456 2004 artificia
469 1973 643 2004 secundum
657 1972 743 2004 illius
757 1971 979 2014 cognationem
994 1971 1180 2014 diffugiunt,
1193 1981 1296 2013 neque
1308 1981 1490 2014 permanere
1504 1971 1628 2010 volunt,
1644 1971 1701 2004 ubi

229 2025 300 2068 quis
330 2025 384 2057 illa
409 2026 539 2058 locavit.
580 2024 679 2059 Nunc
704 2031 823 2068 autem,
842 2036 915 2058 cum
941 2031 1004 2057 tuae
1026 2025 1261 2068 suppositiones
1282 2026 1351 2057 istae
1375 2024 1450 2063 sint,
1476 2025 1539 2061 alia
1561 2027 1701 2068 quadam.

229 2090 310 2121 opus
333 2085 381 2111 est
403 2080 584 2114 dicacitate.
609 2091 714 2123 neque
738 2081 824 2112 enim
847 2079 906 2112 tibi
931 2090 1113 2122 permanere
1128 2079 1254 2122 volunt,
1277 2084 1314 2111 ut
1338 2078 1395 2110 tibi
1416 2089 1544 2121 quoque
1564 2080 1703 2112 videtur.

229 2133 294 2166 Eu.
317 2134 418 2166 Immo
435 2135 511 2167 mihi
526 2136 660 2177 videtur,
671 2147 690 2167 o
703 2136 862 2173 Socrates,
877 2145 948 2178 quae
964 2134 1050 2178 dicta
1065 2140 1150 2172 sunt,
1177 2135 1312 2166 eandem
1327 2144 1410 2175 pene
1425 2134 1624 2166 dicacitatem
1644 2133 1704 2176 jo-

229 2199 365 2231 cumque
380 2190 545 2222 admittere
557 2202 569 2222 :
590 2190 678 2233 quod
690 2190 776 2222 enirn
791 2189 845 2221 illa
859 2189 1132 2226 circumhbantm,
1158 2199 1218 2231 ego
1239 2188 1367 2220 minime
1382 2188 1416 2220 in
1429 2198 1524 2221 causa
1537 2199 1620 2226 sum,
1641 2189 1706 2221 sed>

229 2247 264 2273 ω
278 2243 358 2282 mihi
370 2243 523 2276 Daedalus
538 2244 607 2287 ipse
622 2244 739 2276 videris
750 2256 760 2276 :
783 2249 937 2286 quantum
952 2254 1088 2286 namque
1104 2243 1138 2274 in
1150 2254 1200 2275 me
1214 2248 1274 2282 est,
1286 2243 1334 2275 sic
1348 2243 1402 2274 illa
1416 2242 1614 2275 mansissent.
1639 2243 1698 2277 So.

231 2297 352 2329 Videor
366 2298 471 2340 igitur,
482 2310 502 2330 o
517 2299 631 2341 amice,
645 2309 684 2331 eo
700 2299 735 2330 in
748 2299 808 2332 hac
822 2303 888 2330 arte
901 2308 997 2341 quam
1011 2297 1064 2330 ille
1077 2297 1288 2340 praestantior,
1313 2307 1376 2340 quo
1390 2297 1445 2328 ille
1459 2307 1517 2328 sua
1529 2297 1631 2328 solum
1645 2297 1698 2329 in-

231 2351 354 2384 stabilia
369 2353 555 2395 fabricabat,
569 2364 628 2396 ego
645 2358 763 2391 autem,
779 2359 891 2395 ptaeter
910 2363 991 2390 mea,
1006 2357 1042 2384 ut
1056 2356 1202 2394 apparet,
1222 2351 1317 2383 etiam
1340 2351 1456 2384 aliena.
1499 2350 1604 2393 quue
1623 2351 1702 2383 mihi

228 2406 324 2438 estin
339 2412 405 2439 arte
420 2408 674 2449 pulcherrimum,
689 2409 774 2451 quod
790 2408 906 2440 invitus
922 2417 992 2439 sum
1004 2405 1144 2449 sapiens.
1186 2406 1301 2437 Malim
1322 2416 1458 2447 namque
1471 2404 1608 2438 rationes
1621 2405 1700 2438 mihi

227 2470 364 2499 manere,
378 2461 615 2506 immobilesque
629 2462 810 2499 consistere,
826 2472 922 2504 quam
934 2471 1031 2503 supra
1047 2460 1176 2492 Daedali
1191 2459 1392 2502 sapientiam,
1418 2459 1544 2491 Tantali
1569 2469 1698 2502 quoquo

227 2515 354 2547 divitias
369 2516 488 2547 affatim
500 2517 638 2559 assequi.
679 2517 852 2559 Postquam
868 2526 953 2554 vero,
971 2521 1120 2557 tanquam
1136 2514 1316 2552 delicatior,
1332 2514 1468 2547 laborem
1483 2514 1698 2556 subterfugere

226 2569 303 2606 mihi
319 2570 443 2609 videris,
467 2582 529 2612 ego
546 2582 607 2603 una
621 2576 727 2603 tecum
741 2571 899 2603 declarare
913 2570 1115 2607 contendam,
1136 2574 1173 2602 ut
1188 2580 1237 2601 me
1252 2569 1335 2601 circa
1350 2568 1453 2610 ipsum
1468 2573 1609 2600 sanctum
1625 2579 1699 2600 eru-

227 2625 310 2666 dias,
324 2625 430 2665 necin
446 2625 551 2656 medio
565 2636 710 2657 sermone
737 2625 880 2658 deficias.
921 2624 1020 2666 vide,
1039 2634 1114 2656 num
1137 2623 1196 2655 tibi
1217 2622 1425 2655 necessarium
1440 2622 1584 2654 videatur
1602 2633 1697 2654 omne

226 2683 369 2711 sanctum
385 2689 452 2710 esse
462 2678 598 2720 justum.
641 2679 707 2713 Eu.
729 2679 815 2712 Mihi
828 2690 914 2712 vero-
956 2678 1013 2714 So,
1035 2677 1200 2720 Numquid
1216 2683 1250 2710 et
1271 2687 1365 2708 omne
1382 2676 1505 2718 justum
1527 2677 1696 2709 sanctum?

225 2738 280 2776 ant
295 2732 401 2775 potius
424 2732 501 2775 [12]
524 2744 617 2765 omne
643 2739 786 2766 sanctum
806 2733 952 2777 justum?
972 2732 1096 2774 justum
1111 2743 1184 2764 vero
1207 2743 1272 2763 non
1288 2742 1381 2763 omne
1396 2731 1524 2774 quidem
1539 2736 1694 2770 sanctum,

225 2788 281 2820 scd
297 2787 412 2829 partim
425 2792 580 2825 sanctum,
607 2788 718 2830 partim
746 2788 832 2820 aliud
855 2787 1034 2831 quiddam?
1080 2787 1146 2821 Eu.
1170 2786 1396 2828 Nequaquam,
1410 2796 1430 2816 o
1445 2786 1600 2822 Socrates,
1620 2796 1694 2828 qum

223 2841 310 2873 <licta
324 2846 411 2883 sunt,
434 2851 594 2884 assequor.
638 2841 695 2873 So.
720 2842 945 2874 Verumtamen
965 2841 1074 2884 junior
1100 2852 1150 2873 me
1171 2841 1272 2873 nihilo
1298 2839 1399 2872 minus
1413 2849 1508 2882 quam
1522 2839 1694 2881 sapientior

222 2907 278 2928 es:
304 2896 374 2939 sed,
387 2901 424 2928 ut
438 2896 516 2934 dixi,
527 2895 692 2928 delicatior
706 2907 739 2928 es
755 2897 795 2927 ob
811 2897 977 2939 sapientia:
992 2895 1129 2938 copiam.
1174 2896 1232 2934 At,
1249 2907 1268 2927 o
1284 2896 1387 2935 beate,
1402 2893 1482 2925 vires
1495 2898 1565 2925 tuas
1578 2893 1694 2930 excita,

222 2950 356 2984 enitere.
378 2950 458 2984 nihil
473 2951 557 2984 enim
573 2950 702 2984 arduum
719 2956 779 2991 cst,
805 2951 892 2994 quod
914 2950 1058 2985 dicebam
1079 2950 1360 2994 comprehendere.
1382 2948 1456 2982 dico
1469 2957 1605 2991 uanique
1619 2957 1704 2993 con·-
