1846 3268
194 226 290 281 348]
743 222 1120 262 PROTAGORAS.
1606 225 1654 263 61

193 341 264 364 nem
280 327 579 372 irreprehensibilem
594 327 720 370 penitus
734 327 814 360 inter
828 337 896 367 eos,
910 326 1093 370 quicunque
1118 327 1231 370 passim
1253 326 1404 360 fructibus
1425 332 1512 360 terrae
1528 338 1660 360 vescun-

195 391 257 419 tur.
302 384 428 417 Deinde
445 382 542 420 vobis,
558 382 641 425 quod
660 382 738 413 milii
753 387 946 423 compertum
962 386 1022 419 est,
1039 382 1163 422 nuntio,
1189 382 1274 424 quod
1291 382 1439 414 videlicet
1454 381 1548 423 hujus
1566 391 1661 413 causa

195 438 353 471 neminem
369 437 550 469 laudaturus
565 447 645 470 sum.
668 446 774 468 verum
790 435 867 466 mibi
881 436 995 468 sufficit
1010 436 1062 468 ille
1081 436 1135 478 qui
1157 437 1294 468 medium
1316 441 1415 474 tenet,
1441 446 1543 478 neque
1569 441 1660 478 turpe

195 493 271 535 quid
286 492 362 533 agit.
383 491 532 534 quoniam
548 501 608 533 ego
623 501 732 522 omnes
757 490 801 522 sic
825 490 924 532 diligo
939 496 1034 532 atque
1050 490 1155 523 laudo.
1201 490 1262 522 Hic
1278 490 1387 532 utique
1402 489 1657 532 Mitylenaeorum

195 545 303 587 lingua
314 551 362 578 est
378 555 463 582 usus,
479 549 626 587 tanquam
642 545 789 577 adversus
807 544 966 576 Pittacum
982 545 1024 576 sic
1041 545 1162 582 dicens,
1176 544 1294 576 Omnes
1310 549 1413 575 autern
1430 544 1537 582 laudo,
1559 549 1592 575 et
1612 543 1661 575 di·

194 600 259 642 ligo
274 599 386 632 libens.
430 598 493 631 Hic
508 603 632 641 oportet
648 599 679 630 id
693 599 778 641 quod
795 599 894 630 libens
909 599 1034 636 dicitur,
1048 610 1186 630 seorsum
1201 609 1220 630 a
1235 599 1437 641 sequentibus
1459 608 1584 640 capere,
1604 598 1660 629 ad-

194 654 299 687 dicere
315 653 512 696 postmodum
528 654 710 696 quicunque
726 653 803 684 nihil
830 657 919 695 turpe
935 654 1113 685 committit.
1146 664 1218 684 nam
1245 657 1318 684 sunt
1333 659 1366 684 et
1381 652 1491 694 aliqui,
1507 663 1586 694 quos
1600 662 1660 694 ego

194 718 259 740 non
274 707 376 739 libens
391 708 484 739 laudo
501 713 534 739 et
547 707 657 749 diligo.
703 707 799 745 Quod
815 707 842 739 si
856 713 890 739 et
904 712 950 745 tu,
976 707 1074 750 [347]
1098 708 1142 739 mi
1158 707 1292 745 Pittace,
1320 707 1516 739 mediocriter
1529 716 1661 738 consen-

193 766 287 794 tanea
302 772 435 802 veraque
448 762 588 798 dixisses,
605 772 766 804 uunquam
783 767 814 793 te
829 762 1106 804 reprehendissem.
1141 771 1225 793 nunc
1241 772 1325 798 vero,
1343 772 1414 793 cum
1430 767 1463 792 et
1477 761 1610 792 maxime
1630 765 1663 792 et

191 816 227 848 in
242 816 382 848 maximis
393 816 476 848 salsa
489 816 637 858 proferas,
653 826 725 858 quae
739 826 812 848 vera
827 815 932 847 multis
957 821 1123 858 apparent,
1139 821 1170 846 te
1184 815 1411 857 reprehendere
1425 825 1533 857 cogor.
1580 814 1661 847 Haec

194 869 282 908 mihi.
303 881 322 901 o
347 870 481 902 Prodice
496 875 591 912 atque
614 869 797 913 Protagora,
823 870 872 901 his
895 870 930 901 in
951 869 1140 902 carminibus
1154 869 1325 900 Simonidis
1351 869 1449 911 ipsius
1464 878 1551 900 mens
1565 868 1662 900 fuisse

192 924 326 957 videtur.
369 924 449 957 Tum
465 924 614 967 Hippias,
630 925 732 962 Bene,
748 924 864 966 inquit,
878 935 898 955 o
913 924 1070 964 Socrates,
1093 924 1230 956 carmina
1256 924 1323 955 haec
1338 922 1521 966 exposuisse
1535 921 1660 954 videris.

192 983 241 1011 est
253 983 286 1010 et
302 979 376 1010 mibi
391 978 470 1010 ratio
485 978 548 1010 illis
563 979 801 1011 accommodata
815 989 824 1011 :
849 989 943 1021 quam
958 979 1059 1016 vobis,
1073 978 1100 1010 si
1115 979 1221 1015 vultis,
1237 978 1414 1009 ostendam.
1458 977 1560 1008 Immo
1575 987 1661 1014 vero,

192 1032 296 1075 inquit
309 1032 504 1074 Alcibiades,
519 1034 574 1065 sed
591 1039 710 1075 postea.
744 1033 827 1075 prius
842 1038 947 1064 autem
962 1043 1109 1075 peragere
1130 1033 1233 1069 decet,
1260 1042 1332 1074 quae
1355 1031 1437 1063 inter
1455 1031 1615 1063 Socratem
1629 1036 1663 1063 et

194 1087 396 1129 Protagoram
422 1092 646 1119 convenerunt.
692 1087 734 1119 Et
753 1087 779 1118 si
800 1087 986 1128 Protagoras
1009 1087 1197 1128 interrogare
1218 1085 1346 1118 ulterius
1371 1085 1448 1127 vult,
1473 1086 1660 1126 respondere

191 1140 334 1174 Socrates
370 1142 465 1174 debet
480 1153 488 1172 :
526 1142 575 1173 sin
603 1146 708 1173 autem
746 1142 936 1183 respondere
967 1142 1035 1172 vult
1060 1141 1259 1184 Protagoras,
1289 1141 1477 1183 interrogare
1506 1141 1661 1172 Socrates.

194 1195 295 1237 Atqui
311 1196 466 1237 concedo,
481 1196 622 1238 inquam,
648 1195 827 1238 Protagorae
848 1196 1062 1238 quodcunque
1085 1196 1194 1227 horum
1218 1196 1279 1237 ipsi
1294 1195 1410 1237 gratius
1439 1199 1488 1226 est
1511 1194 1660 1227 futurum.

193 1250 279 1291 quod
295 1248 321 1280 si
338 1249 453 1291 placet,
469 1260 572 1281 versus
588 1251 868 1292 praetermittamus.
891 1260 930 1282 ea
945 1261 1030 1290 vero,
1045 1261 1115 1292 quae
1130 1251 1185 1282 abs
1200 1256 1231 1282 te
1247 1250 1347 1292 primo
1371 1249 1559 1291 quaerebam,
1585 1247 1663 1279 Pro-

193 1307 311 1344 tagora,
327 1302 459 1335 libenter
483 1314 546 1335 una
573 1309 675 1336 tecum
699 1304 904 1336 absolverem.
949 1305 1086 1337 Videtur
1105 1305 1189 1336 enirn
1215 1304 1291 1336 mihi
1315 1303 1487 1346 disputatio
1509 1303 1551 1335 de
1571 1303 1662 1334 rebus

193 1357 328 1399 poeticis
344 1356 510 1399 persimilis
526 1369 593 1390 esse
608 1358 762 1390 conviviis
784 1359 997 1402 imperitorum
1014 1359 1269 1401 plebeiorumque
1285 1359 1457 1390 hominurn.
1501 1356 1567 1394 Qui
1589 1366 1661 1388 cum

192 1417 320 1454 propter
333 1411 490 1444 inscitiam
505 1418 665 1455 nequeant
680 1413 813 1446 invicem
830 1414 954 1456 propria
969 1424 1048 1446 voce
1062 1414 1190 1456 suisque
1205 1413 1399 1445 sermonibus
1415 1411 1566 1454 colloqui,
1582 1421 1662 1442 mer·

191 1467 271 1499 cede
285 1467 423 1498 exhibita
438 1466 583 1499 tibicinas
597 1467 813 1504 introducunt.
828 1474 860 1499 et
871 1468 975 1500 aliena
986 1478 1075 1505 voce,
1090 1469 1150 1499 hoc
1160 1472 1218 1504 est,
1230 1467 1373 1499 tibiarum
1385 1467 1474 1502 flatu,
1484 1464 1662 1498 convivium

191 1521 379 1563 transigunt.
421 1521 485 1553 Ubi
501 1526 606 1554 autem
622 1522 697 1553 boni
713 1520 916 1564 praeclarique
925 1527 958 1554 et
970 1522 1085 1554 eniditi
1102 1522 1160 1554 viri
1173 1522 1378 1559 conveniunt,
1401 1531 1504 1563 neque
1520 1519 1664 1551 tibicinas

191 1575 247 1612 ibi.
263 1585 366 1617 neque
377 1575 560 1617 saltatrices,
575 1587 679 1618 neque
693 1576 878 1608 cantatrices
894 1576 973 1617 ullas
989 1576 1124 1617 videbis,
1138 1576 1194 1608 sed
1209 1587 1263 1607 eos
1280 1575 1406 1618 propria
1422 1585 1511 1612 voce,
1537 1573 1662 1605 remotis

192 1629 241 1662 his
256 1629 348 1672 nugis
358 1630 703 1672 jocisque,convivium
719 1630 887 1666 celebrare,
903 1636 934 1662 et
949 1631 1076 1662 alternis
1088 1630 1384 1672 interrogationibus
1393 1628 1663 1670 responsionibus-

192 1695 257 1727 que
269 1685 409 1717 modeste
420 1685 582 1721 disserere,
597 1683 720 1715 etiarusi
735 1683 842 1715 vinum
859 1685 985 1716 abunde
1001 1685 1146 1718 biberint.
1177 1684 1299 1716 Eodem
1316 1685 1408 1716 modo
1423 1683 1449 1715 si
1464 1684 1503 1714 ad
1517 1683 1663 1724 hujusce-

194 1738 280 1769 modi
290 1738 519 1779 disputationes
528 1738 583 1769 viri
595 1738 672 1770 tales
683 1738 890 1778 conveniunt,
901 1739 1009 1781 quales
1019 1750 1087 1771 esse
1101 1749 1157 1771 nos
1168 1739 1291 1781 plurimi
1305 1739 1487 1781 praedicant,
1499 1736 1662 1778 haudqua-

195 1802 288 1834 quam
299 1793 402 1824 aliena
413 1803 489 1824 voce
501 1798 532 1824 et
549 1792 712 1834 poetarum
729 1793 827 1825 verbis
837 1793 995 1835 indigent,
1008 1803 1086 1835 quos
1102 1793 1277 1835 percontari
1291 1804 1356 1825 non
1365 1794 1457 1824 datur
1468 1793 1508 1823 de
1521 1791 1579 1828 his,
1589 1800 1661 1832 quae

194 1847 353 1878 scribunt:
377 1847 475 1888 etqui
491 1857 596 1878 eorum
620 1846 800 1879 testimonia
821 1846 853 1878 in
880 1849 1017 1879 medium
1033 1847 1180 1889 afferunt,
1206 1848 1317 1890 partim
1345 1849 1416 1884 hoc,
1443 1846 1555 1888 partim
1583 1845 1660 1875 illud

193 1901 307 1932 sentire
323 1900 450 1942 poetam
479 1901 742 1942 interpretantur;
765 1911 869 1943 neque
885 1902 1072 1934 convincere
1099 1907 1240 1944 possunt,
1265 1913 1369 1944 neque
1394 1912 1457 1932 rem
1486 1901 1597 1942 ipsam,
1621 1899 1661 1929 de

194 1966 258 1997 qua
272 1956 440 1995 disserunt,
453 1955 611 1998 expedire.
655 1955 748 1987 Tales
762 1966 837 1997 ergo
852 1956 1125 1988 confabulationes
1140 1957 1300 1999 sapientes
1314 1956 1371 1988 viri
1386 1955 1560 1992 dimittunt,
1586 1953 1661 1995 ipsi-

192 2020 255 2051 que
271 2020 325 2052 per
335 2020 367 2041 se
381 2010 516 2042 invicem
533 2010 767 2052 colloquuntur,
782 2009 879 2051 [348]
891 2010 1089 2052 vicissimque
1101 2011 1219 2052 ingenii
1231 2011 1402 2053 periculum
1418 2010 1550 2041 faciunt.
1587 2008 1662 2038 Dis-

199 2069 357 2105 putatores
373 2069 476 2095 autem
493 2063 685 2106 hujusmodi,
700 2069 737 2095 ut
751 2065 893 2105 arbitror,
909 2076 969 2106 ego
985 2070 1017 2096 et
1033 2070 1065 2096 tu
1080 2075 1164 2096 nunc
1182 2065 1296 2097 imitari
1311 2066 1474 2101 debemus,
1488 2069 1532 2101 et,
1557 2062 1662 2104 poetis

196 2118 394 2160 posthabitis,
408 2119 520 2149 nostris
533 2118 706 2150 rationibus
729 2129 791 2150 rem
816 2119 916 2161 ipsam
940 2120 1109 2161 discuteue,
1131 2120 1298 2161 facereque
1323 2125 1384 2151 tam
1411 2117 1529 2160 ingenii
1555 2116 1664 2153 nostri,

195 2183 287 2214 quam
306 2173 444 2204 veritatis
457 2183 597 2204 examen.
620 2173 644 2203 si
661 2184 734 2215 ergo
751 2173 831 2204 ultra
855 2184 992 2216 quaerere
1014 2175 1117 2215 cupis,
1143 2175 1334 2216 respondere
1357 2173 1413 2204 tibi
1431 2177 1554 2214 paratus
1569 2182 1635 2202 sum
1652 2182 1659 2201 ι

195 2227 242 2258 sin
258 2227 347 2258 aliter
362 2228 469 2263 mavis.
485 2233 516 2258 te
533 2228 606 2258 mihi
623 2229 725 2268 praebe
741 2233 774 2259 et
789 2228 904 2269 adjuva
919 2229 959 2259 ad
976 2239 1013 2259 ea
1029 2239 1098 2270 quae
1109 2229 1329 2259 intermisimus
1346 2227 1533 2269 peragenda.
1579 2225 1659 2257 Cum

196 2282 263 2312 haec
279 2281 404 2323 aliaque
420 2280 598 2323 hujusmodi
614 2282 803 2319 intulissem,
824 2282 1023 2324 Protagoras,
1039 2283 1114 2325 quid
1131 2282 1323 2324 potissimum
1345 2282 1501 2322 agendum
1521 2280 1662 2321 eligeret,

193 2346 391 2378 nequaquam
405 2336 536 2377 aperuit.
568 2336 657 2368 Tunc
675 2336 859 2369 Alcibiades
873 2338 914 2368 ad
932 2336 1063 2369 Calliam
1080 2347 1259 2376 conversus,
1276 2335 1304 2366 O
1319 2335 1433 2373 Callia,
1445 2335 1562 2376 inquit,
1575 2333 1662 2364 vide—

195 2395 286 2421 turne
303 2390 360 2421 tibi
376 2401 460 2422 nunc
476 2399 558 2422 recte
575 2392 762 2434 Protagoras
778 2391 891 2429 facere,
908 2403 1003 2433 quum
1020 2391 1178 2423 declarare
1193 2391 1284 2428 nolit,
1300 2396 1401 2421 utrum
1424 2390 1576 2421 rationem
1594 2388 1662 2420 red·

195 2444 269 2475 dere
286 2444 422 2486 placeat,
438 2445 557 2477 necne?
583 2445 657 2476 mihi
673 2446 800 2487 quidem
815 2457 879 2477 non
897 2447 1030 2478 videtur.
1077 2446 1139 2478 Sed
1151 2445 1218 2487 jam
1235 2446 1282 2477 vel
1306 2445 1460 2487 disputet,
1477 2443 1524 2475 vel
1550 2443 1662 2485 dispu-

195 2503 260 2529 tare
275 2499 358 2529 nolle
374 2509 406 2530 se
421 2500 518 2536 dicat,
544 2505 579 2530 ut
601 2499 673 2531 huic
695 2501 823 2541 quidem
851 2501 918 2532 haec
941 2500 1166 2533 adscribamus,
1211 2501 1355 2531 Socrates
1375 2505 1479 2529 autem
1503 2509 1573 2530 cum
1599 2498 1661 2528 alio

195 2552 306 2592 quovis
321 2553 470 2593 disseram
497 2553 545 2584 vel
569 2554 659 2591 alius,
680 2555 860 2597 quicunque
877 2555 955 2592 vult,
970 2566 1040 2586 cum
1068 2555 1132 2586 alio
1158 2554 1321 2596 quopiam.
1367 2554 1553 2594 Protagoras
1573 2558 1661 2591 tunc,

197 2610 232 2636 ut
245 2605 327 2636 visus
346 2613 395 2637 est.
419 2607 506 2644 milii,
530 2609 717 2640 verecundia
742 2616 844 2640 motus
867 2615 995 2651 propter
1021 2609 1196 2640 Alcibiadis
1223 2609 1407 2649 orationem,
1434 2607 1607 2648 Calliaeque
1629 2612 1662 2637 et

194 2660 325 2691 aliorum
344 2661 542 2701 praesentium
559 2672 678 2703 preces,
694 2663 744 2694 vix
761 2665 886 2695 tandem
903 2664 943 2694 ad
959 2664 1172 2695 disserendum
1189 2663 1365 2699 descendit,
1377 2662 1535 2704 jussitque
1552 2661 1662 2692 Socra-

196 2718 258 2746 tem
283 2714 386 2755 ipsum
411 2714 610 2757 interrogare,
635 2727 669 2748 se
696 2719 884 2759 respondere
911 2717 1082 2759 pollicitus.
1126 2717 1155 2750 O
1182 2718 1364 2758 Protagora,
1388 2717 1532 2757 inquam,
1557 2725 1596 2745 ne
1613 2725 1662 2744 me

195 2775 299 2800 tecum
325 2769 366 2799 ob
391 2768 476 2800 aliud
504 2769 652 2801 disserere
674 2776 777 2812 putes,
806 2772 866 2803 nisi
890 2772 965 2814 quia
990 2783 1062 2814 quas
1086 2773 1200 2814 passim
1225 2772 1347 2809 dubito,
1372 2771 1528 2802 discutere
1554 2768 1661 2799 velim.

195 2822 323 2854 arbitror
338 2822 433 2863 enim,
449 2823 531 2854 baud
547 2824 586 2855 ab
602 2834 634 2855 re
649 2824 726 2856 illud
742 2826 782 2858 ab
799 2826 939 2859 Homero
955 2826 1072 2858 dictum
1090 2827 1198 2864 fuisse,
1220 2827 1253 2857 Si
1268 2827 1332 2856 duo
1348 2824 1439 2856 simul
1455 2823 1662 2865 congredian-

198 2883 258 2913 tur,
275 2876 352 2909 alter
367 2877 464 2909 altero
479 2878 576 2919 magis
593 2878 790 2911 intellexerit.
834 2881 1016 2923 Sagaciores
1040 2891 1175 2923 namque
1199 2891 1305 2912 sumus
1319 2879 1426 2911 cuncti
1442 2878 1482 2908 ad
1498 2876 1663 2919 quodlibet

194 2941 288 2972 opus,
303 2932 441 2970 verbum,
457 2938 489 2965 et
503 2943 626 2966 sensum
639 2932 904 2976 investigandum.
927 2935 954 2968 ni
966 2936 1039 2978 quis.
1048 2941 1150 2968 autem
1167 2935 1250 2966 solus
1261 2933 1425 2976 quippiam
1442 2931 1571 2973 cogitat,
1589 2944 1656 2965 mox
