1832 3256
189 188 286 239 318]
746 186 1124 230 PROTAGORAS.
1601 194 1654 232 45

180 291 320 324 jllustris
335 281 477 328 evadere,
505 294 600 331 atque
614 287 708 331 hujus
723 289 766 320 rei
780 294 957 331 compotem
973 290 1182 323 familiaritate
1198 295 1253 323 tua
1262 291 1332 324 'fore
1347 302 1380 323 se
1394 296 1509 335 spere-t.
1556 294 1655 336 Vide,

191 351 295 380 utrum
307 346 346 377 de
362 346 422 376 hoc
437 343 519 375 solos
534 348 650 380 tecum,
675 353 717 374 an
737 354 841 375 coram
865 343 935 376 aliis
949 346 1126 376 consultare
1141 356 1198 377 nos
1213 346 1335 378 deceat.
1379 346 1492 378 Paor.
1516 347 1655 389 Videris,

192 411 212 431 ο
227 401 380 443 Socrates,
403 403 485 429 recte
500 397 592 429 saluti
607 407 686 428 meae
708 397 884 429 consulere.
928 399 1078 439 prudenti
1097 410 1232 441 namque
1254 400 1402 431 cautione
1420 400 1545 442 indiget
1568 412 1656 442 pere-

194 454 301 495 grinus
316 453 352 490 is,
375 452 429 494 qui
445 452 564 493 amplas
579 452 670 482 urbes
692 452 954 489 circumlustrans,
977 453 1069 484 claris
1092 453 1208 495 ubique
1226 453 1397 495 juvenibus
1419 455 1598 495 persuadet,
1622 460 1658 485 ut

193 507 301 539 relicta
322 506 452 537 aliorum
467 505 618 542 omniurn,
635 510 697 537 tam
713 515 849 542 suorum,
865 516 959 547 quam
971 507 1228 548 alienigenarum,
1243 512 1306 538 tam
1322 518 1443 548 senum,
1458 518 1550 550 quam
1561 507 1655 549 juve-

191 571 266 593 num
281 560 522 596 consuetudine,
538 558 598 600 ipsi
613 559 671 590 soli
692 559 882 596 adhaereant,
910 565 1059 602 tanquam
1080 561 1180 602 ipsius
1202 561 1412 592 familiaritate
1426 562 1655 603 praestantiores

191 614 260 647 aliis
275 614 407 646 evasuri.
453 612 553 644 invidi
574 613 720 644 adversus
741 624 813 646 eum
836 614 997 655 insurgant
1021 625 1149 647 necesse
1170 619 1229 653 est,
1256 615 1409 657 multique
1425 615 1570 647 malevoli
1584 616 1657 648 huic

188 668 384 703 insidientur.
428 666 498 709 Ego
514 677 586 698 vero
601 671 697 698 artem
712 666 912 709 sophisticam
928 669 1088 710 antiquam
1105 679 1172 700 esse
1188 669 1317 700 arbitror
1330 681 1338 700 :
1362 669 1479 710 priscos
1495 674 1600 701 autem
1608 671 1655 702 vi-

190 733 240 754 ros
253 722 287 754 in
301 732 340 755 ea
355 722 482 763 peritos,
497 721 647 752 iuvidiam
662 721 742 753 hanc
758 721 1027 764 offensionemque
1043 723 1168 763 veritos,
1191 724 1249 755 sub
1269 723 1400 754 aliarum
1421 723 1533 754 artium
1550 725 1656 765 specie

191 775 400 807 dissimulasse
415 787 422 806 ε
448 775 560 817 partim
576 775 702 816 quidem
718 775 775 806 sub
790 774 947 817 poematis
963 777 1082 818 specie,
1097 782 1133 808 ut
1148 777 1303 809 Homerus
1323 777 1410 814 fecit,
1431 782 1465 808 et
1484 777 1656 816 Hesiodus,

189 835 223 861 et
237 830 413 862 Simonides
423 841 432 869 ;
458 829 568 871 partim
593 840 664 860 vero
677 829 735 860 sub
749 839 904 861 sacrorum
921 831 1178 874 oraculorumque
1200 831 1427 873 appellatione,
1448 836 1484 862 ut
1498 830 1656 873 Orpheus,

190 888 224 916 et
239 883 391 926 Musaeus,
406 893 575 924 eorumque
590 883 685 914 etiam
701 887 879 915 sectatores.
924 884 1030 916 audivi
1045 890 1208 927 praeterea,
1225 885 1392 916 nonnullos
1405 895 1473 916 eam
1489 890 1585 916 artem
1601 895 1658 927 ap-

190 937 323 980 pellasse
339 938 567 980 gymnasticam
582 949 589 968 :
614 938 700 979 quod
715 937 807 969 Iccns
821 938 1009 970 Tarentinus
1022 939 1133 971 fecisse
1150 940 1283 977 videtur,
1310 944 1343 971 et
1357 939 1412 981 qui
1427 940 1531 971 adhuc
1547 949 1656 980 super-

192 996 241 1023 est
255 991 394 1034 sophista
406 992 493 1022 nullo
509 991 636 1023 inferior
650 991 853 1033 Selybrianus
870 992 1057 1030 Herodicus,
1079 994 1133 1036 qui
1149 994 1249 1035 prisca
1263 994 1382 1035 origine
1397 1003 1495 1035 genus
1509 1002 1529 1023 a
1542 993 1657 1034 Mega-

191 1045 330 1077 rensibus
345 1045 444 1078 ducit.
489 1045 660 1087 Pythoclea
675 1045 861 1088 quinetiam,
878 1046 977 1079 Chius
992 1047 1135 1089 sophista
1150 1047 1487 1089 doctissimus,aliique
1500 1046 1657 1088 permulti,

191 1101 249 1131 sub
265 1100 391 1132 musicae
413 1100 485 1131 artis
500 1100 652 1131 velamine
672 1100 874 1141 sophisticam
896 1101 1077 1133 facultatem
1103 1102 1320 1135 occuluerunt.
1366 1101 1410 1133 Hi
1433 1111 1552 1143 ornnes,
1576 1101 1657 1132 sicut

190 1154 309 1185 dietum
326 1159 384 1190 est,
411 1159 445 1184 ut
458 1154 610 1185 invidiam
625 1154 813 1190 devitarent,
837 1155 1036 1187 vehementer
1060 1155 1307 1196 dissimularunt,
1334 1160 1366 1186 et
1380 1155 1439 1186 sub
1454 1155 1565 1185 artium
1581 1154 1656 1185 alia-

189 1218 257 1238 rum
273 1212 424 1249 praetextu
440 1207 641 1249 sophisticam
662 1213 759 1239 artem
774 1209 951 1241 occuluere.
977 1209 1074 1251 [317]
1099 1209 1169 1250 Ego
1193 1213 1297 1240 autern
1323 1209 1363 1239 ab
1388 1209 1436 1239 his
1458 1208 1602 1239 omnibus
1621 1207 1658 1239 in

188 1261 249 1292 boc
263 1261 437 1292 dissentio:
462 1271 565 1302 neque
587 1261 763 1292 conducere
779 1262 927 1293 versutias
950 1262 1024 1294 istas
1046 1262 1202 1295 existimo.
1245 1262 1359 1304 Neque
1382 1261 1466 1293 enim
1482 1261 1545 1292 voti
1571 1272 1657 1293 com-

189 1319 279 1356 potes
294 1325 348 1346 eos
365 1314 429 1345 fieri
444 1314 582 1347 arbitror.
626 1324 700 1345 nam
725 1314 780 1345 viri
804 1315 837 1345 in
859 1316 987 1347 civitate
1009 1321 1192 1357 praestantes
1214 1316 1481 1348 dissimulationes
1503 1315 1660 1357 ejusmodi

189 1379 297 1400 omues
318 1368 510 1410 intelligunt.
555 1368 667 1409 vulgus
688 1372 794 1399 autem
816 1369 1049 1410 quodammodo
1072 1380 1137 1401 non
1159 1370 1302 1407 advertit,
1318 1371 1371 1402 sed
1389 1381 1427 1402 ea
1443 1370 1561 1407 laudat,
1585 1380 1657 1412 quae

189 1421 248 1463 ipsi
266 1422 448 1462 praedicaut.
492 1421 750 1462 subterfugiendi
766 1432 837 1453 vero
853 1422 991 1453 studium
1007 1423 1090 1454 istud
1105 1434 1176 1455 cum
1197 1434 1262 1455 non
1277 1424 1451 1466 assequitur
1466 1423 1553 1466 quod
1568 1423 1657 1454 moli-

188 1480 250 1513 tur,
266 1481 298 1507 et
312 1476 441 1507 inertem
456 1475 577 1508 iudicat
591 1476 775 1518 fugientem,
803 1482 836 1508 et
849 1477 1047 1509 advertentes
1070 1478 1212 1509 homines
1234 1478 1337 1510 reddit
1352 1478 1546 1509 infensiores.
1591 1478 1657 1509 exi-

189 1530 317 1562 stimant
331 1530 413 1561 enim
430 1535 541 1571 praeter
555 1535 658 1561 cetera
673 1530 756 1562 huuc
774 1535 929 1562 versutum
946 1532 1205 1574 seductoremque
1220 1543 1299 1564 esse.
1344 1532 1413 1574 Ego
1429 1532 1523 1574 igitur
1533 1536 1656 1563 contra-

189 1584 264 1616 riam
279 1584 437 1626 quandam
452 1583 533 1614 viam
548 1594 615 1615 sum
631 1583 796 1625 ingressus.
839 1584 1002 1627 Confiteor
1015 1596 1065 1617 me
1079 1597 1147 1618 esse
1163 1586 1347 1629 sophistam,
1363 1586 1505 1628 aliosque
1519 1585 1631 1627 docere
1646 1596 1656 1615 ε

187 1643 221 1670 et
235 1639 294 1670 hac
310 1638 447 1679 ingenua
460 1637 672 1675 confessione,
688 1638 785 1670 tutius
799 1649 891 1681 quarn
908 1639 1156 1672 dissimulatione
1171 1640 1237 1677 illa,
1262 1640 1353 1671 vitari
1366 1639 1516 1670 invidiam
1529 1648 1655 1671 censeo.

190 1691 273 1723 Aliis
287 1697 437 1734 praeterea
452 1691 621 1723 rationibus
637 1692 711 1723 mihi
726 1693 885 1735 prospexi,
901 1699 936 1725 ut
951 1694 1028 1725 nibil
1041 1694 1127 1732 mali,
1143 1694 1314 1736 adjuvante
1329 1694 1402 1731 deo,
1418 1693 1459 1724 ob
1473 1692 1656 1734 sophistica

190 1746 412 1788 professionem
437 1745 494 1778 sim
519 1755 640 1787 passus,
668 1746 741 1778 licet
764 1747 878 1779 multos
905 1757 1003 1779 annos
1026 1748 1208 1780 facultatem
1233 1748 1315 1779 hanc
1337 1746 1536 1779 exercuerim.
1580 1745 1655 1777 Sum

189 1799 336 1842 equidem
350 1799 475 1842 grandis
490 1804 578 1839 natu,
600 1805 633 1832 et
647 1800 802 1843 cujusque
817 1807 952 1833 vestrum
967 1806 1060 1834 astate
1081 1807 1170 1844 pater
1184 1813 1251 1833 esse
1266 1812 1400 1844 possem.
1445 1800 1656 1838 Quamobrem

191 1853 397 1895 gratissimum
410 1853 484 1885 mihi
499 1852 568 1892 erit,
584 1854 610 1885 si
625 1854 665 1886 de
682 1854 719 1885 iis
735 1866 868 1894 mecum,
893 1856 1094 1888 audientibus
1118 1856 1261 1888 omnibus
1276 1856 1331 1898 qui
1352 1856 1435 1887 intus
1462 1859 1546 1891 sunt,
1562 1853 1656 1884 verba

187 1907 289 1939 facere
305 1907 417 1940 velitis.
462 1907 523 1940 Hic
539 1918 597 1949 ego
611 1917 683 1939 eum
699 1908 874 1950 suspicatus
888 1914 1044 1941 ostentare
1057 1909 1272 1942 auctoritatem
1282 1919 1369 1940 suam
1384 1908 1470 1950 apud
1486 1906 1656 1938 Prodicum

189 1966 222 1993 et
237 1961 389 2004 Hippiam
405 1962 497 2000 velle,
511 1963 598 2005 quod
612 1961 682 2004 ejus
698 1963 862 2004 sapientiae
877 1964 1027 1996 aviditate
1042 1962 1227 1996 inflammati
1240 1964 1281 1995 ad
1296 1973 1368 1995 eum
1377 1961 1568 1994 audiendum
1584 1970 1656 2002 pro-

189 2015 265 2047 fecti
279 2027 427 2055 essemus,
444 2016 508 2049 Cur
522 2028 598 2059 non,
612 2017 752 2060 iuquam,
767 2017 936 2051 Prodicum
951 2023 1045 2060 atque
1059 2018 1224 2060 Hippiam,
1248 2022 1282 2049 et
1295 2027 1350 2050 eos
1364 2016 1419 2059 qui
1432 2016 1490 2047 hos
1503 2014 1657 2047 comitan-

189 2077 251 2108 tur,
265 2071 327 2103 huc
342 2072 542 2109 advocamus,
558 2075 593 2103 ut
606 2076 639 2103 et
652 2070 713 2112 ipsi
726 2082 783 2103 nos
798 2072 951 2104 audiant?
996 2072 1106 2105 Pnor.
1129 2071 1342 2104 Advocemus.
1379 2070 1418 2103 C.
1435 2069 1550 2106 Vultis,
1565 2069 1657 2100 sedes

189 2124 241 2156 hic
257 2135 411 2167 paremus,
438 2130 472 2156 ut
485 2125 629 2156 sedentes
643 2123 842 2157 edissemus?
887 2125 1109 2158 Consensimus
1133 2136 1253 2158 omnes.
1295 2131 1329 2157 et
1342 2124 1490 2156 audiendi
1507 2122 1657 2154 aviditate

190 2179 360 2211 admodum
375 2179 558 2211 festinantes
573 2179 662 2210 sedes
679 2189 785 2211 omnes
800 2179 997 2222 collegimus,
1011 2185 1045 2212 et
1055 2179 1147 2222 juxta
1166 2180 1320 2221 Hippiam
1347 2178 1511 2211 confestim
1532 2176 1656 2219 paravi-

191 2244 271 2265 mus.
315 2233 361 2265 ibi
383 2232 464 2264 enim
481 2233 613 2274 plurima
628 2238 717 2264 erant
737 2234 896 2267 subsellia.
939 2234 1022 2265 Turn
1048 2234 1165 2266 Callias
1187 2239 1220 2265 et
1235 2232 1416 2264 Alcibiades
1441 2232 1658 2271 adventarunt,

191 2287 422 2329 Prodicumque
437 2291 470 2318 et
483 2287 724 2328 adstipulatores
746 2286 816 2329 ejus
839 2298 944 2319 secum
966 2289 1133 2320 duxerunt.
1177 2286 1349 2328 Postquam
1370 2286 1464 2328 igitur
1488 2283 1658 2316 consedere

193 2351 312 2379 omnes,
327 2340 465 2383 Repete,
490 2352 509 2372 o
524 2341 679 2378 Socrates,
702 2340 807 2382 inquit
822 2341 1020 2383 Protagoras,
1044 2341 1091 2371 his
1107 2341 1309 2383 praesentibus
1323 2350 1394 2381 quae
1410 2350 1458 2370 me
1476 2338 1568 2380 paulo
1584 2342 1658 2369 ante

192 2406 248 2438 pro
263 2395 461 2427 adolescente
475 2395 536 2426 hoc
552 2395 745 2427 obsecrabas.
770 2395 867 2438 [318]
891 2394 945 2426 Ab
963 2396 1088 2436 eodem,
1103 2395 1243 2437 inquam,
1259 2394 1387 2426 exordio
1407 2403 1503 2429 nunc,
1527 2402 1590 2434 quo
1605 2402 1657 2423 su-

193 2458 262 2491 pra,
277 2448 436 2490 incipiam.
479 2448 689 2490 Hippocrates
702 2449 753 2480 hie
770 2450 926 2480 adhaerere
941 2449 999 2480 tibi
1009 2449 1207 2486 vehementer
1216 2452 1345 2490 exoptat
1359 2460 1366 2480 ;
1391 2457 1495 2479 verum
1507 2446 1658 2488 quidnam

194 2502 236 2533 sit
250 2513 288 2533 ex
302 2503 362 2533 hac
376 2503 603 2534 consuetudine
617 2507 840 2544 reportaturus,
857 2503 989 2534 libenter
1004 2503 1136 2535 audiret.
1180 2503 1343 2546 bucusque
1356 2506 1462 2534 nostra
1475 2511 1507 2532 se
1517 2499 1660 2531 extendit

195 2556 306 2589 oratio.
349 2555 459 2586 Pan-r.
481 2555 579 2593 Petis,
595 2556 672 2597 quid
686 2567 807 2588 mecum
823 2556 995 2588 lucraturus
1006 2556 1058 2593 sis,
1073 2556 1279 2588 adolescens?
1303 2565 1461 2596 nunquam
1473 2554 1603 2585 accedes
1618 2553 1659 2583 ad

193 2621 255 2648 me,
268 2610 345 2652 quin
360 2610 451 2640 abeas
466 2610 597 2646 doctior,
613 2610 804 2651 singulisque
819 2610 930 2642 diebus
946 2620 1067 2642 mecum
1081 2610 1234 2651 proficies.
1278 2609 1333 2640 So.
1355 2608 1452 2639 Haud
1463 2608 1572 2638 mirum
1588 2608 1660 2642 hoc,

196 2675 216 2696 ο
232 2664 423 2704 Protagora:
446 2663 490 2694 sic
505 2663 588 2694 enirn
603 2663 768 2696 convenit:
794 2664 1050 2706 quandoquidem
1075 2668 1108 2695 et
1132 2668 1165 2694 tu
1187 2668 1250 2694 tam
1274 2661 1399 2704 grandis
1423 2666 1512 2699 natu,
1533 2665 1659 2702 tamque

195 2718 335 2760 sapiens,
347 2717 373 2748 si
386 2727 456 2758 quae
473 2717 572 2748 nescis
587 2717 626 2748 ab
640 2717 746 2758 aliquo
759 2717 906 2755 disceres,
932 2716 1128 2759 praestantior
1141 2717 1250 2748 abires.
1293 2714 1340 2746 At
1354 2726 1425 2746 vero
1440 2726 1504 2746 non
1519 2714 1550 2745 id
1568 2715 1658 2745 dum-

196 2776 282 2803 taxat
305 2771 502 2812 exquirimus.
544 2770 607 2802 Sed
632 2770 760 2812 perinde
784 2781 822 2803 ac
847 2771 873 2803 si
895 2771 1106 2813 Hippocrates
1130 2774 1249 2802 mutata
1273 2769 1427 2801 sententia
1451 2768 1563 2800 versari
1589 2778 1659 2799 curn

196 2825 395 2856 adolescente
409 2825 469 2856 hoc
483 2835 583 2866 nuper
596 2825 658 2856 buc
673 2824 814 2866 profecto
828 2825 989 2867 Zeuxippo
1004 2829 1144 2866 cuperet,
1160 2823 1338 2857 Heracleoti
1354 2822 1431 2860 filio,
1454 2832 1589 2862 eumque
1605 2831 1659 2862 ag-

198 2889 330 2921 gressus,
343 2883 379 2910 ut
393 2884 424 2910 te
439 2889 535 2917 nunc,
550 2879 660 2911 eadem
675 2889 712 2910 ex
727 2878 780 2910 illo
793 2889 866 2921 quae
884 2889 924 2911 ex
943 2884 974 2910 te
997 2878 1132 2917 audiret,
1154 2877 1240 2921 quod
1257 2876 1404 2909 videlicet
1425 2875 1567 2917 quotidie
1587 2885 1659 2906 cum
