1846 3268
165 262 262 314 129]
561 260 828 301 P-LATONis
844 259 1233 303 ‘PARMENIDEs
1557 268 1632 306 10⁷

159 371 256 404 certe,
271 365 469 408 respondisse
483 365 666 397 Zen'oneml
698 364 829 406 Nonne,
851 364 878 396 si
900 364 1094 406 impossibile
1116 371 1175 404 est,
1197 365 1361 398 dissimilia
1381 365 1494 398 similia
1518 378 1585 399 esse
1600 375 1633 403 et

160 415 273 452 similia
287 419 460 456 dissimilia,
486 419 680 461 impossibile
695 419 804 456 etiam,
828 418 928 450 multa
942 419 1032 450 esse?
1055 430 1127 450 nam
1144 420 1169 451 si
1184 419 1281 451 multa
1293 425 1411 457 essent,
1426 421 1633 463 impossibilia.

158 473 219 505 ista
233 473 463 515 contingerent.
507 473 592 504 Num
607 474 667 504 hoc
684 477 732 504 est
751 472 838 514 quod
854 483 1012 504 sermones
1028 474 1074 504 tui
1085 474 1196 504 volunt
1209 474 1220 504 ?
1243 484 1346 515 neque
1361 473 1446 504 aliud
1459 474 1630 516 quidquam

157 527 340 568 intendunt,
356 537 448 569 quam
465 538 520 569 per
535 527 641 558 omnia
657 537 730 568 quae
746 527 894 558 dicuntur
909 537 1056 569 asserere,
1070 527 1155 569 quod
1174 527 1271 558 multa
1284 537 1348 558 non
1364 527 1449 558 sint?
1473 527 1631 570 hujusque

157 580 259 623 ipsius
275 591 526 623 unamquamque
540 580 693 612 rationem
709 580 926 622 conjecturam
942 591 1011 612 esse
1026 586 1131 623 putas,
1153 591 1191 613 ac
1215 580 1348 612 totidem
1370 580 1568 622 conjecturas
1580 582 1631 613 in-

160 633 379 676 vestigasse'te
398 645 521 678 censes,
549 640 627 677 quot
649 633 785 666 rationes
809 634 955 672 attulisti,
978 635 1064 676 quod
1088 634 1188 666 multa
1208 645 1273 666 non
1296 634 1446 676 sunt?,[l
1455 635 1514 677 28]
1538 635 1632 667 Sicne

157 687 252 729 dicis,
277 698 317 719 an
343 688 411 730 ipse
429 699 494 720 non
519 694 603 722 recte
629 687 795 730 percipio?
840 687 956 725 Immo,
979 688 1178 730 respondisse
1197 687 1368 725 Zenonem,
1394 688 1525 730 optime,
1551 688 1631 730 quid

156 742 225 774 haec
239 742 355 784 scripta
370 742 522 780 sentiunt,
537 741 733 774 intellexisti.
778 741 942 784 Intelligo,
958 742 1073 773 dixisse
1089 742 1262 779 Socratem,
1277 752 1296 772 ο
1312 741 1527 780 Parmenides,
1543 743 1631 784 quod

156 794 263 827 Zenon
278 795 338 827 iste
354 806 418 827 non
434 797 574 829 amicitia
593 796 693 828 solum
709 795 890 838 conspirare
906 795 972 827 vult
987 800 1105 834 tecum,
1117 796 1171 827 sed
1187 795 1224 827 iis
1238 796 1345 832 etiam,
1362 806 1433 837 quae
1445 796 1633 837 composuit.

157 848 242 881 idem
257 849 341 881 enim
369 850 617 892 quodammodo,
640 850 726 893 quod
743 854 776 882 et
791 855 837 888 tu,
863 850 1007 892 scripsit:
1031 860 1136 882 verum
1163 849 1392 892 permutatione
1415 849 1550 892 quadam
1571 860 1631 880 nos

160 902 306 944 decipere
323 908 434 942 tentat,
447 905 538 947 quasi
553 904 652 941 aliud,
668 914 762 946 quam
778 909 824 942 tu,
841 903 940 935 dicat.
984 903 1067 935 Nam
1085 908 1118 934 tu
1133 904 1167 935 in
1184 903 1381 945 pofe'matibus
1396 913 1492 939 unum
1508 902 1552 934 ais
1565 914 1634 935 esse

155 955 258 997 ipsum
275 967 388 989 omne:
412 963 506 1000 atque
518 958 613 1000 hujus
627 963 811 1000 argumenta
825 967 919 1000 quarn
936 956 1146 998 pulcherrirna
1166 957 1307 990 exhibes.
1353 956 1416 988 Hic
1432 967 1504 988 vero
1526 967 1632 988 rursus

157 1019 223 1041 non
238 1011 336 1042 multa
350 1021 416 1043 esse
435 1011 491 1048 ait,
507 1011 769 1053 conjecturasque
784 1016 817 1044 ,et
831 1011 900 1052 ipse
914 1010 1083 1051 permultas
1099 1021 1136 1042 ac
1153 1010 1270 1041 validas
1283 1011 1411 1052 praebet.
1455 1009 1542 1042 Dum
1557 1021 1631 1052 ergo

156 1063 235 1094 alter
259 1064 368 1096 Unum
388 1064 479 1103 dicit,
503 1065 581 1095 alter
604 1064 682 1095 Non
705 1064 816 1102 multa,
841 1069 874 1095 et
891 1074 962 1095 eum
985 1064 1020 1094 in
1043 1065 1172 1095 modum
1192 1068 1324 1105 uterque
1345 1063 1495 1105 loquitur,
1516 1069 1632 1096 utnon

161 1117 327 1149 videantur
341 1117 425 1150 idem
440 1118 565 1156 inferre,
591 1129 663 1151 cum
687 1123 792 1149 tamen
815 1117 924 1149 eadem
941 1117 1037 1148 ferme
1058 1117 1178 1156 dicant,
1195 1117 1340 1148 videntur
1359 1117 1451 1149 nobis
1466 1117 1525 1149 ista
1539 1128 1634 1160 supra

158 1181 216 1202 nos
240 1171 316 1203 dici.
362 1170 413 1203 Ita
437 1177 497 1210 est,
523 1183 542 1203 o
567 1172 728 1212 Socrates,
754 1171 868 1205 dixisse
893 1171 1064 1204 Zenonem.
1095 1181 1159 1203 non
1181 1171 1309 1202 omnino
1340 1175 1444 1203 tamen
1468 1172 1632 1203 veritatem

157 1234 264 1256 eorum
285 1236 356 1267 quae
371 1226 487 1268 scripta
497 1231 571 1257 sunt
582 1225 782 1267 persensisti:
806 1224 949 1268 quamvis
960 1235 1020 1257 ceu
1036 1234 1130 1257 canes
1147 1225 1290 1256 Lacaenae
1311 1225 1392 1256 bene
1407 1225 1586 1256 transcurris
1599 1230 1635 1256 et

156 1278 325 1321 investigas
341 1280 441 1312 dicta.
464 1281 520 1312 sed
537 1279 671 1322 primum
687 1279 817 1322 quidem
832 1280 893 1311 hoc
909 1284 940 1310 te
963 1279 1068 1316 latuit,
1089 1279 1175 1321 quod
1201 1289 1266 1310 non
1282 1278 1410 1315 omnino
1425 1278 1469 1311 sic
1482 1289 1516 1311 se
1531 1279 1631 1311 extoi-

158 1331 230 1363 {unt
243 1332 461 1375 hujuscemodi
477 1335 604 1376 scripta,
620 1339 658 1365 ut
673 1344 742 1365 earn
758 1333 799 1365 ob
814 1343 939 1366 causam
953 1333 1069 1375 scripta
1085 1333 1146 1364 sint
1160 1343 1254 1376 quarn
1270 1338 1303 1365 tu
1319 1337 1424 1375 putas,
1439 1337 1474 1363 ut
1488 1333 1633 1365 homines

157 1386 274 1427 celent,
304 1388 393 1430 quasi
419 1388 582 1431 egregium
607 1387 760 1430 quiddam
789 1387 869 1419 hinc·
890 1386 1063 1420 efficiatur:
1086 1397 1192 1419 verum
1222 1393 1256 1418 tu
1284 1386 1412 1429 quidem
1440 1387 1630 1429 contingens

158 1440 308 1482 quiddam
324 1441 445 1475 dixisti.
492 1443 574 1474 Sunt
589 1447 693 1474 autem
709 1443 777 1474 haec
792 1451 898 1474 revera
909 1442 1088 1484 conscripta
1103 1441 1136 1472 in
1152 1441 1334 1483 suffragium
1349 1440 1559 1484 Parmenidis,
1574 1442 1631 1472 ad-

156 1504 262 1526 versus
277 1506 346 1538 eos,
362 1497 416 1538 qui
433 1496 524 1528 illum
541 1507 669 1539 carpere
685 1496 838 1534 nituntur,
855 1496 1009 1538 dicentes,
1023 1496 1049 1527 si
1064 1495 1192 1538 quidem
1208 1506 1305 1526 unum
1321 1495 1362 1526 sit
1378 1505 1482 1533 omne,
1498 1495 1632 1526 ridicula

157 1548 293 1591 plurima
307 1549 381 1583 huic
397 1551 553 1592 opinioni,
579 1561 616 1583 ac
641 1551 735 1582 etiam
755 1550 964 1592 repugnantia
983 1549 1043 1582 sibi
1063 1550 1204 1593 penitus,
1228 1554 1389 1583 eventura.
1412 1550 1481 1584 haec
1503 1559 1632 1591 quoque

159 1604 276 1646 scripta
290 1615 355 1643 eos,
371 1605 426 1647 qui
443 1605 539 1637 multa
555 1616 623 1637 esse
638 1605 761 1643 volunt,
775 1605 964 1647 impugnant
980 1615 989 1637 z
1013 1615 1049 1636 ac
1065 1604 1155 1647 plura
1170 1603 1336 1646 objiciunt,
1352 1608 1388 1635 ut
1398 1608 1518 1646 pateat,
1529 1603 1630 1634 multo

155 1656 338 1690 absurdiora
351 1669 389 1690 ex
409 1659 559 1701 opinione
575 1659 698 1692 illorum
715 1659 815 1702 sequi,
831 1660 917 1701 quod
939 1658 1062 1690 scilicet
1081 1659 1180 1690 multa
1200 1658 1276 1696 sint,
1303 1668 1397 1700 quam
1416 1668 1453 1689 ex
1478 1657 1631 1699 opinione

159 1711 368 1750 Parmenidis,
382 1714 467 1754 quod
484 1714 524 1744 sit
538 1725 648 1752 unum,
673 1713 699 1745 si
726 1714 797 1756 quis
812 1714 978 1756 diligenter
991 1713 1223 1745 examinaverit.
1267 1712 1319 1745 Ob
1335 1713 1416 1743 hanc
1431 1712 1538 1754 itaque
1554 1722 1631 1743 con-

159 1764 331 1797 tentionem
353 1766 387 1798 in
407 1766 480 1809 ipsa
502 1767 672 1809 juventute
698 1768 809 1800 librum
826 1768 1002 1810 composui,
1025 1778 1119 1810 quem
1142 1766 1312 1810 surripiens
1337 1766 1494 1808 quispiam
1516 1766 1630 1804 edidit,

157 1824 325 1861 antequam
340 1821 516 1853 consultare
530 1822 606 1853 mihi
623 1823 741 1860 liceret,
765 1833 806 1854 an
829 1822 1007 1854 efferendus
1022 1827 1104 1854 esset·
1117 1822 1151 1853 in
1165 1822 1281 1859 lucem,
1296 1831 1408 1853 necne.
1453 1820 1493 1852 Id
1508 1831 1581 1862 ergo
1598 1826 1631 1851 te

99 1898 102 1902 .
158 1874 251 1915 fugit,
267 1885 286 1906 ο
301 1875 455 1914 Socrates,
471 1877 556 1918 quod
573 1877 744 1915 existimas,
767 1887 832 1908 non
847 1887 866 1908 a
882 1876 1017 1918 juvenili
1033 1876 1214 1913 certamine,
1239 1876 1293 1907 sed
1314 1885 1332 1906 a
1352 1874 1442 1906 senili
1457 1875 1630 1906 ambitione

156 1927 306 1970 scriptum
329 1930 435 1962 fuisse.
481 1931 716 1968 Verumtamen,
745 1936 781 1963 ut
802 1931 882 1973 dixi,
905 1941 971 1962 non
993 1930 1101 1972 inepte
1127 1929 1307 1972 conjecisti.
1353 1929 1499 1970 Accipio,
1523 1929 1628 1970 inquit

156 1981 310 2025 Socrates,
326 1988 358 2016 et
373 1990 450 2027 puto
465 1985 510 2017 sic
531 1996 576 2023 se,
602 1990 638 2017 ut
661 1985 752 2022 dicis,
778 1985 904 2016 habere.
951 1984 1014 2016 Sed
1035 1985 1096 2015 hoc
1116 1983 1192 2014 mihi
1216 1983 1385 2025 responde,
1411 1986 1544 2024 putasne
1559 1993 1627 2014 esse

157 2036 259 2078 ipsam
281 2047 338 2079 per
351 2049 385 2070 se
400 2037 500 2080 ipsam
515 2039 652 2081 speciem
667 2039 826 2082 quandam
843 2037 1079 2070 similitudinis?
1103 2038 1200 2079 [129]
1226 2042 1258 2068 et
1272 2037 1346 2069 huic
1362 2037 1454 2068 aliam
1470 2037 1628 2078 quandam

157 2092 341 2124 contrariam
354 2092 617 2125 dissimilitudinis
635 2094 798 2136 speciem?
822 2093 854 2124 in
870 2093 984 2135 quibus
1005 2093 1128 2125 duabus
1143 2097 1176 2123 et
1199 2103 1258 2133 ego
1277 2096 1310 2123 et
1333 2096 1367 2122 tu
1389 2091 1627 2133 participemus,

157 2150 191 2176 et
205 2145 278 2184 alia,
293 2156 364 2188 quae
380 2147 490 2189 utique
506 2148 604 2179 multa
621 2149 791 2180 vocamus?
814 2153 909 2190 atque
930 2158 979 2186 ea,
1006 2157 1204 2190 quascunque
1224 2146 1258 2177 in
1280 2145 1484 2177 similitudine
1499 2144 1626 2186 partici-

143 2205 247 2242 'pant,
263 2201 374 2233 similia
389 2202 454 2234 fieri
466 2208 606 2241 eatenus,
623 2208 778 2245 quatenus
793 2203 1008 2244 participant?
1033 2212 1103 2244 quae
1122 2211 1195 2232 ivero
1211 2199 1480 2239 dissimilitudine,
1494 2197 1630 2229 dissimi-

157 2253 201 2285 lia
215 2267 223 2286 ε
246 2260 370 2297 et'quae
386 2256 538 2299 utrisque,
564 2262 695 2300 utraque
709 2258 720 2289 ἓ
768 2257 864 2295 Quod
881 2257 907 2288 si
923 2256 1028 2288 omnia
1043 2256 1076 2286 in
1094 2255 1233 2296 utrisque
1249 2254 1411 2285 contrariis
1423 2252 1630 2284 existentibus

161 2308 351 2353 participant
366 2321 374 2341 :
397 2316 430 2342 et
446 2312 519 2352 quia
534 2316 734 2353 utrorumque
752 2310 917 2352 participia
933 2315 1017 2347 sunt,
1041 2308 1154 2341 similia
1174 2314 1206 2339 et
1226 2307 1389 2342 dissimilia
1404 2307 1484 2338 inter
1496 2316 1528 2336 se
1544 2311 1629 2343 sunt,

159 2361 238 2403 quid
254 2363 363 2394 mirum
377 2365 388 2395 ἰ
434 2365 468 2396 Si
483 2365 553 2407 quis
571 2362 655 2396 eni'm
671 2366 739 2406 ipsa
762 2365 875 2396 similia
896 2363 1061 2395 dissimilia
1081 2373 1149 2394 esse
1170 2362 1301 2402 diceret,
1318 2361 1366 2392 vel
1383 2360 1545 2392 dissimilia
1562 2360 1631 2401 ipsa

127 2447 132 2451 ,
161 2415 273 2448 similia
288 2428 298 2457 ;
323 2422 492 2449 monstrum
509 2419 682 2460 quoddam,
697 2423 733 2450 ut
749 2418 890 2455 arbitror,
906 2422 999 2449 esset.
1022 2417 1069 2447 sin
1085 2421 1188 2447 autern
1205 2415 1427 2457 participantia
1440 2414 1472 2445 in
1490 2413 1629 2455 utrisque

161 2471 316 2512 quispiam
333 2477 462 2514 utraque
474 2473 541 2514 pati
553 2477 713 2514 assereret,
729 2472 806 2504 nihil
821 2472 909 2512 mihi,
924 2483 942 2503 o
963 2471 1081 2512 Zenon,
1101 2471 1276 2502 mirandum
1299 2480 1367 2502 esse
1383 2469 1550 2501 videretur.
1573 2479 1629 2499 ne·

162 2536 226 2568 que
241 2524 334 2556 etiam
348 2525 382 2556 id
398 2526 534 2562 mirarer,
547 2526 573 2557 si
588 2526 657 2568 quis
672 2530 788 2557 cuncta
803 2536 900 2556 unum
922 2525 1051 2562 diceret,
1067 2535 1105 2555 ex
1121 2535 1172 2566 eo,
1186 2525 1271 2566 quod
1289 2524 1320 2555 in
1337 2534 1399 2554 uno
1414 2523 1628 2565 partiri-ipanu

161 2584 259 2621 atque
279 2579 347 2610 baec
373 2579 482 2610 eadem
508 2590 611 2612 rursus
636 2580 745 2617 multa,
771 2580 845 2622 quia
871 2580 903 2610 in
930 2578 1130 2617 multitudine
1151 2589 1276 2621 quoque
1296 2577 1500 2620 participant.
1527 2569 1589 2607 'At
1604 2577 1630 2607 si

163 2633 250 2675 quod
265 2633 368 2675 ipsum
385 2643 480 2663 unum
507 2639 566 2671 est,
589 2634 649 2666 hoc
664 2634 766 2675 ipsum
783 2634 880 2664 multa
894 2644 960 2666 esse
978 2632 1161 2670 ostenderit,
1184 2638 1216 2663 et
1231 2633 1299 2674 ipsa
1321 2632 1419 2662 multa
1435 2642 1542 2668 unum,
1562 2630 1629 2672 jam

162 2697 358 2728 summopere
373 2687 558 2719 admirabor.
582 2698 619 2720 ac
645 2689 686 2719 de
702 2688 813 2719 ceteris
829 2688 974 2719 omnibus
988 2687 1099 2719 eodem
1116 2687 1221 2719 modo.
1249 2697 1320 2717 nam
1337 2686 1363 2716 si
1388 2694 1501 2727 genera
1516 2684 1586 2725 ipsa
1598 2688 1631 2714 et

162 2741 285 2783 species
298 2741 332 2772 in
349 2752 382 2772 se
396 2740 472 2783 ipsis
487 2746 603 2772 asserat
618 2741 679 2773 ista
693 2742 847 2773 contraria
861 2741 894 2773 in
909 2752 941 2772 se
956 2742 1105 2783 recipere,
1121 2740 1326 2772 admiratione
1341 2739 1483 2782 profecto
1500 2739 1630 2780 dignum

163 2795 234 2828 erit.
279 2795 406 2827 Etenim
429 2795 455 2826 si
478 2796 548 2837 quis
572 2806 621 2826 me
646 2807 740 2826 unum
758 2806 794 2827 ac
813 2796 908 2827 multa
923 2806 990 2827 esse
1007 2796 1210 2835 demonstret,
1227 2805 1281 2826 cur
1298 2794 1470 2825 mirandum
1486 2803 1493 2824 :
1520 2792 1544 2822 si
1560 2791 1631 2833 qui-

164 2849 237 2880 dem
253 2849 359 2880 volens
373 2849 473 2880 multa
490 2860 538 2880 nie
553 2860 697 2887 asserere,
713 2850 825 2881 dixerit
840 2850 903 2880 alia
917 2861 985 2882 esse
1001 2850 1128 2881 dextera
1141 2859 1222 2886 mea,
1238 2849 1361 2880 sinistra
1375 2847 1448 2884 alia,
1465 2846 1526 2877 alia
1540 2850 1628 2875 ante-

164 2903 256 2941 riora,
281 2903 341 2934 alia
362 2903 544 2945 posteriora,
569 2909 602 2934 et
630 2903 788 2945 superiora
813 2903 952 2946 denique
983 2914 1020 2936 ac
1055 2903 1200 2935 inferiora
1225 2903 1383 2934 similiter:
1419 2898 1628 2931 muhitudinis

166 2956 297 2999 quippe⁴
314 2962 348 2989 ut
362 2958 502 3001 arbitror,
519 2957 673 3000 particeps
690 2957 756 3000 ipse
773 2967 852 2991 sum.
874 2963 907 2990 et
929 2958 1056 3001 quande
1080 2968 1176 2990 unum
1194 2968 1241 2989 me
1257 2956 1420 2988 ostendere
1438 2954 1526 2994 yelit,
1540 2952 1628 2991 dixe»
