1846 3268
183 283 280 334 206]
753 280 1099 320 THEAETETUS.
1564 282 1643 319 267

178 390 271 421 runt?
314 389 401 421 Τειι.
423 387 527 421 Certe.
570 387 625 420 So.
657 387 744 425 Quid
769 389 882 429 porro?
918 388 1023 420 omnia
1049 392 1083 419 et
1109 397 1201 419 omne
1231 397 1306 418 num
1334 386 1442 429 aliquo
1468 386 1641 418 differunt?

180 443 288 476 Veluti
303 454 374 476 cum
397 442 541 481 dicimus,
556 452 667 483 unum,
683 441 761 479 duo,
775 442 844 480 tria,
860 448 1006 484 quatuor,
1021 442 1176 485 quinque,
1189 453 1263 481 sex;
1287 441 1336 473 vei
1362 441 1411 473 bis
1436 441 1506 478 tria,
1520 440 1570 472 vel
1596 445 1642 472 ter

176 499 253 540 duo,
269 503 322 529 aut
336 502 468 539 quatuor
482 507 518 529 ac
533 497 610 534 duo,
627 501 682 527 aut
697 496 757 527 tria
771 496 899 538 duoque
914 502 947 529 et
962 507 1058 528 unum
1070 508 1080 537 ;
1103 501 1206 528 utrum
1222 497 1254 527 in
1269 496 1317 527 his
1332 495 1478 527 omnibus
1492 495 1576 526 idem
1599 505 1640 525 an

175 552 262 583 aliud
277 552 431 584 dicimus?
474 551 560 584 Tne.
582 550 673 582 Idem
689 551 827 592 penitus.
873 551 931 583 So.
953 551 1093 582 Aliudne
1104 561 1196 592 quam
1209 550 1285 581 sex?
1331 550 1419 581 Tua.
1441 548 1530 580 Nihil
1541 548 1640 580 aliud.

177 606 234 638 So.
256 605 372 637 Nonne
384 605 419 637 in
434 615 498 636 uno
512 615 639 647 quoque
652 605 803 647 loquendi
819 606 914 636 modo
931 605 1036 636 omnia
1051 615 1104 636 sex
1120 604 1296 636 invenimus
1310 604 1322 634 ?
1365 603 1451 637 Tne.
1474 602 1539 634 Ita.
1582 603 1640 634 So.

177 659 296 691 Rursus
312 664 416 691 autem
441 669 504 690 non
528 669 625 690 unum
648 659 768 701 aliquid
794 659 939 696 dicimus,
955 661 1031 690 dum
1056 658 1190 690 dicimus
1217 657 1342 689 omnia?
1387 657 1476 688 Tar„
1501 656 1640 688 Necesse

174 718 233 746 est.
277 712 334 744 So.
355 713 442 744 Num
456 713 542 744 aliud
557 723 649 755 quam
665 723 719 744 sex
734 713 746 744 ἓ
788 712 875 744 Tun.
900 712 989 744 Nihil
1005 713 1104 744 aliud.
1148 712 1205 745 So.
1227 711 1311 754 Ergo
1323 711 1355 741 in
1371 711 1431 748 his,
1447 721 1518 753 quae
1530 721 1639 742 nume-

175 777 209 798 ro
224 772 380 805 constant,
396 767 478 798 idem
496 777 563 798 esse
578 777 670 798 omne
686 772 718 798 et
732 767 839 798 omnia
864 766 1008 799 dicimus.
1050 766 1138 797 Tun.
1161 766 1214 797 Sic
1239 769 1381 807 apparet.
1427 764 1482 795 SO.
1506 765 1558 796 Sic
1577 765 1642 796 uti·

176 830 239 862 que
253 820 383 862 deipsis
397 820 554 852 dicamus:
578 820 688 862 sugeri
701 830 847 851 numerus
871 824 904 851 et
925 819 1018 862 juger
1032 819 1127 851 idem.
1150 819 1280 850 nonne?
1324 819 1410 849 Tmz.
1434 818 1536 851 Idem.
1582 818 1639 850 So.

176 874 217 906 Et
228 875 318 907 stadii
334 885 479 906 numerus
494 873 694 917 stadiumque
707 874 872 906 similiter?
915 873 1004 906 Tan.
1028 874 1070 905 Et
1085 874 1156 905 hoc.
1193 873 1249 905 So.
1271 873 1432 904 Exercitus
1448 882 1575 914 quoque
1590 872 1641 913 ip-

174 929 237 960 sius
251 939 399 960 numerus
414 934 446 960 et
461 928 614 960 exercitus
638 928 724 971 ipse,
740 933 907 971 ceteraque
922 928 1103 970 hujusmodi
1119 928 1232 959 eodem
1249 932 1343 969 pacto
1356 927 1367 957 ?
1390 936 1536 958 numerus
1556 926 1641 957 enim

177 982 278 1014 omnis
302 983 436 1014 existens
460 983 823 1025 omneunumquodque
847 982 972 1013 illorum
998 987 1057 1014 est.
1103 981 1193 1013 Tim.
1216 981 1311 1014 Sane.
1358 980 1415 1012 So.
1437 979 1641 1022 Singulorum

176 1041 280 1067 autem
295 1046 440 1068 numerus
450 1047 524 1067 num
537 1036 623 1068 aliud
639 1042 686 1068 est
697 1047 789 1078 quam
802 1036 925 1079 partes?
970 1036 1058 1068 Tur..
1082 1035 1303 1078 Nequaquam.
1349 1034 1406 1067 So.
1432 1034 1640 1075 Quaecunque

175 1090 272 1131 igitur
293 1095 396 1131 partes
418 1091 545 1127 habent,
571 1101 609 1122 ex
636 1091 777 1133 partibus
803 1094 960 1122 constant.
1003 1089 1267 1131 Tavapparet.
1313 1088 1367 1120 So.
1391 1089 1511 1120 Omnes
1533 1093 1639 1119 autem

175 1148 279 1185 partes
294 1149 394 1175 totum
411 1154 478 1176 esse
493 1155 676 1176 concessum
692 1149 752 1186 est,
769 1143 795 1176 si
817 1144 945 1186 quidem
971 1144 1072 1175 omnis
1095 1154 1241 1175 numerus
1263 1154 1355 1174 omne
1378 1147 1436 1174 est.
1478 1142 1565 1173 Tua.
1589 1141 1640 1173 Ita

177 1201 235 1229 est.
279 1197 334 1229 So.
355 1197 470 1229 Totum
483 1198 590 1240 itaque
605 1209 670 1229 non
685 1202 809 1230 constat
825 1208 862 1229 ex
878 1197 1040 1240 partibus:
1065 1208 1158 1230 omne
1174 1198 1257 1229 enim
1272 1202 1364 1235 esset,
1381 1186 1639 1239 quandoquidem

175 1261 282 1283 omnes
307 1256 390 1284 esset
414 1257 527 1293 partes.
572 1252 659 1284 ΤΗΣ.
682 1252 761 1284 Νοη
776 1251 910 1284 videtur.
953 1252 1009 1284 So.
1034 1252 1110 1283 Pars
1132 1252 1166 1283 id
1192 1252 1277 1293 quod
1304 1256 1364 1292 est,
1378 1261 1418 1282 an
1442 1255 1491 1282 est
1514 1250 1640 1281 alterius

174 1306 401 1348 quamtotius?
445 1305 531 1338 Tim.
554 1306 660 1348 Ipsius
669 1306 781 1348 utique
791 1306 905 1338 omnis.
950 1306 1007 1339 So.
1029 1306 1173 1343 Strenue,
1197 1305 1294 1347 [205]
1318 1305 1493 1341 Theaetetc,
1505 1313 1642 1345 pugnas.

176 1359 282 1401 Ipsum
299 1371 391 1392 omne
404 1370 509 1392 nonne
524 1371 560 1392 ex
571 1371 608 1392 eo
619 1366 666 1392 est
676 1371 780 1398 omne,
795 1361 880 1402 quod
895 1360 973 1392 nibil
986 1361 1094 1392 deest?
1138 1359 1224 1393 Tris.
1246 1358 1398 1391 Necesse.
1444 1358 1501 1391 So.
1523 1358 1639 1389 Totum

173 1423 299 1456 quoque
314 1425 420 1445 nonne
435 1415 544 1446 eadem
572 1414 694 1446 ratione
720 1419 831 1452 totum,
847 1414 922 1455 quia
945 1413 1022 1445 nihil
1039 1414 1148 1447 abest?
1170 1413 1220 1445 cui
1235 1423 1309 1444 vero
1318 1409 1520 1453 fflideest,
1534 1421 1639 1452 neque

173 1473 276 1498 tannen
292 1472 393 1499 totum
408 1473 467 1506 est,
482 1479 585 1510 neque
602 1479 706 1506 omne,
731 1467 834 1510 ipsum
861 1472 910 1499 est
934 1479 971 1500 ex
993 1478 1026 1500 se
1049 1468 1118 1510 ipso
1135 1467 1146 1499 ἓ
1190 1467 1279 1499 Tur..
1302 1465 1438 1498 Videtur
1458 1465 1534 1496 mihi
1553 1475 1640 1497 nunc

172 1521 272 1552 nihilo
288 1526 391 1553 totum
405 1527 437 1554 et
458 1533 550 1555 omne
575 1523 713 1556 differre.
758 1522 815 1555 So.
838 1522 956 1554 Nonne
983 1521 1117 1554 diximus
1140 1521 1232 1564 cujus
1255 1526 1358 1564 partes
1384 1525 1470 1558 sunt,
1490 1525 1590 1551 totum
1606 1524 1640 1551 et

171 1585 278 1617 omne,
293 1582 397 1618 partes
421 1587 529 1608 ornnes
551 1578 641 1609 esse?
686 1576 775 1610 Tun.
797 1577 909 1608 Plane.
953 1577 1010 1610 So,
1035 1576 1168 1614 Rursus,
1184 1576 1270 1618 quod
1297 1574 1391 1617 paulo
1415 1579 1488 1606 ante
1505 1573 1639 1605 tentavi-

173 1639 260 1662 mus:
285 1640 390 1662 nonne
406 1630 432 1662 si
446 1631 569 1674 syllaba
591 1631 747 1662 elementa
762 1632 831 1661 non*
842 1635 902 1668 est,
917 1640 1046 1662 necesse
1058 1635 1107 1661 est
1121 1640 1189 1661 eam
1206 1640 1270 1660 non
1284 1635 1431 1670 tanquam
1449 1633 1552 1669 partes
1568 1638 1639 1658 suas

172 1683 328 1715 elementa
342 1684 456 1716 habere
470 1685 481 1716 ἰ
505 1690 560 1715 aut
574 1684 600 1715 si
614 1685 724 1716 eadem
750 1690 798 1716 est
821 1695 892 1716 cum
907 1684 982 1725 illis,
997 1694 1087 1726 aeque
1103 1695 1139 1715 ac
1154 1684 1209 1714 illa
1224 1683 1371 1724 cognosci
1388 1692 1482 1724 posse
1495 1682 1507 1712 ἓ
1550 1681 1640 1714 Tur..

171 1736 224 1769 Ita
238 1742 332 1769 certe.
376 1738 432 1770 So.
455 1738 506 1770 Ne
519 1740 580 1771 hoc
601 1739 768 1776 accideret,
784 1738 871 1770 aliud
892 1739 993 1780 ipsam
1019 1748 1113 1780 quam
1128 1737 1183 1769 illa
1198 1736 1370 1778 posuimus.
1413 1735 1501 1767 Tan.
1525 1733 1638 1766 Aliud.

173 1791 230 1824 So.
253 1792 339 1830 Quid
361 1803 448 1831 vero,
471 1793 498 1824 si
519 1793 675 1824 elementa
696 1791 827 1835 syllabae
851 1800 954 1834 partes
979 1802 1044 1823 non
1067 1796 1152 1829 suut,
1176 1802 1252 1823 num
1277 1790 1339 1822 alia
1363 1790 1509 1832 quaedam
1525 1788 1637 1820 referre

171 1850 275 1888 potes,
290 1857 360 1888 quae
375 1852 479 1889 partes
494 1847 622 1888 quidem
639 1847 769 1890 syllabae
785 1857 888 1888 neque
904 1851 1007 1877 tamen
1022 1846 1107 1878 illius
1122 1846 1278 1877 elementa
1300 1844 1386 1875 sint?
1431 1843 1520 1875 Tus.
1541 1842 1634 1874 Nun-

172 1910 266 1942 quam
281 1910 340 1942 ego
358 1905 459 1942 partes
481 1910 623 1932 vocarem
649 1910 720 1942 quae
740 1899 896 1931 elementa
918 1910 982 1930 non
1009 1906 1094 1940 sunt,
1109 1899 1274 1931 ridiculum
1288 1899 1422 1941 quippe,
1438 1897 1560 1929 omissis
1572 1897 1640 1928 elc-

171 1954 283 1986 mentis
297 1954 357 1986 alia
382 1965 531 1996 quaerere.
577 1954 635 1987 So,
657 1954 798 1986 Omnino
823 1954 917 1996 igitur
941 1955 1115 1985 secundum
1138 1954 1219 1985 hanc
1242 1954 1437 1990 rationem,o
1460 1952 1638 1988 Theaetete.

171 2018 233 2039 una
246 2009 390 2050 quaedam
401 2008 598 2051 impartibilis
613 2009 686 2040 idea
697 2009 818 2051 syllaba
828 2019 896 2040 esse
905 2008 1039 2040 videtur.
1083 2007 1170 2039 Tun.
1194 2007 1329 2040 Videtur
1338 2017 1427 2041 sane.
1470 2006 1526 2037 So.
1549 2005 1637 2036 Num

169 2063 350 2100 recordaris,
374 2063 486 2100 amice,
502 2073 560 2094 nos
586 2063 618 2094 in
643 2063 854 2105 superioribus
879 2062 1051 2099 admisisse,
1067 2063 1152 2104 quod
1181 2062 1359 2104 primorum,
1375 2072 1413 2092 ex
1434 2060 1549 2102 quibus
1575 2059 1638 2090 alia

169 2121 411 2158 componuntur,
426 2117 525 2148 oratio
542 2117 657 2148 ratiove
674 2128 736 2148 non
753 2123 848 2158 esset,
862 2128 899 2148 ex
914 2128 952 2148 eo
969 2117 1054 2159 quod
1067 2117 1170 2159 ipsum
1185 2116 1359 2148 secundum
1374 2115 1511 2156 seipsum
1523 2123 1637 2144 unum-

169 2171 318 2212 quodque
333 2170 515 2212 simpliciter
526 2171 695 2211 existeret3
717 2181 820 2212 neque
835 2171 938 2212 ipsum
954 2181 1022 2202 esse
1046 2171 1087 2202 de
1111 2171 1165 2202 illo
1180 2181 1316 2212 congrue
1341 2169 1500 2211 praedicari
1517 2173 1637 2210 posset,

169 2234 272 2266 neque
285 2225 356 2261 hoc,
372 2235 475 2266 neque
497 2225 540 2256 ita
562 2226 653 2267 quasi
672 2226 743 2257 haec
764 2230 911 2256 extranea
939 2225 1106 2267 alienaque
1129 2225 1214 2258 sint:
1238 2229 1270 2255 et
1295 2224 1377 2255 hanc
1393 2222 1495 2265 ipsam
1510 2232 1636 2254 causam

169 2278 292 2309 obstare
318 2278 466 2316 diximus,
489 2290 553 2321 quo
583 2280 686 2311 minus
709 2280 844 2311 describi
869 2279 1080 2322 cognoscique
1109 2279 1231 2321 possit?
1277 2279 1364 2310 Tfln.
1387 2277 1534 2309 Memini·
1578 2277 1636 2308 So.

170 2331 267 2364 Estne
283 2333 344 2364 alia
359 2343 453 2365 causa
469 2339 579 2375 praeter
595 2335 696 2373 istam,
713 2345 783 2376 quae
810 2334 963 2366 uniforme
979 2339 1011 2365 et
1034 2333 1226 2376 impartibile
1251 2333 1373 2375 aliquid
1397 2333 1499 2374 ipsum
1515 2330 1633 2363 faciat?

168 2396 241 2417 nam
255 2397 314 2428 ego
329 2387 445 2418 nullam
461 2388 552 2420 aliam
569 2389 672 2420 video.
715 2389 802 2420 Tne.
826 2388 901 2420 Non
918 2388 1051 2420 videtur.
1098 2388 1154 2420 So.
1178 2387 1295 2418 Nonne
1318 2387 1351 2418 in
1375 2386 1461 2417 idem
1486 2395 1558 2417 cum
1579 2384 1635 2415 illo

171 2440 292 2482 syllaba
316 2451 443 2483 quoque
465 2443 633 2480 concurrit,
661 2443 918 2485 quandoquidem
945 2442 1068 2484 species
1088 2447 1146 2479 est,
1163 2451 1222 2474 nec
1244 2442 1340 2472 habet
1361 2445 1477 2483 partes,
1493 2440 1546 2471 sed
1563 2439 1636 2470 idea

173 2503 236 2524 una
257 2495 330 2525 est?
373 2495 460 2528 Τιιε.
485 2496 639 2529 Maxime.
683 2498 739 2529 So.
763 2498 795 2528 Si
826 2497 920 2539 igitur
942 2497 1039 2528 multa
1068 2497 1225 2528 elementa
1249 2495 1372 2538 syllaba
1396 2501 1456 2532 est,
1481 2499 1514 2526 et
1535 2499 1634 2525 totum

175 2547 336 2589 quiddam,
349 2548 480 2591 ejusque
498 2556 599 2591 partes
612 2551 695 2591 ista5
718 2551 859 2582 similiter
881 2551 1012 2593 syllabae
1035 2555 1067 2582 et
1090 2550 1245 2582 elementa
1270 2549 1418 2592 cognosci
1438 2548 1636 2590 describique

171 2607 323 2643 possunt:
349 2604 469 2646 quippe
495 2614 565 2635 cum
589 2610 693 2646 partes
714 2616 822 2637 omnes
845 2606 929 2637 idem
942 2605 1028 2647 quod
1044 2610 1077 2636 et
1100 2609 1202 2636 totum
1227 2615 1294 2636 esse
1315 2603 1501 2636 constiterit.
1546 2602 1635 2633 Tur-z.

171 2656 345 2698 Praecipue.
391 2657 447 2688 So.
470 2657 526 2688 Sin
541 2662 646 2690 autem
663 2670 758 2701 unum
785 2660 937 2701 quiddam
960 2665 993 2691 et
1013 2659 1166 2701 simplex;
1190 2669 1280 2700 aeque
1305 2658 1429 2700 syllaba
1453 2662 1548 2698 atque
1572 2656 1636 2686 ele-

171 2715 311 2741 mentum
323 2710 517 2742 definitionis
528 2712 780 2754 cognitionisque
795 2719 844 2744 est
858 2724 979 2756 expers.
1001 2714 1112 2745 eadem
1127 2712 1211 2744 enim
1226 2723 1324 2744 causa
1337 2712 1412 2743 talia
1427 2712 1495 2742 haec
1510 2710 1636 2742 efficiet.

173 2763 261 2795 Tua.
284 2763 388 2796 Aliter
402 2775 535 2796 asserere
551 2776 687 2807 nequae.
732 2767 789 2799 So.
813 2767 892 2809 Ejus
907 2778 980 2809 ergo
995 2777 1167 2799 sermonem
1182 2777 1222 2798 ne
1234 2767 1446 2803 admittamus,
1458 2766 1512 2807 qui
1527 2763 1638 2796 dixerit

172 2818 324 2861 syllabam
339 2819 468 2861 quidem
484 2825 517 2851 et
532 2819 598 2851 dici
612 2825 644 2852 et
659 2822 810 2862 cognosci
827 2832 928 2863 posse,
944 2822 1099 2853 elementa
1113 2832 1185 2853 vero
1196 2831 1404 2864 nequaquam.
1449 2820 1535 2850 Tru:-
1558 2818 1588 2849 N
1593 2828 1634 2849 on

174 2876 270 2909 certe,
285 2873 311 2903 si
327 2873 401 2905 huic
418 2873 532 2904 rationi
549 2874 714 2909 credimus.
737 2874 833 2918 [206]
858 2876 914 2908 So.
938 2875 1038 2915 Quid,
1054 2875 1079 2907 si
1101 2876 1172 2918 quis
1196 2875 1348 2908 contraria
1370 2874 1494 2915 dixerit,
1508 2883 1546 2903 an
1571 2882 1635 2902 non

172 2925 275 2966 potius
290 2926 344 2958 illa
367 2927 568 2965 concederes,
584 2938 621 2959 ex
638 2928 686 2959 his
702 2940 832 2971 quorum
849 2929 906 2961 tibi
921 2930 980 2971 ipsi
995 2929 1028 2961 in
1045 2929 1151 2972 primis
1173 2930 1327 2962 literarum
1351 2927 1534 2960 rudimentis
1559 2936 1635 2957 con-

173 2978 258 3012 scius
277 2979 445 3013 exstitisti?
490 2981 577 3014 ΤΗΣ.
604 2983 758 3020 Quaenam
782 2973 867 3015 ista?
914 2985 968 3016 So.
992 2984 1086 3022 Quod
1114 2984 1192 3016 nihil
1219 2985 1303 3016 aliud
1333 2983 1452 3015 discere
1478 2981 1635 3018 studuisti,
