1846 3268
145 295 239 348 151]
671 294 994 357 ALCIBIADES
1027 296 1077 334 ll.
1530 299 1603 334 185

137 405 300 431 vocantem
329 410 400 431 vero
425 398 664 430 Atheniensium
690 397 838 428 nuncium
865 397 898 428 iu
929 398 1014 429 hunc
1044 398 1171 429 modum
1202 397 1296 429 fuisse
1326 398 1479 430 locutum.
1525 399 1604 431 Hmc

135 454 215 486 dicit
240 454 398 485 Ammon:
423 453 545 495 placere
572 452 630 483 sibi
657 452 754 493 magis
778 451 1087 483 Lacedaemoniorum
1113 451 1381 488 benedictionem,
1410 462 1505 493 quam
1533 453 1606 484 teli-

134 519 266 549 quorum
290 513 405 539 cuncta
433 506 612 539 Graecorum
639 516 737 538 sacra.
794 505 864 537 Nec
890 506 980 548 plura
1007 506 1044 537 iis
1073 505 1283 548 respondisse.
1340 506 1605 538 Benedictionem

133 571 208 592 vero
235 561 350 592 nullam
377 571 501 603 prorsus
529 561 620 592 aliam
646 561 724 591 deus
748 559 825 591 mihi
848 560 964 591 dixisse
993 560 1130 597 videtur,
1153 570 1246 602 quam
1271 559 1394 592 illorum
1418 559 1604 591 orationem.

136 614 323 656 permultum
351 615 435 646 enim
459 614 515 646 illa
539 625 558 646 a
584 615 695 646 ceteris
720 614 839 645 differt.
895 613 1025 655 Reliqui
1050 624 1186 655 namque
1218 613 1322 645 Graeci
1347 614 1459 655 partim
1491 614 1606 645 auratis

134 667 280 698 cornibus
297 668 391 699 boves
405 667 629 708 sacrificantes,
647 668 759 709 partim
780 667 919 699 donariis
934 667 1065 709 egregiis
1082 667 1199 709 templa
1221 672 1379 704 ornantes,
1407 677 1605 710 quaecunque

133 726 312 759 occurrunt,
334 732 388 753 seu
416 722 498 752 bona
518 722 583 753 sive
607 722 701 762 mala,
725 732 744 753 a
767 721 828 752 diis
850 726 975 763 petunt.
1021 721 1079 752 Dii
1104 731 1187 757 vero,
1202 731 1275 752 cum
1300 721 1371 752 illos
1396 721 1604 763 imprecantes

133 774 279 812 audiunt,
308 775 476 807 ditissimas
506 775 628 807 illorum
657 785 789 817 pompas
812 780 846 807 et
874 774 1026 807 sacrificia
1056 785 1120 805 non
1150 779 1331 816 acceptant.
1392 774 1603 812 Quamobrem

133 828 299 870 diligenter
322 830 582 862 considerandum
608 829 683 861 milri
707 830 840 868 videtur,
875 830 952 872 quid
979 829 1149 861 dicendum
1177 829 1231 870 sit,
1258 829 1375 871 quidve
1401 840 1466 860 nou
1496 829 1606 861 dicen-

133 882 218 914 dum.
266 883 412 915 Invenies
426 894 553 926 quoque.
570 884 654 926 apud
670 884 840 915 Homerum
863 883 924 915 alia
948 884 1056 914 horum
1073 883 1198 914 similia.
1222 883 1325 924 inquit
1341 883 1424 914 enim
1438 882 1605 925 Trojanos,

132 946 202 967 cum
229 938 438 969 suburbanum
463 939 631 970 aedificium
651 939 842 976 molirentur,
868 938 973 969 dicare
1001 938 1063 970 diis
1093 937 1320 968 immortalibus
1347 938 1484 979 pretiosa
1511 938 1604 968 sacri-

134 988 205 1021 ficia
227 990 344 1022 boum:
366 991 508 1023 nidorem
530 1003 601 1024 vero
629 1003 666 1024 ex
695 993 784 1024 litore
807 1003 933 1023 suavem
959 992 999 1022 ad
1024 992 1135 1023 coelum
1153 1002 1251 1033 usque
1266 991 1367 1021 ventis
1394 991 1524 1022 extolli:
1549 992 1604 1022 sed

134 1043 241 1075 beatos
256 1046 332 1076 deos
349 1045 402 1076 illo
429 1045 558 1077 minime
573 1046 655 1078 vesci
671 1058 679 1085 3
703 1046 823 1088 quippe
838 1046 951 1087 quibus
970 1044 1055 1075 Ilion
1076 1050 1109 1076 et
1130 1045 1272 1075 Priamus
1288 1049 1320 1075 et
1335 1044 1452 1075 Priami
1468 1044 1606 1086 populus

134 1097 208 1128 odio
223 1098 296 1130 sint.
341 1098 454 1141 Itaque
482 1100 523 1130 nil
547 1099 692 1142 Trojanis
717 1101 876 1142 proderat,
898 1110 969 1131 cum
995 1099 1142 1130 adversos
1167 1099 1244 1129 deos
1264 1099 1427 1136 haberent,
1455 1108 1541 1129 sacra
1567 1108 1604 1129 nc

133 1160 260 1182 munera
274 1158 387 1184 temere
402 1153 464 1185 illis
480 1154 601 1186 offerre.
646 1154 760 1196 Neque
775 1154 857 1185 enim
874 1153 1030 1195 ejusmodi
1053 1157 1101 1184 est
1123 1153 1175 1183 dci
1192 1157 1313 1190 natura,
1331 1157 1367 1182 ut
1386 1153 1520 1183 ducatur
1535 1163 1603 1183 muÎ‡

133 1205 270 1243 neribus,
297 1209 562 1248 quemadmodum
603 1209 762 1251 improbus
803 1209 978 1239 foenerator.
1015 1208 1069 1238 sed
1101 1218 1158 1238 uos
1187 1207 1332 1237 nimirum
1363 1206 1542 1243 deliramus,
1578 1207 1604 1237 si

132 1261 262 1301 quando
286 1272 343 1292 nos
365 1261 613 1294 Lacedaemoniis
637 1264 764 1304 propter
779 1273 907 1294 munera
933 1261 1126 1303 acceptiores
1150 1262 1210 1292 deo
1237 1271 1304 1292 esse
1325 1260 1480 1292 ducimus.
1527 1260 1602 1291 Ete-

132 1313 196 1344 nim
223 1325 317 1356 grave
344 1322 437 1352 esset,
457 1316 482 1347 si
510 1317 587 1347 deus
611 1317 650 1348 ad
673 1317 803 1348 donaria
827 1321 859 1347 et
883 1316 1032 1347 sacrificia
1060 1320 1165 1346 nostra
1187 1314 1354 1356 respiceret
1379 1315 1483 1356 potius
1508 1325 1603 1355 quam

132 1367 172 1397 ad
197 1368 346 1407 aninumr,
372 1374 473 1400 utrum
494 1369 599 1410 justus
624 1375 814 1412 sanctusque
839 1370 937 1412 [150]
962 1369 1014 1400 sit.
1039 1369 1078 1400 ad
1106 1380 1199 1411 quem
1223 1369 1371 1411 equidem
1399 1369 1493 1400 deum
1521 1369 1602 1399 arbi-

132 1426 194 1451 tror
219 1422 317 1452 multo
343 1422 440 1464 magis
466 1423 640 1464 attendere,
666 1434 759 1466 quam
784 1424 823 1454 ad
846 1423 935 1454 multi
964 1428 1106 1464 sumptus
1134 1433 1264 1465 pompas
1289 1428 1384 1465 atque
1399 1432 1506 1454 sacra:
1530 1433 1602 1464 quae

133 1475 210 1507 nillil
238 1477 382 1517 prohibet
404 1487 489 1519 eum,
504 1477 559 1519 qui
583 1478 678 1509 multa
703 1478 736 1509 in
759 1478 852 1509 deum
879 1477 1084 1519 hominesque
1112 1477 1303 1520 peccaverit,
1328 1488 1382 1508 seu
1407 1477 1546 1519 privatus
1563 1476 1603 1507 sit

132 1530 196 1563 sive
211 1541 258 1561 res
276 1532 414 1572 publica,
442 1532 573 1574 singulis
589 1532 678 1563 annis
704 1532 864 1574 perficere.
911 1531 1002 1563 Deus
1029 1536 1145 1569 autem,
1170 1537 1281 1573 utpote
1305 1542 1323 1562 a
1346 1530 1526 1562 muneribus
1553 1531 1600 1561 in-

131 1590 305 1626 corruptus,
335 1586 454 1627 spernit
479 1586 545 1618 haec
573 1587 691 1624 onmia,
715 1592 751 1618 ut
774 1587 842 1629 ipse
868 1586 1000 1628 ejusque
1025 1587 1179 1628 propheta
1205 1585 1358 1627 praedixit.
1404 1585 1499 1617 Unde
1531 1595 1599 1626 per-

131 1638 274 1678 spicuum
297 1644 356 1676 cst,
382 1644 414 1670 et
437 1640 523 1681 apud
550 1640 642 1671 deum
670 1645 703 1671 et
728 1641 812 1682 apud
840 1640 981 1671 homines
1008 1650 1091 1671 sanae
1109 1639 1221 1671 mentis
1242 1639 1396 1680 justitiam
1413 1644 1445 1670 et
1462 1638 1598 1680 prudeu-

132 1694 206 1723 tiam
230 1693 387 1734 praecipue
413 1694 566 1725 honorari.
612 1693 789 1725 Prudentes
811 1700 915 1725 autem
938 1693 1079 1735 justique
1105 1700 1189 1730 sunt,
1218 1693 1271 1735 qui
1287 1693 1409 1730 sciunt,
1434 1703 1504 1734 quae
1528 1702 1601 1732 erga

130 1746 224 1777 deum
237 1751 268 1778 et
286 1747 429 1778 homines
447 1758 538 1789 agere
555 1752 648 1789 atque
662 1747 766 1778 dicere
781 1747 904 1780 deceat.
949 1747 1054 1789 Cupio
1067 1752 1171 1777 tamen
1187 1758 1224 1778 ex
1239 1751 1270 1777 te
1284 1746 1406 1783 audire,
1422 1745 1498 1787 quid
1516 1746 1546 1776 in
1564 1745 1601 1776 iis

130 1799 200 1841 ipse
226 1802 355 1833 sentias.
399 1801 463 1833 At..
508 1802 593 1833 Mihi
619 1812 704 1839 vero,
729 1812 748 1832 o
771 1801 926 1838 Socrates,
948 1802 1031 1832 haud
1059 1812 1148 1833 secus
1173 1811 1265 1842 quam
1292 1800 1347 1831 tibi
1370 1810 1406 1831 ac
1433 1801 1494 1831 deo
1512 1800 1599 1831 vide-

132 1860 191 1887 tur.
215 1865 317 1897 neque
341 1856 423 1887 enim
447 1856 493 1886 fas
516 1860 609 1892 esset,
629 1865 647 1886 a
669 1856 729 1886 deo
756 1866 805 1886 me
831 1854 1007 1887 dissentire.
1051 1854 1108 1887 So.
1155 1853 1344 1885 Recordaris
1369 1854 1484 1885 dixisse
1510 1858 1541 1885 te
1565 1854 1597 1884 iu

132 1909 263 1950 plurima
285 1909 480 1941 dubitatione
505 1909 744 1950 discrimineque
760 1909 885 1945 versari,
908 1920 948 1940 ne
972 1914 1002 1939 te
1027 1908 1128 1950 ipsum
1156 1908 1276 1945 lateres,
1299 1919 1370 1939 cum
1395 1907 1477 1938 mala
1498 1917 1598 1948 quan-

131 1963 235 2004 doque
266 1973 320 2004 pro
359 1963 448 1994 bonis
485 1963 634 2004 optares?
679 1962 746 1994 At..
791 1962 940 1994 Memini.
986 1962 1040 1995 So.
1088 1962 1138 1992 An
1170 1962 1269 1998 vides,
1299 1973 1362 1993 non
1391 1962 1465 1992 satis
1496 1966 1597 1991 tutum

131 2016 186 2046 tibi
217 2027 283 2048 esse
313 2017 352 2048 ad
384 2018 534 2049 orandum
566 2027 704 2058 pergere,
749 2027 788 2047 ne
815 2017 942 2058 quaudo
973 2022 1002 2048 te
1030 2017 1108 2047 deus
1135 2017 1267 2048 audiens
1290 2017 1514 2058 imprecantem
1537 2015 1599 2046 ista

132 2074 185 2100 tua
209 2070 359 2101 sacrificia
382 2076 504 2112 renuat,
529 2070 614 2101 aliud
641 2081 712 2101 vero
736 2070 887 2112 quiddam
910 2070 1072 2101 fortuitum
1097 2071 1259 2112 reportes?
1307 2069 1390 2101 Mihi
1413 2080 1486 2111 ergo
1510 2068 1598 2099 vide-

132 2129 180 2154 tur
209 2134 311 2165 operm
342 2124 474 2166 pretium
501 2135 568 2156 esse
599 2125 736 2166 quietem
768 2135 870 2166 agere.
896 2135 967 2155 uam
995 2125 1135 2155 oratioue
1165 2124 1474 2155 Lacedaemoniorum
1503 2133 1595 2164 prop-

131 2183 177 2208 ter
202 2178 486 2219 magnanimitatem
518 2179 568 2221 (id
596 2179 679 2210 enim
710 2190 824 2210 nomen
855 2179 1106 2210 honestissimum
1131 2184 1180 2209 est
1202 2178 1355 2214 omnium,
1382 2177 1496 2219 quibus
1525 2175 1600 2207 insiÎ‡

131 2231 251 2272 pientia
267 2232 475 2272 significatur)
498 2242 560 2263 non
595 2233 738 2264 existimo
769 2233 816 2263 uti
839 2239 870 2264 te
894 2233 986 2264 velle.
1033 2232 1138 2269 Quare
1167 2242 1297 2263 necesse
1327 2237 1374 2263 est
1403 2236 1598 2272 exspectare,

129 2286 232 2316 donec
256 2286 405 2323 discatur,
429 2287 691 2327 quemadmodum
717 2287 756 2317 ad
782 2287 876 2317 deum
904 2291 1000 2327 atque
1028 2286 1067 2316 ad
1099 2286 1239 2317 homines
1264 2286 1378 2317 lrabere
1408 2296 1442 2316 se
1472 2286 1597 2316 deceat.

134 2338 199 2370 Î‘á¿..
259 2340 397 2376 Quando
421 2339 489 2375 erit,
514 2350 532 2370 o
556 2341 710 2378 Socrates,
742 2346 774 2372 et
807 2341 876 2382 quis
900 2340 1095 2382 praeceptor?
1130 2339 1360 2381 jucundissime
1393 2339 1477 2370 enim
1511 2339 1594 2369 liuuc

130 2393 299 2430 hominem,
325 2394 465 2435 quisquis
490 2393 560 2430 erit,
583 2404 761 2435 agnoscam.
810 2395 866 2427 So.
912 2394 976 2426 Hic
1002 2399 1050 2425 est
1076 2394 1127 2425 cui
1154 2400 1187 2424 tu
1212 2405 1293 2426 curae
1318 2405 1363 2426 es,
1387 2405 1492 2425 verum
1521 2393 1596 2424 milri

129 2446 262 2483 videtur,
287 2449 548 2488 quemadmodum
572 2448 722 2479 Diomedi
746 2449 921 2480 Minervam
951 2448 1053 2490 inquit
1080 2448 1234 2479 Homerus
1262 2449 1302 2479 ab
1326 2448 1425 2479 oculis
1450 2448 1596 2478 nebulam

130 2501 305 2536 abstulisse,
329 2507 363 2532 ut
387 2502 576 2534 discerneret
600 2503 693 2533 deum
721 2504 760 2534 ab
783 2504 922 2541 homine,
946 2504 990 2535 sic
1013 2508 1044 2534 et
1070 2503 1110 2533 ab
1134 2503 1238 2534 animo
1265 2510 1320 2534 tuo
1343 2503 1427 2545 prius
1450 2508 1594 2544 oportere

130 2553 309 2594 caliginem,
340 2564 403 2595 qua
433 2566 516 2587 nunc
544 2556 729 2593 offunditur,
753 2557 895 2589 auferre:
936 2557 1052 2588 deinde
1086 2557 1139 2587 illa
1172 2557 1299 2598 propius
1327 2557 1504 2593 admovere,
1542 2565 1597 2596 per

131 2617 202 2648 qure.
228 2618 281 2638 seu
309 2608 422 2638 bonum
446 2609 520 2650 quid
547 2610 599 2649 sit,
622 2610 687 2642 sive
719 2611 846 2652 malum,
868 2612 1046 2653 dignoscas.
1069 2621 1154 2642 nunc
1179 2611 1263 2642 enim
1286 2611 1388 2652 impos
1410 2621 1478 2642 esse
1507 2609 1595 2640 vide-

130 2662 182 2692 ris.
228 2660 292 2692 Ar..
339 2661 483 2699 Auferat,
509 2673 562 2694 seu
594 2664 739 2696 nebulam
770 2665 822 2696 ille
851 2666 936 2703 velit,
959 2666 1023 2696 sive
1047 2666 1260 2707 quodcunque
1275 2665 1373 2695 aliud.
1396 2664 1511 2695 etenim
1539 2673 1596 2704 pa-

132 2719 216 2745 ratus
242 2726 308 2745 sum
336 2715 413 2746 nillil
446 2716 571 2757 penitus
597 2719 844 2761 praetermittere,
878 2720 963 2761 quod
991 2720 1045 2751 ille
1071 2720 1266 2762 praeceperit,
1289 2717 1431 2761 quisquis
1456 2715 1594 2757 denique

129 2769 182 2808 sit,
204 2769 298 2799 modo
318 2769 385 2810 ipse
411 2769 469 2800 sim
495 2770 603 2801 melior
625 2781 782 2804 evasurus.
830 2772 928 2815 [151]
975 2773 1031 2804 So.
1079 2773 1177 2814 Atqui
1202 2772 1256 2804 ille
1280 2773 1389 2804 mirum
1405 2771 1437 2802 in
1465 2771 1594 2802 modum

130 2823 186 2853 tibi
216 2823 371 2864 providet.
418 2823 480 2856 AL.
525 2824 566 2854 In
590 2824 670 2855 illud
700 2825 806 2867 itaque
836 2831 958 2868 tempus
998 2828 1058 2858 hoc
1082 2827 1267 2858 sacrificium
1292 2826 1416 2858 differre
1441 2825 1592 2866 optimum

131 2877 197 2909 fore
219 2872 343 2910 censeo.
390 2879 445 2911 So.
492 2879 534 2910 Et
562 2887 646 2911 recte
676 2880 817 2922 quidem.
840 2882 938 2912 tutius
968 2881 1051 2912 enim
1081 2886 1140 2922 est,
1161 2893 1254 2924 quam
1284 2886 1372 2913 tanto
1398 2879 1536 2922 periculo
1561 2888 1594 2907 se

132 2930 295 2972 subjicere.
341 2932 405 2966 Ar..
452 2933 502 2964 Sic
530 2939 587 2972 est,
614 2945 632 2966 Î¿
654 2934 809 2968 Socrates,
854 2934 979 2967 Interea
1007 2941 1122 2974 tamen,
1144 2936 1290 2978 quoniam
1317 2935 1391 2966 milri
1418 2935 1497 2965 bene
1521 2941 1594 2963 con-

220 2985 310 3020 Plut.
330 2987 384 3018 Tr.
840 2989 871 3022 Î™,
1432 2990 1452 3019 2
1476 2987 1507 3017 Î›
