1846 3268
174 273 291 324 ‘3861
761 268 1065 307 *CRATYLUS
1570 271 1646 309 309

175 375 278 407 ,Forte
294 374 410 416 aliquid
424 373 512 409 dicis,
530 372 743 412 Hermogenes
757 383 763 402 :
789 372 1022 403 consideremus
1034 372 1151 413 itaque.
1194 372 1417 415 Quodcunque
1433 372 1566 415 imponit
1577 374 1646 415 quis

188 430 304 471 cuique
318 438 431 460 nornen
449 431 613 467 vocatque.
629 424 661 455 id
678 425 723 455 illi
739 435 852 456 nomen
869 436 936 457 esse
953 427 1063 457 asseris
1078 427 1088 457 ?
1133 426 1256 458 Ilium.
1282 426 1363 458 Mihi
1377 437 1450 458 sanc
1462 427 1505 458 ita
1515 427 1650 460 videtur.

173 483 247 516 .So.
273 482 314 514 Et
328 481 392 513 sive
409 480 546 522 privatus
562 484 664 514 vocet.
680 479 745 510 sive
761 478 894 510 civitas?
941 479 1062 511 Herm.
1086 479 1211 511 Assero.
1255 480 1312 512 So.
1337 481 1423 518 Quid
1438 492 1523 519 vero,
1539 482 1564 512 si
1578 481 1648 524 ipse

172 547 253 567 ,rem
267 535 402 577 aliquam
415 545 536 570 vocem,
551 533 646 564 veluti
662 532 687 564 si
702 543 795 574 quem
808 543 892 565 nunc
910 533 1066 565 hominem
1083 544 1242 574 vocamus,
1257 545 1316 576 ego
1331 545 1446 576 equum
1467 535 1624 567 nominem
1640 546 1650 575 3

185 600 318 632 quemve
346 599 475 631 equum,
501 587 681 619 hominem?
705 587 830 628 publice
856 587 984 628 quidem
1013 587 1069 618 erit
1099 587 1201 619 eidem
1229 589 1323 620 homo
1351 599 1478 630 nomen,
1502 588 1647 630 privatim

183 654 283 686 equus
297 655 307 683 ;
329 648 362 675 et
375 643 520 685 privatim
537 653 638 673 rursus
652 643 757 677 homo,
775 641 900 683 publice
911 651 1021 682 equus.
1045 641 1088 673 ita
1101 641 1260 683 loqueris?
1305 641 1428 676 Hsnm.
1451 642 1502 675 Ita
1514 643 1649 675 videtur.

182 700 242 730 So.
265 697 327 730 Dic
352 698 474 734 iterum,
491 707 564 728 num
588 695 706 738 aliquid
729 706 894 737 nuncupes
909 706 979 726 vera
1005 695 1102 737 loqui,
1124 696 1242 738 aliquid
1267 696 1354 738 loqui
1376 697 1477 728 falsa?
1522 697 1647 732 Ham.

175 753 351 795 Equidem.
395 751 451 783 So.
488 751 605 782 Nonne
628 751 682 781 illa
710 750 838 792 quidem
868 760 940 780 vera
967 750 1024 780 erit
1053 750 1164 787 oratio,
1193 751 1261 782 liaec
1286 745 1390 781 aut'em
1420 750 1519 782 oratio
1546 751 1647 783 falsa?

186 806 308 838 Hunni.
334 805 383 836 Ita
398 816 533 848 prorsus.
576 805 632 836 So.
657 804 717 835 Illa
733 815 804 835 vero
825 803 936 840 oratio,
953 814 1025 846 quae
1055 804 1222 835 existentia
1245 804 1324 836 dicit
1352 809 1386 835 ut
1411 805 1562 846 existunt,
1577 816 1649 837 vera

180 866 254 900 est;
275 870 345 902 quae
360 864 396 890 ut
421 869 483 891 non
509 859 656 894 existunt,
677 858 779 888 salsa?
825 857 947 890 Herna.
972 858 1077 890 Certe.
1123 858 1179 890 So.
1203 858 1260 889 Est
1286 864 1389 890 autem
1413 859 1485 897 hoc,
1508 860 1648 891 oratione

176 926 221 947 ea
236 925 306 957 quae
314 919 389 946 sunt
403 919 435 946 et
447 924 517 956 quae
533 924 597 944 non
610 918 683 944 sunt
693 913 819 945 dicere?
865 912 989 945 Hnnm.
1014 912 1051 943 Id
1069 913 1182 954 ipsum.
1225 913 1280 944 So.
1303 912 1413 944 Oratio
1425 923 1495 954 quae
1507 924 1577 945 vera
1588 919 1648 951 est,

185 975 288 1000 utrum
317 973 383 1000 tota
407 969 534 1010 quidem
562 972 609 998 est
622 977 706 1004 vera,
733 973 835 1008 partes
860 977 924 997 non
946 967 1050 998 verae?
1095 966 1217 999 Ham.
1242 967 1343 998 Immo
1369 971 1402 998 et
1427 973 1531 1010 partes
1555 979 1649 1000 verae.

178 1023 244 1055 80.
267 1023 378 1054 Utrum
395 1028 498 1064 partes
511 1032 630 1064 magnae
647 1031 737 1058 verae,
753 1022 873 1063 exiguae
891 1031 961 1052 vero
980 1020 1141 1062 particulae
1156 1021 1258 1052 salsae:
1283 1032 1322 1052 an
1338 1032 1418 1052 verae
1429 1027 1502 1053 sunt
1515 1023 1647 1054 omnes?

175 1076 307 1108 ,Htmm
331 1075 449 1108 Omnes
465 1076 602 1109 arbitror.
646 1075 703 1106 So.
729 1075 835 1106 Habes
858 1074 1006 1106 orationis
1030 1080 1150 1117 partem
1173 1075 1309 1116 aliquam
1335 1076 1484 1107 minorem
1500 1076 1652 1108 nomine?

184 1130 306 1163 Herm.
330 1129 562 1172 Nequaquam:
587 1130 654 1161 haec
681 1129 763 1160 enim
791 1138 861 1170 pars
885 1129 1023 1160 minima.
1070 1128 1125 1160 So.
1149 1129 1193 1160 Et
1218 1140 1331 1160 nornen
1356 1130 1484 1172 quidem
1501 1131 1560 1162 hoc
1576 1141 1647 1172 pars

185 1183 335 1215 orationis
350 1194 430 1215 verae
445 1184 456 1214 ?
500 1183 622 1215 Herm.
645 1182 759 1215 Procul
773 1183 883 1215 dubio.
927 1183 983 1215 So.
1008 1182 1082 1214 Pars
1097 1183 1206 1223 utique
1223 1194 1305 1220 vera,
1321 1189 1356 1215 ut
1367 1184 1412 1215 ais
1423 1184 1501 1227 ipse.
1522 1184 1648 1218 Humu-

189 1237 286 1271 Vera.
330 1237 386 1271 So.
409 1237 485 1268 Pars
500 1242 603 1268 autem
621 1237 789 1269 salsifalsa.
836 1236 960 1268 Hnnm.
981 1236 1057 1269 Aio.
1104 1237 1160 1268 So.
1183 1237 1273 1269 Licet
1285 1248 1358 1279 ergo
1371 1248 1484 1270 nomen
1500 1249 1604 1270 verum
1616 1243 1651 1270 et

186 1302 302 1323 nomen
317 1291 427 1323 falsum
443 1291 558 1328 dicere,
575 1291 729 1333 siquidem
743 1296 775 1322 et
789 1291 972 1322 orationem.
1015 1290 1138 1322 Hnnm.
1161 1290 1248 1328 Quid
1259 1291 1425 1332 prohibet?
1470 1292 1528 1325 So.
1551 1293 1649 1331 Quod

184 1346 317 1387 quisque
332 1345 445 1387 cuique
461 1355 574 1376 nornen
595 1355 663 1376 esse
677 1345 732 1381 ait,
748 1345 781 1376 id
795 1350 827 1375 et
843 1345 956 1386 cuique
978 1354 1092 1376 nomen
1109 1345 1179 1376 est?
1223 1345 1348 1377 Herum.
1371 1345 1410 1376 Id
1434 1345 1549 1388 ipsum.
1594 1347 1652 1379 So·

175 1399 238 1430 >An
254 1400 347 1431 etiam
363 1405 564 1441 quotcunque
580 1399 650 1440 quis
675 1399 803 1430 nomina
820 1399 936 1440 cuique
959 1399 1079 1439 tribuit,
1095 1399 1226 1430 totidem
1247 1400 1361 1430 erunt?
1385 1409 1423 1431 ac
1437 1400 1530 1432 etiam
1546 1412 1649 1443 quan·

179 1454 352 1495 ¹docunque
376 1453 506 1484 tribuit?
551 1453 674 1484 nizam.
697 1452 792 1484 Haud
814 1453 958 1495 equidem
980 1453 1093 1494 habeo,
1107 1453 1262 1491 Socrates,
1277 1453 1412 1495 aliquam
1440 1460 1551 1496 praeter
1565 1456 1646 1487 hauc

183 1508 319 1539 nominis
341 1507 572 1548 rectitudinem,
592 1512 628 1539 ut
644 1507 792 1539 videlicet
813 1507 908 1540 liceat
929 1507 1008 1539 mihi
1030 1508 1157 1549 quidem
1183 1508 1243 1539 aliu
1262 1519 1324 1539 rem
1342 1519 1463 1547 vocare,
1479 1510 1564 1551 quod
1580 1511 1648 1552 ipse

178 1563 335 1604 imposui,
349 1562 499 1594 nomine:
526 1561 582 1593 tibi
598 1567 701 1593 autern
718 1562 792 1599 alio,
808 1563 894 1604 quod
910 1568 943 1594 tu
961 1562 1151 1604 imposuisti.
1176 1562 1220 1593 ita
1239 1563 1385 1604 equidem
1409 1563 1442 1594 in
1468 1564 1650 1596 civitatibus

182 1613 279 1648 'video
305 1616 476 1647 eorundem
500 1615 622 1657 propria
645 1616 788 1657 quaedam
812 1616 919 1647 haberi
944 1615 1082 1654 nomina,
1098 1620 1131 1647 et
1152 1615 1273 1648 Graecis
1296 1617 1335 1647 ad
1364 1617 1442 1648 alios
1464 1617 1603 1656 Graecos,
1618 1623 1655 1650 et

186 1669 308 1701 Graecis
330 1670 369 1701 ad
393 1670 558 1701 Barbaros.
602 1671 660 1701 So.
685 1669 992 1707 Animadvertamus,
1008 1670 1238 1712 Hermogenes,
1253 1676 1355 1702 utrum
1380 1681 1427 1702 res
1447 1672 1526 1714 ipsae
1547 1672 1591 1704 ita
1615 1684 1650 1705 se

183 1724 302 1756 habere
313 1724 371 1756 tibi
381 1724 557 1766 videantur,
571 1728 607 1755 ut
618 1724 742 1766 propria
753 1734 853 1755 rerum
863 1725 947 1767 apud
960 1735 1215 1766 unumquemque
1229 1725 1364 1756 essentia
1379 1725 1430 1768 sit,
1446 1727 1650 1768 quemadmo-

180 1779 264 1810 ‹dum
278 1778 463 1820 Protagoras
479 1778 621 1819 tradidit,
636 1789 734 1810 rerum
753 1778 890 1810 omnium
908 1779 1016 1810 dicens
1030 1777 1188 1810 hominem
1204 1789 1270 1810 esse
1288 1790 1472 1816 mensuram,
1490 1779 1587 1823 [386]
1605 1780 1651 1812 ita

187 1838 224 1864 ut
236 1833 341 1875 qualia
354 1833 430 1864 mihi
446 1843 578 1875 qumque
593 1833 749 1870 videntur,
764 1833 838 1864 talia
854 1826 886 1864 et
900 1832 976 1864 mihi
992 1834 1074 1865 sint:
1089 1834 1160 1865 item
1175 1834 1279 1876 qualia
1294 1834 1363 1871 tibi,
1378 1839 1409 1865 et
1420 1834 1477 1866 tibi
1493 1834 1567 1866 talia
1580 1835 1591 1866 ?
1606 1846 1649 1868 au

186 1887 290 1929 potius
305 1887 448 1929 quaedam
464 1898 531 1918 esse
547 1892 650 1928 putes,
666 1898 737 1929 quae
753 1888 896 1918 essentia}
912 1898 975 1918 suae
991 1888 1149 1929 quandam
1162 1889 1299 1919 habeant
1313 1889 1499 1920 firmitatem.
1522 1889 1648 1921 Hamu-

187 1942 398 1983 Quandoquc,
414 1953 433 1972 o
450 1942 604 1982 Socrates,
619 1941 766 1972 dubitans
781 1942 820 1972 ad
836 1942 904 1972 haec
917 1942 1072 1973 deductus
1087 1952 1167 1979 sum,
1183 1953 1252 1983 quae
1269 1943 1363 1973 tradit
1384 1943 1580 1985 Protagoras.
1602 1943 1649 1975 ita

184 2000 289 2027 tamen
305 2006 370 2027 esse
387 1996 470 2026 haud
485 1996 560 2027 satis
575 1995 649 2026 mihi
666 1997 851 2037 persuadeo.
897 1996 954 2028 So.
979 1995 1133 2038 Nunquid
1155 2002 1187 2027 et
1209 1997 1249 2027 ad
1274 1997 1333 2028 hoc
1348 1997 1518 2038 aliquando
1541 2008 1575 2029 es
1590 1998 1648 2029 de-

184 2050 308 2087 ductus,
336 2054 372 2080 ut
394 2049 453 2080 tibi
478 2060 677 2091 nequaquam
704 2050 859 2081 videretur
882 2049 1016 2091 aliquem
1048 2060 1116 2081 esse
1150 2050 1308 2082 hominem
1339 2051 1468 2082 omnino
1508 2051 1648 2083 malum?

183 2103 306 2135 Henna.
330 2103 417 2141 Non,
431 2114 485 2145 per
498 2104 623 2137 Jovem.
646 2104 739 2135 immo
755 2115 969 2146 saepenumero
986 2105 1030 2135 ita
1054 2115 1122 2135 sum
1137 2105 1282 2143 affectus,
1298 2110 1333 2135 ut
1355 2104 1565 2137 existimarem
1590 2107 1651 2137 ho·

184 2156 285 2188 mines
299 2158 466 2188 nonnullos
482 2158 609 2189 omnino
626 2159 723 2189 malos
734 2169 812 2195 esse,
829 2163 862 2189 et
876 2159 1004 2200 quidem
1016 2158 1176 2200 plurimos.
1220 2158 1276 2190 So.
1299 2159 1428 2190 Prorsus
1442 2164 1547 2191 autem
1572 2160 1648 2191 boni

184 2211 266 2242 nulli
280 2212 383 2243 adhuc
398 2212 456 2243 tibi
465 2212 521 2243 visi
538 2213 633 2244 sunt?
679 2213 801 2244 HEnM.
824 2212 1007 2244 Admodum
1023 2212 1131 2255 pauci.
1176 2213 1233 2245 So.
1257 2212 1330 2244 Visi
1344 2223 1417 2254 ergo
1432 2218 1506 2244 sunt
1526 2213 1651 2256 aliqui?

186 2265 311 2297 Hmuu.
334 2266 458 2308 Aliqui.
502 2266 558 2299 So.
584 2267 656 2304 Qua
682 2267 802 2298 ratione
828 2267 887 2298 hoc
909 2266 1059 2308 judicas?
1092 2266 1215 2298 hacne?
1237 2267 1366 2297 omnino
1395 2267 1523 2308 quidem
1548 2268 1651 2300 bonos

183 2330 263 2358 esse,
289 2320 416 2351 omniuo
442 2322 636 2362 prudentes:
661 2332 784 2362 prorsus
799 2332 871 2352 vero
898 2332 1010 2362 pravos
1039 2327 1071 2352 et
1091 2321 1303 2362 imprudentes
1327 2321 1480 2352 omniuo?
1524 2321 1649 2356 Herur.

182 2373 267 2405 Mihi
290 2385 365 2405 sane
386 2375 430 2406 ita
445 2375 579 2407 videtur.
624 2376 681 2407 8ο.
705 2376 737 2406 Si
761 2375 949 2416 Protagoras
965 2385 1036 2406 vera
1058 2375 1149 2412 dixit,
1164 2379 1275 2416 estque
1297 2375 1364 2406 haec
1390 2374 1458 2416 ipsa
1473 2375 1596 2413 veritas,
1613 2380 1649 2406 ut

184 2428 415 2471 qualiacunque
441 2429 570 2471 singulis
593 2440 726 2471 quaeque
742 2430 898 2466 videntur,
916 2429 990 2460 talia
1004 2429 1065 2461 sint
1079 2439 1088 2460 :
1113 2429 1221 2460 fierine
1237 2433 1352 2470 potest,
1367 2434 1402 2460 ut
1417 2428 1470 2460 alii
1485 2429 1647 2461 homiuum

187 2483 356 2523 prudentes
371 2483 445 2524 sint,
459 2483 673 2526 imprudentes
688 2484 762 2515 alii?
807 2483 932 2515 HERM.
955 2483 1177 2524 Nequaquam.
1222 2482 1276 2513 So.
1299 2481 1400 2524 Atqui
1415 2483 1494 2519 haec,
1516 2488 1550 2513 ut
1565 2483 1648 2515 arbi-

185 2541 258 2572 tror,
275 2535 331 2567 tibi
357 2537 485 2568 omnino
501 2537 667 2568 videntur:
691 2548 761 2569 cum
782 2538 931 2569 videlicet
952 2537 1118 2579 prudentia
1142 2537 1286 2577 quaedam
1313 2541 1345 2567 et
1366 2536 1577 2578 imprudentia
1596 2538 1648 2575 sit,

187 2590 387 2632 Protagoram
403 2591 485 2621 haud
504 2591 631 2622 omnino
645 2602 718 2623 vera
734 2592 820 2633 loqui
838 2602 940 2634 posse.
961 2592 1064 2633 neque
1081 2590 1163 2621 enim
1178 2589 1256 2621 alter
1271 2590 1367 2622 altero
1381 2601 1487 2622 revera
1507 2592 1646 2633 pruden-

185 2644 245 2675 tior
258 2644 328 2681 erit,
345 2645 368 2675 si
382 2655 452 2685 quae
463 2645 576 2686 cuique
593 2645 749 2686 videntur,
763 2646 877 2687 cuique
892 2656 963 2677 vera
986 2650 1088 2677 erunt.
1134 2644 1258 2676 Hznm.
1280 2643 1330 2675 Ita
1345 2649 1404 2676 est.
1447 2644 1506 2677 So.
1529 2644 1573 2676 At
1588 2656 1647 2676 ne·

185 2708 247 2739 que
258 2698 461 2740 Euthydemo
475 2699 643 2739 assentiris,
656 2705 691 2730 ut
706 2700 844 2737 arbitror,
858 2699 977 2732 dicenti
998 2699 1104 2730 omnia.
1118 2698 1263 2730 omnibus
1278 2708 1346 2730 esse
1360 2698 1502 2729 similiter
1516 2709 1553 2730 ac
1565 2709 1647 2730 sern-

185 2763 252 2793 per.
274 2763 377 2794 neque
393 2751 475 2783 enim
499 2751 552 2783 alii
568 2753 721 2793 boni,alii
741 2753 816 2784 mali
841 2759 958 2795 essent,
974 2754 999 2784 si
1022 2763 1143 2794 semper
1165 2757 1198 2783 et
1221 2762 1312 2795 aeque
1337 2752 1480 2783 omnibus
1503 2757 1536 2783 et
1549 2752 1646 2784 virtus

183 2805 301 2837 inesset
314 2811 347 2837 et
361 2805 507 2847 pravitas.
552 2805 675 2837 Herm.
696 2806 781 2838 Vera
795 2807 941 2849 loqueris.
986 2807 1041 2838 So.
1064 2807 1147 2848 Ergo
1162 2806 1187 2837 si
1202 2816 1306 2848 neque
1318 2806 1423 2837 omnia
1438 2806 1581 2837 omnibus
1594 2806 1647 2837 in-

185 2865 259 2891 sunt
281 2870 402 2902 semper
426 2865 522 2901 atque
545 2859 695 2897 similiter,
710 2870 812 2902 neque
836 2861 950 2903 cuique
966 2860 1124 2903 proprium
1148 2860 1414 2902 unumquodque:
1438 2864 1573 2896 constat,
1595 2870 1645 2891 res

184 2913 268 2954 ipsas
283 2924 350 2945 esse
362 2924 434 2956 quae
448 2913 613 2945 essentiam
629 2914 786 2956 quandam
801 2914 918 2946 firmam
929 2915 963 2946 in
979 2915 1054 2956 ipsis
1066 2914 1204 2946 habeut:
1227 2924 1330 2955 neque
1343 2913 1447 2955 quoad
1457 2922 1526 2950 noe,
1540 2923 1644 2953 neque

182 2975 201 2997 a
215 2966 304 2999 nobis
329 2978 385 3010 per
408 2967 663 3010 imaginationem
693 2978 812 3009 sursum
835 2969 1043 3011 deorsumque
1063 2968 1231 3012 distractae,
1246 2968 1300 2999 sed
1328 2967 1497 3000 secundum
1514 2976 1546 2997 se
1561 2966 1646 3008 ipsas
