1846 3268
181 249 259 287 246
791 245 1059 287 PLATOle
1098 249 1100 252 ’
1560 251 1654 302 [167

179 349 288 382 iterum
305 352 388 393 quod
407 350 492 388 dico,
517 349 717 392 perduct-,et
741 350 771 381 in
799 351 976 383 memoriam
1001 351 1120 383 dictum
1144 350 1289 393 superius
1313 361 1437 391 revoca,
1452 354 1537 395 quod
1555 356 1662 396 aegro--

178 405 257 436 tanti
274 415 375 436 amara
393 405 537 436 videntur
552 415 623 446 quae
639 404 806 446 gustat‚‘et
821 409 907 443 sunt,
922 405 1003 436 bene
1020 404 1139 436 valenti
1162 405 1315 437 contraria
1340 411 1414 438 sunt
1430 412 1526 448 atque
1541 407 1654 439 viden-

181 464 241 490 tur.
288 459 518 501 Sapientiorem
537 459 644 501 utique
661 459 771 489 horum
788 463 934 490 neutrum
958 470 996 490 ex
1019 459 1079 490 hoc
1102 464 1228 500 oportet
1248 470 1406 492 asserere:
1431 471 1534 503 neque
1558 461 1659 505 [167]

177 513 262 544 enirn'
278 514 308 544 id
326 514 390 544 fieri
408 518 533 555 potest:
558 523 660 555 neque
677 511 926 554 praedicandum,
942 517 1144 554 aegrotantem
1166 512 1367 556 insipientem
1396 525 1478 556 esse,
1500 515 1577 557 quia
1591 515 1653 547 ista

177 572 268 608 putet
285 578 295 608 ς
319 578 428 599 sanum
444 572 554 599 contra
569 566 754 609 sapientem,
769 565 843 607 quia
859 566 992 598 diversa.
1017 567 1254 608 permutandum
1270 579 1342 600 vero
1360 569 1391 599 in
1408 569 1539 601 alterum
1562 570 1652 601 habi·

174 628 251 652 turn.
274 621 353 652 alter
367 622 449 653 enirn
465 621 590 652 habitus
606 620 726 652 melior.
771 620 921 653 Similiter
933 620 964 651 in
977 620 1143 662 disciplina
1155 621 1195 652 ab
1207 622 1304 653 altero
1317 622 1423 654 habitu
1441 623 1473 654 in
1490 623 1647 656 meliorem

174 676 429 717 permutandum.
475 676 538 707 Sed
564 674 706 707 medicus
732 674 862 716 quidem
890 674 1020 706 medelis
1044 680 1253 707 transmutatz
1278 675 1419 718 sophista
1444 677 1650 712 sermonibus.

167 729 279 760 ·Nemo
295 729 377 760 enim
393 730 500 767 efficit,
516 729 620 772 utqui
635 729 714 760 falso
741 729 901 771 opinatur,
916 739 988 760 vere
1016 729 1134 760 deinde
1161 729 1336 762 existimet:
1360 731 1480 773 quippe
1505 741 1577 763 cum
1601 742 1652 769 ea,

173 793 245 825 quse
267 793 330 814 non
351 789 437 824 sunt,
452 784 574 825 opinari
589 793 682 815 nemo
700 782 813 821 valeat,
831 794 891 815 nec
918 783 980 814 alia
1007 789 1121 825 praetcr
1145 783 1200 814 illa
1226 787 1298 826 q'uae
1313 785 1442 826 patitur.
1464 786 1532 818 haec
1546 791 1650 817 autem

173 848 296 879 semper
310 849 382 869 vera
397 843 480 869 sunt.
525 837 640 869 Facere
653 842 757 869 tamen
775 837 845 880 quis
862 842 977 879 potest,
993 843 1029 868 nt
1043 837 1096 879 qui
1112 838 1276 879 depravati
1287 838 1383 870 animi
1394 839 1502 871 habitu
1514 845 1652 882 cognata

173 891 230 922 sibi
247 891 404 933 opinatur,
416 902 492 923 sana
503 892 619 923 deinde
633 897 738 923 mente
752 891 875 923 diversa
889 892 1034 933 quaedam
1050 891 1207 923 existimet
1221 904 1229 923 :
1253 903 1324 934 quae
1341 893 1482 936 plerique
1495 894 1536 926 ob
1550 894 1650 936 irnpe-

173 945 272 976 ritiam
289 947 506 987 phantasmata
521 957 590 978 vera
607 946 782 978 nominant.
807 957 866 988 ego
879 951 984 977 autem
999 945 1128 977 meliora
1143 946 1211 977 aliis
1227 946 1288 978 alia
1303 947 1390 984 dico,
1403 948 1522 979 veriora
1531 959 1651 990 nequa-

172 1010 279 1042 quam.
322 1000 486 1042 Sapientes
510 1006 674 1042 praeterea,
691 1011 710 1031 o
739 999 839 1031 amice
867 1000 1123 1040 Socrates,nullo
1140 1005 1234 1042 pacto
1251 1011 1341 1032 ranas
1357 1011 1528 1044 nuncupo:
1551 1002 1650 1034 immo

172 1055 346 1085 secundum
370 1065 497 1096 corpora
524 1054 690 1094 medicos3
713 1054 885 1086 secundum
913 1053 1038 1096 plantas
1065 1053 1227 1095 agricolas.
1249 1054 1469 1097 aio'equidem
1497 1056 1554 1087 hos
1570 1057 1651 1088 viros

172 1108 289 1150 plantis
304 1108 368 1140 suis
384 1119 440 1150 pro
452 1109 630 1151 depravatis
645 1109 801 1149 sensibus,
816 1109 962 1150 quotiens
975 1108 1037 1139 tale
1050 1107 1168 1150 aliquid
1183 1113 1324 1150 aegrotat,
1338 1109 1437 1140 bonos
1448 1109 1650 1153 integrosque

172 1168 205 1193 et
220 1173 307 1194 veros
332 1173 440 1194 sensus
456 1163 587 1195 inferre:
614 1163 772 1205 sapientes
797 1172 924 1204 quoque
951 1167 983 1193 et
1010 1162 1107 1193 bonos
1133 1163 1273 1194 rhetores
1288 1163 1469 1195 civitatibus
1492 1164 1576 1196 bona
1592 1175 1648 1206 pro

174 1216 263 1248 malis
278 1217 376 1248 videri
394 1217 481 1259 justa
497 1218 637 1250 efficere:
662 1217 809 1259 quoniam
835 1227 1034 1259 quaecunque
1050 1216 1172 1248 civitati
1187 1216 1320 1249 cuilibet
1342 1217 1431 1259 justa
1453 1219 1649 1262 honestaque

175 1270 330 1308 videntur,
345 1272 413 1303 haec
428 1277 460 1303 et
472 1277 545 1303 sunt
559 1272 604 1303 illi
621 1272 707 1308 talia,
724 1271 874 1314 quamdiu
891 1271 935 1303 sic
951 1276 1062 1313 putat:
1086 1271 1140 1302 sed
1157 1271 1282 1312 sapiens
1299 1282 1354 1314 pro
1370 1272 1461 1304 malis
1473 1273 1523 1304 his
1536 1273 1653 1316 singu-⁴

174 1325 211 1357 lis
227 1326 309 1357 bona
326 1326 506 1368 etjndicari
522 1332 553 1359 et·
566 1337 634 1359 esse
650 1326 757 1359 eflicit.
802 1326 923 1357 Eadem
939 1326 1061 1357 ratione
1077 1325 1219 1368 sophista
1236 1337 1302 1364 eos,
1319 1327 1375 1369 qui
1390 1326 1587 1365 erudiuntur,
1602 1327 1648 1359 sic

171 1380 294 1412 crudire
322 1386 434 1423 potens
457 1381 583 1423 sapiens
609 1387 668 1419 est,
698 1381 876 1423 dignusque
903 1380 1008 1422 ampla
1033 1381 1178 1412 mercede
1204 1382 1288 1423 apud
1316 1381 1478 1414 auditores
1501 1382 1645 1414 habetur.

173 1434 284 1478 Atque
310 1436 354 1467 ita
379 1435 431 1467 alii
452 1435 657 1478 sapientiores
683 1436 752 1468 aliis
778 1441 864 1475 sunt,
878 1445 983 1477 neque
1008 1435 1091 1467 ullus
1115 1440 1218 1467 tamen
1235 1436 1313 1467 salsa
1329 1441 1442 1478 putat:
1466 1440 1499 1467 et
1513 1435 1646 1468 tibihoc

170 1489 287 1532 ipsum,
302 1490 389 1527 velis,
407 1490 499 1528 nolis,
515 1501 585 1522 cum
609 1501 708 1523 rerum
736 1501 883 1522 mensura
905 1490 960 1528 sis,
976 1490 1220 1523 admittendum.
1246 1490 1298 1522 hic
1322 1489 1405 1522 enim
1431 1500 1532 1522 sermo
1547 1490 1581 1521 in
1596 1490 1645 1522 his

170 1549 320 1576 servatur.
367 1544 428 1576 Cui
444 1545 468 1576 si
484 1556 548 1587 quo
571 1546 666 1576 modo
681 1555 701 1576 a
717 1544 874 1587 principio
889 1545 1001 1575 iterum
1026 1554 1199 1586 repugnare
1223 1549 1327 1585 potes,
1342 1554 1495 1586 repugna,
1508 1544 1540 1575 in
1567 1554 1645 1576 con·

170 1598 295 1630 trarium
323 1599 443 1630 ratione
467 1600 630 1632 reducens.
655 1601 742 1642 quod
769 1599 793 1630 si
821 1599 1045 1640 interrogando
1061 1598 1120 1640 vis,
1142 1598 1366 1640 interrogando
1393 1608 1518 1641 perage.
1540 1609 1645 1641 neque

169 1651 254 1683 enim
269 1653 329 1685 hoc
344 1653 550 1695 fugiendum3
573 1655 627 1686 sed
645 1654 783 1685 omnium
799 1653 932 1684 maxime
949 1653 1009 1689 his,
1033 1652 1089 1694 qui
1108 1662 1192 1684 sanae
1208 1653 1323 1684 mentis
1339 1657 1424 1694 sunt,
1435 1652 1654 1694 sequendum.-

169 1706 222 1739 Sic
238 1711 340 1739 tamen
356 1707 386 1739 id
402 1708 502 1746 effice,
518 1719 558 1740 ne
573 1708 795 1750 interrogando
821 1708 862 1739 sis
888 1707 1032 1749 injurius.
1081 1706 1261 1738 Absurdum
1277 1712 1326 1738 est
1341 1706 1494 1749 profecto,
1509 1717 1582 1738 eum
1596 1707 1653 1739 vi-⁴

168 1771 249 1799 rum,
263 1762 319 1804 qui
336 1762 478 1794 virtutem
496 1762 641 1803 meditari
656 1773 688 1794 se
704 1762 864 1804 praecipue
882 1761 1058 1803 profitetur,
1073 1761 1106 1792 in
1132 1761 1327 1793 sermonibus
1348 1771 1471 1802 semper
1492 1759 1650 1803 injurium*

168 1825 248 1846 esse.
294 1814 429 1846 Afflcere
445 1820 549 1846 autem
567 1815 680 1857 injuria
695 1815 727 1846 in
743 1815 792 1846 his
807 1821 868 1853 est,
884 1816 1013 1857 quaudo
1028 1815 1100 1856 quis
1115 1825 1179 1846 non
1195 1815 1321 1846 seorsim
1333 1815 1462 1857 quidem
1474 1819 1510 1847 ut
1519 1819 1651 1848 certans,

169 1875 341 1907 exercetur,
358 1869 484 1900 seorsim
500 1880 573 1901 vero
589 1870 775 1911 disputans:
800 1869 876 1900 etin
892 1869 948 1900 illo
971 1869 1099 1910 quidem
1115 1868 1237 1900 scilicet
1251 1869 1421 1900 certamine
1431 1868 1569 1911 jocatur,
1584 1869 1644 1901 fal-

168 1923 268 1965 litque
285 1933 340 1965 pro
356 1922 489 1963 viribus;
513 1923 546 1954 in
562 1924 622 1955 hoc
638 1928 756 1960 autem,
773 1922 988 1964 disputatione
1004 1922 1164 1958 videlicet,
1181 1922 1260 1954 serio
1279 1922 1357 1964 agit,
1373 1927 1406 1954 et
1425 1922 1552 1964 corrigit
1577 1923 1643 1955 dis-

167 1981 344 2018 putantem,
358 1988 410 2009 eas
425 1978 472 2009 illi
487 1979 642 2009 duntaxat
657 1977 797 2009 fallacias
809 1976 969 2014 indicans,
985 1987 1063 2018 quas
1078 1976 1147 2018 ipse
1172 1976 1269 2018 [168]
1291 1987 1330 2008 ex
1344 1977 1448 2019 seipso
1463 1976 1643 2019 proeteritis-

166 2041 230 2072 que
251 2032 517 2074 disputationibus
541 2031 748 2074 propulsavit.
793 2031 827 2063 Si
851 2032 896 2062 ita
918 2031 1043 2068 feceris,
1068 2030 1199 2072 seipsos,
1224 2030 1279 2072 qui
1304 2035 1408 2063 tecum
1423 2031 1640 2069 versabuntur,

163 2094 228 2116 non
243 2089 287 2126 tc,
303 2086 544 2127 perturbationis
563 2086 769 2128 defectusque
796 2087 844 2118 sui
868 2096 976 2118 causas
1000 2095 1068 2118 esse
1092 2085 1348 2117 confitebuntur:
1372 2092 1466 2128 teque
1493 2085 1651 2127 protinus.

165 2139 366 2171 sectabuntur
377 2145 409 2171 et
424 2140 578 2182 diligent:
604 2141 726 2183 seipsos
741 2145 850 2172 contra
865 2140 939 2172 odio
953 2140 1128 2178 habebunt,
1141 2144 1174 2171 et
1186 2150 1206 2171 a
1217 2139 1329 2182 seipsis
1345 2141 1385 2171 ad
1402 2139 1650 2183 philosophiam:

165 2193 374 2236 confugient;
399 2200 432 2226 ut
445 2195 499 2227 alii
514 2195 748 2237 quodammodo
773 2194 893 2233 effecti,
906 2194 1048 2226 habitum
1071 2194 1236 2236 pristinum
1260 2194 1434 2237 deponant.
1456 2195 1505 2226 sin
1530 2199 1654 2227 autem,

164 2248 317 2280 contraria
333 2248 457 2292 feceris,
473 2249 739 2291 quemadmodum
756 2249 810 2280 alii
824 2259 952 2291 quoque
974 2248 1136 2290 permulti,
1151 2249 1306 2280 contraria
1329 2249 1423 2281 etiam
1439 2249 1496 2281 tibi
1511 2250 1654 2282 contin-³

164 2306 252 2344 gent,
267 2307 301 2334 et
314 2303 480 2335 familiares
506 2314 564 2346 pro
594 2303 790 2346 philosophis
816 2302 914 2334 studii
939 2301 1034 2343 hujus
1052 2312 1169 2340 osores,
1192 2313 1264 2334 cum
1289 2303 1496 2341 adoleverint,
1511 2303 1638 2335 reddes.

162 2356 196 2388 Si
210 2356 307 2399 igitur
321 2357 395 2388 mihi
411 2358 562 2401 parueris,
578 2359 663 2400 quod
691 2363 725 2390 et
746 2368 840 2399 supra
861 2355 981 2389 dictum
1003 2361 1063 2394 est,
1078 2357 1162 2388 haud
1186 2356 1340 2388 hostiliter
1361 2357 1637 2400 contentioseque,

161 2411 218 2443 sed
242 2412 379 2454 propitia
403 2412 535 2454 mitique
557 2413 716 2444 sententia
740 2411 905 2445 nobiscum
929 2411 1054 2450 sedens,
1069 2411 1293 2448 considerabis,
1315 2411 1474 2453 quomodo
1498 2411 1634 2443 dicimus

162 2466 278 2497 moveri
293 2466 412 2508 omnia,
426 2467 576 2509 quodque
591 2467 706 2509 cuique
721 2467 857 2504 videtur,
873 2467 934 2498 hoc
950 2476 1019 2498 esse
1035 2465 1181 2508 privatim
1197 2472 1230 2498 et
1251 2465 1378 2507 publice
1392 2476 1400 2497 ι
1426 2470 1460 2496 et
1471 2476 1510 2497 ex
1524 2466 1573 2497 his
1585 2466 1634 2497 in-

160 2520 278 2564 quires,
293 2525 395 2551 utrum
411 2520 494 2552 idem
511 2531 550 2552 an
565 2521 651 2552 aliud
668 2520 799 2553 scientia
814 2520 855 2552 sit
869 2525 902 2552 et
917 2531 1024 2552 sensus
1038 2532 1045 2551 :
1071 2531 1187 2562 neque,
1201 2525 1238 2552 ut
1252 2521 1347 2552 modo
1362 2519 1501 2564 coepisti,
1515 2531 1554 2552 ex
1565 2531 1636 2552 ver-

158 2575 266 2606 borum
290 2575 515 2618 nominumque
538 2575 768 2608 consuetudine
791 2575 1019 2618 disseres,quae
1041 2575 1133 2606 multi
1156 2585 1347 2618 quocunque
1369 2575 1448 2607 libet
1462 2575 1635 2613 trahentes,

159 2629 260 2660 varios
274 2629 507 2661 dubitationum
524 2629 673 2672 injiciunt
687 2630 862 2674 scrupulos.
908 2630 1000 2668 Haec,
1017 2640 1036 2661 o
1058 2630 1238 2668 Theodore,
1252 2631 1287 2662 in
1305 2629 1523 2662 defensionem
1538 2628 1634 2662 amici

159 2683 204 2714 tui
221 2684 339 2715 tentavi
356 2695 411 2726 pro
424 2684 540 2717 viribus
553 2696 561 2718 z
587 2696 682 2728 parva
696 2685 826 2727 quidem
842 2695 862 2716 a
877 2685 992 2727 parvis.
1016 2685 1042 2716 si
1057 2684 1142 2717 enim
1158 2685 1227 2727 ipse
1242 2684 1373 2727 viveret,
1388 2683 1500 2716 fortius
1512 2683 1636 2726 magni·

158 2737 366 2780 ficentiusque
382 2750 437 2781 pro
453 2739 558 2782 seipso
574 2746 740 2783 pugnaret.
785 2740 897 2774 Timo.
919 2739 1053 2782 bearis,
1069 2751 1087 2771 o
1104 2739 1260 2771 Socrates.
1283 2749 1356 2770 nam
1371 2738 1493 2770 fortiter
1505 2748 1563 2780 pro
1576 2737 1633 2770 illo

157 2792 293 2824 certasti.
338 2792 394 2824 So.
417 2792 518 2826 Recte
543 2795 691 2837 loqueris,
715 2807 735 2826 ο
758 2795 871 2828 amice.
895 2795 949 2827 sed
966 2794 1043 2826 mihi
1061 2794 1160 2831 dicas,
1176 2793 1338 2826 advertisti
1352 2802 1453 2835 nuper
1467 2802 1539 2824 cum
1554 2791 1632 2823 Pro-

159 2850 281 2888 tagoras
296 2857 354 2878 nos
370 2846 558 2889 increparet,
574 2850 659 2891 quod
684 2860 755 2881 cum
777 2859 876 2892 puero
897 2849 1096 2891 disputantes
1120 2859 1158 2880 ex
1174 2848 1289 2891 puerili
1304 2846 1471 2879 formidine
1485 2845 1634 2878 adversus

158 2899 227 2942 ejus
247 2901 365 2943 scripta
387 2901 561 2933 certemus?
585 2913 720 2944 cumque
740 2903 809 2945 ipse
834 2913 892 2934 nos
917 2903 956 2934 ad
985 2903 1135 2934 sermonis
1161 2902 1368 2934 urbanitatem
1393 2900 1631 2932 exhortaretur?

159 2958 233 2989 tunc
249 2965 324 2988 sane
339 2956 507 2988 honestans
529 2955 671 2997 inprimis
694 2957 792 3000 ipsam
816 2958 956 2989 omnium
983 2967 1171 2995 mensuram,
1188 2957 1267 2990 serio
1290 2957 1325 2988 in
1349 2955 1394 2988 eis
1410 2954 1504 2987 dictis
1519 2952 1653 2987 versari.
