<?xml version="1.0" encoding="UTF-8"?>
<!DOCTYPE html PUBLIC "-//W3C//DTD XHTML 1.0 Transitional//EN"
    "http://www.w3.org/TR/xhtml1/DTD/xhtml1-transitional.dtd">
<html xmlns="http://www.w3.org/1999/xhtml" xml:lang="en" lang="en">
 <head>
  <title>
</title>
<meta http-equiv="Content-Type" content="text/html;charset=utf-8" />
  <meta name='ocr-system' content='tesseract 3.04.00' />
  <meta name='ocr-capabilities' content='ocr_page ocr_carea ocr_par ocr_line ocrx_word'/>
</head>
<body>
  <div class='ocr_page' id='page_1' title='image "./platonisetquaeve10plat_0449.png"; bbox 0 0 1846 3268; ppageno 0'>
   <div class='ocr_carea' id='block_1_1' title="bbox 183 324 1635 383">
    <p class='ocr_par' dir='ltr' id='par_1_1' title="bbox 183 324 1635 383">
     <span class='ocr_line' id='line_1_1' title="bbox 183 324 1635 383; baseline -0.001 -18"><span class='ocrx_word' id='word_1_1' title='bbox 183 331 255 383; x_wconf 79' lang='lat'>78]</span> <span class='ocrx_word' id='word_1_2' title='bbox 811 324 1028 365; x_wconf 87' lang='lat' dir='ltr'><strong>PHAEDO.</strong></span> <span class='ocrx_word' id='word_1_3' title='bbox 1556 331 1635 373; x_wconf 84' lang='lat'>439</span> 
     </span>
    </p>
   </div>
   <div class='ocr_carea' id='block_1_2' title="bbox 165 427 1636 3045">
    <p class='ocr_par' dir='ltr' id='par_1_2' title="bbox 165 427 1636 3045">
     <span class='ocr_line' id='line_1_2' title="bbox 183 427 1634 476; baseline -0.003 -10"><span class='ocrx_word' id='word_1_4' title='bbox 183 433 337 476; x_wconf 76' lang='lat' dir='ltr'>perducit,</span> <span class='ocrx_word' id='word_1_5' title='bbox 361 438 395 465; x_wconf 84' lang='lat' dir='ltr'>ut</span> <span class='ocrx_word' id='word_1_6' title='bbox 420 431 560 464; x_wconf 83' lang='lat' dir='ltr'>similiter</span> <span class='ocrx_word' id='word_1_7' title='bbox 585 434 646 461; x_wconf 80' lang='lat' dir='ltr'>tam</span> <span class='ocrx_word' id='word_1_8' title='bbox 673 429 806 461; x_wconf 86' lang='lat' dir='ltr'>animam</span> <span class='ocrx_word' id='word_1_9' title='bbox 831 433 967 460; x_wconf 79' lang='lat' dir='ltr'>nostram</span> <span class='ocrx_word' id='word_1_10' title='bbox 998 438 1090 470; x_wconf 85' lang='lat' dir='ltr'>quam</span> <span class='ocrx_word' id='word_1_11' title='bbox 1117 427 1281 459; x_wconf 76' lang='lat' dir='ltr'>essentiam</span> <span class='ocrx_word' id='word_1_12' title='bbox 1305 427 1380 470; x_wconf 80' lang='grc'><strong>[77]</strong></span> <span class='ocrx_word' id='word_1_13' title='bbox 1402 428 1515 471; x_wconf 82' lang='lat' dir='ltr'>ipsam,</span> <span class='ocrx_word' id='word_1_14' title='bbox 1541 442 1634 474; x_wconf 83' lang='lat' dir='ltr'>quam</span> 
     </span>
     <span class='ocr_line' id='line_1_3' title="bbox 182 481 1634 527; baseline -0.004 -8"><span class='ocrx_word' id='word_1_15' title='bbox 182 488 277 519; x_wconf 90' lang='lat' dir='ltr'>modo</span> <span class='ocrx_word' id='word_1_16' title='bbox 292 487 430 523; x_wconf 79' lang='lat' dir='ltr'>dicebas,</span> <span class='ocrx_word' id='word_1_17' title='bbox 445 490 518 517; x_wconf 83' lang='lat' dir='ltr'>ante</span> <span class='ocrx_word' id='word_1_18' title='bbox 534 495 626 527; x_wconf 87' lang='lat' dir='ltr'>quam</span> <span class='ocrx_word' id='word_1_19' title='bbox 640 494 846 521; x_wconf 86' lang='lat' dir='ltr'>nasceremur,</span> <span class='ocrx_word' id='word_1_20' title='bbox 858 483 1012 515; x_wconf 78' lang='lat' dir='ltr'><strong>exstitisse</strong></span> <span class='ocrx_word' id='word_1_21' title='bbox 1026 482 1239 514; x_wconf 83' lang='lat' dir='ltr'>confiteamur.</span> <span class='ocrx_word' id='word_1_22' title='bbox 1284 481 1372 513; x_wconf 89' lang='lat' dir='ltr'>Nihil</span> <span class='ocrx_word' id='word_1_23' title='bbox 1387 483 1469 514; x_wconf 85' lang='lat' dir='ltr'>enim</span> <span class='ocrx_word' id='word_1_24' title='bbox 1486 489 1547 516; x_wconf 84' lang='lat' dir='ltr'>tam</span> <span class='ocrx_word' id='word_1_25' title='bbox 1568 497 1634 518; x_wconf 77' lang='lat' dir='ltr'>cer.</span> 
     </span>
     <span class='ocr_line' id='line_1_4' title="bbox 181 534 1632 582; baseline 0.001 -11"><span class='ocrx_word' id='word_1_26' title='bbox 181 545 247 572; x_wconf 85' lang='lat' dir='ltr'>tum</span> <span class='ocrx_word' id='word_1_27' title='bbox 272 541 371 573; x_wconf 87' lang='lat' dir='ltr'>habeo</span> <span class='ocrx_word' id='word_1_28' title='bbox 386 550 479 582; x_wconf 84' lang='lat' dir='ltr'>quam</span> <span class='ocrx_word' id='word_1_29' title='bbox 493 550 559 573; x_wconf 89' lang='lat' dir='ltr'>esse</span> <span class='ocrx_word' id='word_1_30' title='bbox 571 538 725 580; x_wconf 86' lang='lat' dir='ltr'>ejusmodi</span> <span class='ocrx_word' id='word_1_31' title='bbox 740 537 855 575; x_wconf 86' lang='lat' dir='ltr'>omnia,</span> <span class='ocrx_word' id='word_1_32' title='bbox 869 542 902 568; x_wconf 86' lang='lat' dir='ltr'>et</span> <span class='ocrx_word' id='word_1_33' title='bbox 916 536 1044 578; x_wconf 87' lang='lat' dir='ltr'>quidem</span> <span class='ocrx_word' id='word_1_34' title='bbox 1058 535 1202 576; x_wconf 82' lang='lat' dir='ltr'>maxime,</span> <span class='ocrx_word' id='word_1_35' title='bbox 1216 534 1338 567; x_wconf 74' lang='lat' dir='ltr'>scilicet</span> <span class='ocrx_word' id='word_1_36' title='bbox 1353 537 1513 578; x_wconf 85' lang='lat' dir='ltr'>pulchrum</span> <span class='ocrx_word' id='word_1_37' title='bbox 1529 539 1632 581; x_wconf 89' lang='lat' dir='ltr'>ipsum</span> 
     </span>
     <span class='ocr_line' id='line_1_5' title="bbox 181 589 1633 635; baseline 0 -10"><span class='ocrx_word' id='word_1_38' title='bbox 181 598 215 625; x_wconf 86' lang='lat' dir='ltr'>et</span> <span class='ocrx_word' id='word_1_39' title='bbox 242 594 356 625; x_wconf 87' lang='lat' dir='ltr'>bonum</span> <span class='ocrx_word' id='word_1_40' title='bbox 371 593 494 635; x_wconf 87' lang='lat' dir='ltr'>aliaque</span> <span class='ocrx_word' id='word_1_41' title='bbox 509 592 625 629; x_wconf 87' lang='lat' dir='ltr'>omnia,</span> <span class='ocrx_word' id='word_1_42' title='bbox 647 602 717 633; x_wconf 87' lang='lat' dir='ltr'>quae</span> <span class='ocrx_word' id='word_1_43' title='bbox 733 597 767 622; x_wconf 85' lang='lat' dir='ltr'>tu</span> <span class='ocrx_word' id='word_1_44' title='bbox 783 591 876 621; x_wconf 91' lang='lat' dir='ltr'>modo</span> <span class='ocrx_word' id='word_1_45' title='bbox 892 590 1028 621; x_wconf 85' lang='lat' dir='ltr'>dicebas.</span> <span class='ocrx_word' id='word_1_46' title='bbox 1073 589 1114 620; x_wconf 88' lang='lat' dir='ltr'>Et</span> <span class='ocrx_word' id='word_1_47' title='bbox 1128 594 1278 630; x_wconf 87' lang='lat' dir='ltr'>quantum</span> <span class='ocrx_word' id='word_1_48' title='bbox 1301 590 1339 620; x_wconf 83' lang='lat' dir='ltr'>ad</span> <span class='ocrx_word' id='word_1_49' title='bbox 1356 601 1406 621; x_wconf 89' lang='lat' dir='ltr'>me</span> <span class='ocrx_word' id='word_1_50' title='bbox 1420 591 1544 630; x_wconf 81' lang='lat' dir='ltr'>attinet,</span> <span class='ocrx_word' id='word_1_51' title='bbox 1559 594 1633 626; x_wconf 83' lang='lat' dir='ltr'>satis</span> 
     </span>
     <span class='ocr_line' id='line_1_6' title="bbox 181 642 1633 688; baseline -0.005 -9"><span class='ocrx_word' id='word_1_52' title='bbox 181 651 230 679; x_wconf 87' lang='lat' dir='ltr'>est</span> <span class='ocrx_word' id='word_1_53' title='bbox 243 647 498 679; x_wconf 80' lang='lat' dir='ltr'>demonstratum·</span> <span class='ocrx_word' id='word_1_54' title='bbox 543 646 597 678; x_wconf 90' lang='lat' dir='ltr'>So.</span> <span class='ocrx_word' id='word_1_55' title='bbox 620 645 706 683; x_wconf 84' lang='lat' dir='ltr'>Quid</span> <span class='ocrx_word' id='word_1_56' title='bbox 722 655 794 676; x_wconf 87' lang='lat' dir='ltr'>vero</span> <span class='ocrx_word' id='word_1_57' title='bbox 818 644 941 675; x_wconf 86' lang='lat' dir='ltr'>videtur</span> <span class='ocrx_word' id='word_1_58' title='bbox 962 642 1098 675; x_wconf 88' lang='lat' dir='ltr'>Cebeti?</span> <span class='ocrx_word' id='word_1_59' title='bbox 1121 647 1245 684; x_wconf 79' lang='lat' dir='ltr'>oportet</span> <span class='ocrx_word' id='word_1_60' title='bbox 1266 643 1350 674; x_wconf 87' lang='lat' dir='ltr'>enirn</span> <span class='ocrx_word' id='word_1_61' title='bbox 1363 643 1409 675; x_wconf 90' lang='lat' dir='ltr'>illi</span> <span class='ocrx_word' id='word_1_62' title='bbox 1424 655 1549 688; x_wconf 88' lang='lat' dir='ltr'>quoque</span> <span class='ocrx_word' id='word_1_63' title='bbox 1565 657 1633 688; x_wconf 76' lang='lat' dir='ltr'>per.</span> 
     </span>
     <span class='ocr_line' id='line_1_7' title="bbox 180 697 1633 740; baseline 0.001 -9"><span class='ocrx_word' id='word_1_64' title='bbox 180 701 322 733; x_wconf 84' lang='lat' dir='ltr'>suadere.</span> <span class='ocrx_word' id='word_1_65' title='bbox 366 701 446 732; x_wconf 79' lang='lat' dir='ltr'>Sm.</span> <span class='ocrx_word' id='word_1_66' title='bbox 470 700 552 732; x_wconf 86' lang='lat' dir='ltr'>Satis</span> <span class='ocrx_word' id='word_1_67' title='bbox 568 704 601 731; x_wconf 81' lang='lat' dir='ltr'>et</span> <span class='ocrx_word' id='word_1_68' title='bbox 615 699 660 730; x_wconf 90' lang='lat' dir='ltr'>illi</span> <span class='ocrx_word' id='word_1_69' title='bbox 676 699 805 730; x_wconf 83' lang='lat' dir='ltr'>arbitror</span> <span class='ocrx_word' id='word_1_70' title='bbox 820 708 1010 740; x_wconf 81' lang='lat' dir='ltr'>persuasum,</span> <span class='ocrx_word' id='word_1_71' title='bbox 1026 697 1168 738; x_wconf 76' lang='lat' dir='ltr'>quamvis</span> <span class='ocrx_word' id='word_1_72' title='bbox 1183 697 1320 728; x_wconf 85' lang='lat' dir='ltr'>omnium</span> <span class='ocrx_word' id='word_1_73' title='bbox 1336 699 1633 740; x_wconf 79' lang='lat' dir='ltr'>repugnantissimus</span> 
     </span>
     <span class='ocr_line' id='line_1_8' title="bbox 178 750 1632 793; baseline 0.001 -8"><span class='ocrx_word' id='word_1_74' title='bbox 178 755 220 786; x_wconf 86' lang='lat' dir='ltr'>sit</span> <span class='ocrx_word' id='word_1_75' title='bbox 234 759 267 786; x_wconf 90' lang='lat' dir='ltr'>et</span> <span class='ocrx_word' id='word_1_76' title='bbox 280 755 319 786; x_wconf 79' lang='lat' dir='ltr'>ad</span> <span class='ocrx_word' id='word_1_77' title='bbox 335 755 524 787; x_wconf 87' lang='lat' dir='ltr'>credendum</span> <span class='ocrx_word' id='word_1_78' title='bbox 540 753 740 784; x_wconf 83' lang='lat' dir='ltr'>tardissimus.</span> <span class='ocrx_word' id='word_1_79' title='bbox 761 752 873 793; x_wconf 86' lang='lat' dir='ltr'>opinor</span> <span class='ocrx_word' id='word_1_80' title='bbox 887 756 990 782; x_wconf 83' lang='lat' dir='ltr'>tamen</span> <span class='ocrx_word' id='word_1_81' title='bbox 1005 750 1192 793; x_wconf 84' lang='lat' dir='ltr'>sufficienter</span> <span class='ocrx_word' id='word_1_82' title='bbox 1204 750 1248 781; x_wconf 84' lang='lat' dir='ltr'>illi</span> <span class='ocrx_word' id='word_1_83' title='bbox 1259 750 1433 792; x_wconf 86' lang='lat' dir='ltr'>probatum,</span> <span class='ocrx_word' id='word_1_84' title='bbox 1445 757 1518 784; x_wconf 85' lang='lat' dir='ltr'>ante</span> <span class='ocrx_word' id='word_1_85' title='bbox 1533 759 1632 786; x_wconf 88' lang='lat' dir='ltr'>ortum</span> 
     </span>
     <span class='ocr_line' id='line_1_9' title="bbox 178 804 1635 847; baseline 0.001 -8"><span class='ocrx_word' id='word_1_86' title='bbox 178 813 316 839; x_wconf 71' lang='lat' dir='ltr'>nostrum</span> <span class='ocrx_word' id='word_1_87' title='bbox 333 808 466 839; x_wconf 86' lang='lat' dir='ltr'>animam</span> <span class='ocrx_word' id='word_1_88' title='bbox 491 807 656 839; x_wconf 73' lang='lat' dir='ltr'>exstitisse.</span> <span class='ocrx_word' id='word_1_89' title='bbox 701 806 753 837; x_wconf 92' lang='lat' dir='ltr'>An</span> <span class='ocrx_word' id='word_1_90' title='bbox 769 816 840 837; x_wconf 84' lang='lat' dir='ltr'>vero</span> <span class='ocrx_word' id='word_1_91' title='bbox 856 809 928 847; x_wconf 86' lang='lat' dir='ltr'>post</span> <span class='ocrx_word' id='word_1_92' title='bbox 948 804 1106 835; x_wconf 86' lang='lat' dir='ltr'>interitum</span> <span class='ocrx_word' id='word_1_93' title='bbox 1122 808 1259 835; x_wconf 86' lang='lat' dir='ltr'>nostrum</span> <span class='ocrx_word' id='word_1_94' title='bbox 1284 804 1377 836; x_wconf 84' lang='lat' dir='ltr'>etiam</span> <span class='ocrx_word' id='word_1_95' title='bbox 1392 805 1495 837; x_wconf 86' lang='lat' dir='ltr'>futura</span> <span class='ocrx_word' id='word_1_96' title='bbox 1509 807 1559 845; x_wconf 88' lang='lat' dir='ltr'>sit,</span> <span class='ocrx_word' id='word_1_97' title='bbox 1575 819 1635 841; x_wconf 84' lang='lat' dir='ltr'>nec</span> 
     </span>
     <span class='ocr_line' id='line_1_10' title="bbox 181 858 1636 904; baseline -0.001 -10"><span class='ocrx_word' id='word_1_98' title='bbox 181 863 256 895; x_wconf 81' lang='lat' dir='ltr'>mibi</span> <span class='ocrx_word' id='word_1_99' title='bbox 267 862 392 904; x_wconf 90' lang='lat' dir='ltr'>quidem</span> <span class='ocrx_word' id='word_1_100' title='bbox 400 861 472 904; x_wconf 89' lang='lat' dir='ltr'>ipsi,</span> <span class='ocrx_word' id='word_1_101' title='bbox 481 862 660 897; x_wconf 84' lang='lat' dir='ltr'>oSocrates,</span> <span class='ocrx_word' id='word_1_102' title='bbox 673 860 746 891; x_wconf 87' lang='lat' dir='ltr'>satis</span> <span class='ocrx_word' id='word_1_103' title='bbox 756 859 859 890; x_wconf 82' lang='lat' dir='ltr'>adbuc</span> <span class='ocrx_word' id='word_1_104' title='bbox 869 859 993 889; x_wconf 86' lang='lat' dir='ltr'>videtur</span> <span class='ocrx_word' id='word_1_105' title='bbox 1004 862 1172 889; x_wconf 86' lang='lat' dir='ltr'>ostensum.</span> <span class='ocrx_word' id='word_1_106' title='bbox 1183 858 1236 889; x_wconf 89' lang='lat' dir='ltr'>sed</span> <span class='ocrx_word' id='word_1_107' title='bbox 1248 868 1331 890; x_wconf 88' lang='lat' dir='ltr'>nunc</span> <span class='ocrx_word' id='word_1_108' title='bbox 1345 858 1439 891; x_wconf 87' lang='lat' dir='ltr'>etiam</span> <span class='ocrx_word' id='word_1_109' title='bbox 1451 865 1546 892; x_wconf 86' lang='lat' dir='ltr'>restat</span> <span class='ocrx_word' id='word_1_110' title='bbox 1554 862 1636 893; x_wconf 86' lang='lat' dir='ltr'>mul-</span> 
     </span>
     <span class='ocr_line' id='line_1_11' title="bbox 179 911 1635 957; baseline -0.001 -9"><span class='ocrx_word' id='word_1_111' title='bbox 179 923 281 948; x_wconf 86' lang='lat' dir='ltr'>torum</span> <span class='ocrx_word' id='word_1_112' title='bbox 292 915 447 947; x_wconf 80' lang='lat' dir='ltr'>dubitatio</span> <span class='ocrx_word' id='word_1_113' title='bbox 456 915 522 957; x_wconf 85' lang='lat' dir='ltr'>illa,</span> <span class='ocrx_word' id='word_1_114' title='bbox 534 925 626 957; x_wconf 87' lang='lat' dir='ltr'>quam</span> <span class='ocrx_word' id='word_1_115' title='bbox 635 913 669 945; x_wconf 87' lang='lat' dir='ltr'>in</span> <span class='ocrx_word' id='word_1_116' title='bbox 680 913 817 944; x_wconf 88' lang='lat' dir='ltr'>medium</span> <span class='ocrx_word' id='word_1_117' title='bbox 829 913 932 945; x_wconf 82' lang='lat' dir='ltr'>Cebes</span> <span class='ocrx_word' id='word_1_118' title='bbox 943 911 1173 951; x_wconf 83' lang='lat' dir='ltr'>adduxerat,ue</span> <span class='ocrx_word' id='word_1_119' title='bbox 1189 911 1337 944; x_wconf 87' lang='lat' dir='ltr'>videlicet</span> <span class='ocrx_word' id='word_1_120' title='bbox 1347 913 1474 945; x_wconf 87' lang='lat' dir='ltr'>homine</span> <span class='ocrx_word' id='word_1_121' title='bbox 1485 914 1635 947; x_wconf 84' lang='lat' dir='ltr'>moriente</span> 
     </span>
     <span class='ocr_line' id='line_1_12' title="bbox 178 964 1633 1011; baseline -0.001 -10"><span class='ocrx_word' id='word_1_122' title='bbox 178 970 270 1002; x_wconf 82' lang='lat' dir='ltr'>simui</span> <span class='ocrx_word' id='word_1_123' title='bbox 286 970 389 1001; x_wconf 85' lang='lat' dir='ltr'>anima</span> <span class='ocrx_word' id='word_1_124' title='bbox 403 969 570 1011; x_wconf 74' lang='lat' dir='ltr'>dissipetur</span> <span class='ocrx_word' id='word_1_125' title='bbox 584 973 678 1009; x_wconf 85' lang='lat' dir='ltr'>atque</span> <span class='ocrx_word' id='word_1_126' title='bbox 692 967 739 999; x_wconf 80' lang='lat' dir='ltr'>ita</span> <span class='ocrx_word' id='word_1_127' title='bbox 753 976 820 998; x_wconf 82' lang='lat' dir='ltr'>esse</span> <span class='ocrx_word' id='word_1_128' title='bbox 834 966 966 997; x_wconf 86' lang='lat' dir='ltr'>desinat·</span> <span class='ocrx_word' id='word_1_129' title='bbox 988 966 1064 1007; x_wconf 87' lang='lat' dir='ltr'>quid</span> <span class='ocrx_word' id='word_1_130' title='bbox 1074 965 1156 996; x_wconf 86' lang='lat' dir='ltr'>enim</span> <span class='ocrx_word' id='word_1_131' title='bbox 1171 964 1316 1006; x_wconf 87' lang='lat' dir='ltr'>prohibet</span> <span class='ocrx_word' id='word_1_132' title='bbox 1327 965 1393 998; x_wconf 85' lang='lat' dir='ltr'>fieri</span> <span class='ocrx_word' id='word_1_133' title='bbox 1408 967 1534 1008; x_wconf 89' lang='lat' dir='ltr'>quidem</span> <span class='ocrx_word' id='word_1_134' title='bbox 1548 968 1633 1001; x_wconf 83' lang='lat' dir='ltr'>illam</span> 
     </span>
     <span class='ocr_line' id='line_1_13' title="bbox 180 1018 1633 1063; baseline 0 -8"><span class='ocrx_word' id='word_1_135' title='bbox 180 1028 213 1056; x_wconf 89' lang='lat' dir='ltr'>et</span> <span class='ocrx_word' id='word_1_136' title='bbox 228 1023 356 1055; x_wconf 85' lang='lat' dir='ltr'>aliunde</span> <span class='ocrx_word' id='word_1_137' title='bbox 378 1023 538 1060; x_wconf 85' lang='lat' dir='ltr'>constitui,</span> <span class='ocrx_word' id='word_1_138' title='bbox 566 1026 660 1063; x_wconf 82' lang='lat' dir='ltr'>atque</span> <span class='ocrx_word' id='word_1_139' title='bbox 687 1031 754 1052; x_wconf 86' lang='lat' dir='ltr'>esse</span> <span class='ocrx_word' id='word_1_140' title='bbox 777 1020 863 1062; x_wconf 86' lang='lat' dir='ltr'>prius</span> <span class='ocrx_word' id='word_1_141' title='bbox 886 1019 992 1056; x_wconf 87' lang='lat' dir='ltr'>etiam,</span> <span class='ocrx_word' id='word_1_142' title='bbox 1014 1029 1107 1060; x_wconf 86' lang='lat' dir='ltr'>quam</span> <span class='ocrx_word' id='word_1_143' title='bbox 1131 1018 1166 1050; x_wconf 91' lang='lat' dir='ltr'>in</span> <span class='ocrx_word' id='word_1_144' title='bbox 1186 1029 1299 1060; x_wconf 86' lang='lat' dir='ltr'>corpus</span> <span class='ocrx_word' id='word_1_145' title='bbox 1314 1020 1448 1051; x_wconf 82' lang='lat' dir='ltr'>hominis</span> <span class='ocrx_word' id='word_1_146' title='bbox 1464 1021 1633 1056; x_wconf 81' lang='lat' dir='ltr'>laberetur:</span> 
     </span>
     <span class='ocr_line' id='line_1_14' title="bbox 177 1072 1635 1119; baseline 0 -11"><span class='ocrx_word' id='word_1_147' title='bbox 177 1081 342 1119; x_wconf 76' lang='lat' dir='ltr'>postquam</span> <span class='ocrx_word' id='word_1_148' title='bbox 357 1087 430 1107; x_wconf 90' lang='lat' dir='ltr'>vero</span> <span class='ocrx_word' id='word_1_149' title='bbox 446 1076 485 1107; x_wconf 85' lang='lat' dir='ltr'>ab</span> <span class='ocrx_word' id='word_1_150' title='bbox 500 1086 538 1107; x_wconf 89' lang='lat' dir='ltr'>eo</span> <span class='ocrx_word' id='word_1_151' title='bbox 553 1074 739 1110; x_wconf 83' lang='lat' dir='ltr'>discesserit,</span> <span class='ocrx_word' id='word_1_152' title='bbox 754 1079 830 1104; x_wconf 89' lang='lat' dir='ltr'>tunc</span> <span class='ocrx_word' id='word_1_153' title='bbox 844 1073 929 1104; x_wconf 85' lang='lat' dir='ltr'>illam</span> <span class='ocrx_word' id='word_1_154' title='bbox 954 1073 1080 1114; x_wconf 84' lang='lat' dir='ltr'>insuper</span> <span class='ocrx_word' id='word_1_155' title='bbox 1093 1072 1240 1103; x_wconf 85' lang='lat' dir='ltr'>interire?</span> <span class='ocrx_word' id='word_1_156' title='bbox 1286 1072 1349 1105; x_wconf 73' lang='lat' dir='ltr'>CE-</span> <span class='ocrx_word' id='word_1_157' title='bbox 1370 1072 1473 1106; x_wconf 82' lang='lat' dir='ltr'>Recte</span> <span class='ocrx_word' id='word_1_158' title='bbox 1488 1075 1635 1117; x_wconf 83' lang='lat' dir='ltr'>loqueris,</span> 
     </span>
     <span class='ocr_line' id='line_1_15' title="bbox 178 1125 1633 1170; baseline -0.001 -8"><span class='ocrx_word' id='word_1_159' title='bbox 178 1129 319 1162; x_wconf 84' lang='lat' dir='ltr'>Simmia.</span> <span class='ocrx_word' id='word_1_160' title='bbox 342 1129 476 1160; x_wconf 87' lang='lat' dir='ltr'>Videtur</span> <span class='ocrx_word' id='word_1_161' title='bbox 486 1128 567 1159; x_wconf 74' lang='lat' dir='ltr'>enirn</span> <span class='ocrx_word' id='word_1_162' title='bbox 579 1127 667 1168; x_wconf 83' lang='lat' dir='ltr'>quasi</span> <span class='ocrx_word' id='word_1_163' title='bbox 680 1126 845 1157; x_wconf 88' lang='lat' dir='ltr'>dimidium</span> <span class='ocrx_word' id='word_1_164' title='bbox 855 1126 936 1168; x_wconf 82' lang='lat' dir='ltr'>ejus,</span> <span class='ocrx_word' id='word_1_165' title='bbox 951 1126 1036 1167; x_wconf 92' lang='lat' dir='ltr'>quod</span> <span class='ocrx_word' id='word_1_166' title='bbox 1049 1130 1184 1167; x_wconf 85' lang='lat' dir='ltr'>oportet,</span> <span class='ocrx_word' id='word_1_167' title='bbox 1199 1125 1374 1166; x_wconf 88' lang='lat' dir='ltr'>probatum,</span> <span class='ocrx_word' id='word_1_168' title='bbox 1386 1133 1460 1159; x_wconf 79' lang='lat' dir='ltr'>ante</span> <span class='ocrx_word' id='word_1_169' title='bbox 1475 1128 1633 1170; x_wconf 86' lang='lat' dir='ltr'>videlicet,</span> 
     </span>
     <span class='ocr_line' id='line_1_16' title="bbox 177 1179 1633 1225; baseline 0.001 -11"><span class='ocrx_word' id='word_1_170' title='bbox 177 1194 271 1225; x_wconf 84' lang='lat' dir='ltr'>quam</span> <span class='ocrx_word' id='word_1_171' title='bbox 286 1192 492 1223; x_wconf 80' lang='lat' dir='ltr'>nasceremur,</span> <span class='ocrx_word' id='word_1_172' title='bbox 507 1186 641 1212; x_wconf 82' lang='lat' dir='ltr'>nostram</span> <span class='ocrx_word' id='word_1_173' title='bbox 657 1181 790 1212; x_wconf 85' lang='lat' dir='ltr'>animam</span> <span class='ocrx_word' id='word_1_174' title='bbox 806 1180 961 1211; x_wconf 82' lang='lat' dir='ltr'>exstitisse</span> <span class='ocrx_word' id='word_1_175' title='bbox 976 1191 983 1210; x_wconf 75' lang='grc' dir='ltr'><strong>ε</strong></span> <span class='ocrx_word' id='word_1_176' title='bbox 997 1183 1139 1221; x_wconf 87' lang='lat' dir='ltr'>oportere</span> <span class='ocrx_word' id='word_1_177' title='bbox 1154 1183 1258 1210; x_wconf 86' lang='lat' dir='ltr'>autem</span> <span class='ocrx_word' id='word_1_178' title='bbox 1274 1179 1306 1211; x_wconf 89' lang='lat' dir='ltr'>id</span> <span class='ocrx_word' id='word_1_179' title='bbox 1317 1191 1442 1223; x_wconf 87' lang='lat' dir='ltr'>quoque</span> <span class='ocrx_word' id='word_1_180' title='bbox 1458 1183 1633 1222; x_wconf 82' lang='lat' dir='ltr'>ostendere,</span> 
     </span>
     <span class='ocr_line' id='line_1_17' title="bbox 177 1232 1636 1279; baseline 0 -11"><span class='ocrx_word' id='word_1_181' title='bbox 177 1241 343 1279; x_wconf 84' lang='lat' dir='ltr'>postquam</span> <span class='ocrx_word' id='word_1_182' title='bbox 358 1235 470 1266; x_wconf 91' lang='lat' dir='ltr'>mortui</span> <span class='ocrx_word' id='word_1_183' title='bbox 483 1235 643 1274; x_wconf 85' lang='lat' dir='ltr'>fuerimus,</span> <span class='ocrx_word' id='word_1_184' title='bbox 658 1244 722 1264; x_wconf 87' lang='lat' dir='ltr'>non</span> <span class='ocrx_word' id='word_1_185' title='bbox 746 1233 848 1264; x_wconf 90' lang='lat' dir='ltr'>minus</span> <span class='ocrx_word' id='word_1_186' title='bbox 872 1232 937 1264; x_wconf 83' lang='lat' dir='ltr'>fore</span> <span class='ocrx_word' id='word_1_187' title='bbox 960 1242 1053 1275; x_wconf 85' lang='lat' dir='ltr'>quam</span> <span class='ocrx_word' id='word_1_188' title='bbox 1078 1237 1171 1269; x_wconf 85' lang='lat' dir='ltr'>esset,</span> <span class='ocrx_word' id='word_1_189' title='bbox 1194 1238 1360 1276; x_wconf 83' lang='lat' dir='ltr'>antequam</span> <span class='ocrx_word' id='word_1_190' title='bbox 1381 1244 1587 1276; x_wconf 81' lang='lat' dir='ltr'>nasceremur,</span> <span class='ocrx_word' id='word_1_191' title='bbox 1608 1237 1636 1267; x_wconf 86' lang='lat' dir='ltr'>si</span> 
     </span>
     <span class='ocr_line' id='line_1_18' title="bbox 179 1286 1632 1334; baseline 0 -13"><span class='ocrx_word' id='word_1_192' title='bbox 179 1291 274 1322; x_wconf 89' lang='lat' dir='ltr'>modo</span> <span class='ocrx_word' id='word_1_193' title='bbox 288 1290 381 1321; x_wconf 83' lang='lat' dir='ltr'>finem</span> <span class='ocrx_word' id='word_1_194' title='bbox 397 1300 486 1321; x_wconf 89' lang='lat' dir='ltr'>suum</span> <span class='ocrx_word' id='word_1_195' title='bbox 502 1287 725 1320; x_wconf 83' lang='lat' dir='ltr'>demonstratio</span> <span class='ocrx_word' id='word_1_196' title='bbox 741 1287 781 1317; x_wconf 90' lang='lat' dir='ltr'>sit</span> <span class='ocrx_word' id='word_1_197' title='bbox 794 1287 947 1319; x_wconf 88' lang='lat' dir='ltr'>habitura.</span> <span class='ocrx_word' id='word_1_198' title='bbox 992 1286 1049 1319; x_wconf 85' lang='lat' dir='ltr'>So.</span> <span class='ocrx_word' id='word_1_199' title='bbox 1071 1286 1326 1318; x_wconf 85' lang='lat' dir='ltr'>Demonstratum</span> <span class='ocrx_word' id='word_1_200' title='bbox 1342 1288 1468 1329; x_wconf 87' lang='lat' dir='ltr'>quidem</span> <span class='ocrx_word' id='word_1_201' title='bbox 1477 1295 1526 1321; x_wconf 88' lang='lat' dir='ltr'>est</span> <span class='ocrx_word' id='word_1_202' title='bbox 1536 1290 1632 1334; x_wconf 83' lang='lat' dir='ltr'>istud,</span> 
     </span>
     <span class='ocr_line' id='line_1_19' title="bbox 178 1340 1631 1384; baseline 0 -9"><span class='ocrx_word' id='word_1_203' title='bbox 178 1354 198 1375; x_wconf 92' lang='lat' dir='ltr'>o</span> <span class='ocrx_word' id='word_1_204' title='bbox 215 1343 343 1375; x_wconf 88' lang='lat' dir='ltr'>Simmia</span> <span class='ocrx_word' id='word_1_205' title='bbox 358 1348 391 1375; x_wconf 87' lang='lat' dir='ltr'>et</span> <span class='ocrx_word' id='word_1_206' title='bbox 406 1354 425 1374; x_wconf 89' lang='lat' dir='ltr'>o</span> <span class='ocrx_word' id='word_1_207' title='bbox 442 1343 556 1384; x_wconf 85' lang='lat' dir='ltr'>Cebes,</span> <span class='ocrx_word' id='word_1_208' title='bbox 573 1341 666 1373; x_wconf 88' lang='lat' dir='ltr'>etiarn</span> <span class='ocrx_word' id='word_1_209' title='bbox 681 1351 779 1382; x_wconf 87' lang='lat' dir='ltr'>nunc,</span> <span class='ocrx_word' id='word_1_210' title='bbox 793 1341 820 1372; x_wconf 86' lang='lat' dir='ltr'>si</span> <span class='ocrx_word' id='word_1_211' title='bbox 835 1341 928 1372; x_wconf 92' lang='lat' dir='ltr'>modo</span> <span class='ocrx_word' id='word_1_212' title='bbox 941 1340 1053 1377; x_wconf 87' lang='lat' dir='ltr'>velitis,</span> <span class='ocrx_word' id='word_1_213' title='bbox 1069 1345 1102 1372; x_wconf 89' lang='lat' dir='ltr'>et</span> <span class='ocrx_word' id='word_1_214' title='bbox 1117 1340 1161 1378; x_wconf 89' lang='lat' dir='ltr'>id,</span> <span class='ocrx_word' id='word_1_215' title='bbox 1184 1341 1268 1382; x_wconf 90' lang='lat' dir='ltr'>quod</span> <span class='ocrx_word' id='word_1_216' title='bbox 1284 1342 1378 1373; x_wconf 90' lang='lat' dir='ltr'>modo</span> <span class='ocrx_word' id='word_1_217' title='bbox 1393 1343 1556 1384; x_wconf 89' lang='lat' dir='ltr'>probatum</span> <span class='ocrx_word' id='word_1_218' title='bbox 1571 1349 1631 1382; x_wconf 83' lang='lat' dir='ltr'>est,</span> 
     </span>
     <span class='ocr_line' id='line_1_20' title="bbox 177 1393 1629 1438; baseline 0.001 -9"><span class='ocrx_word' id='word_1_219' title='bbox 177 1402 210 1429; x_wconf 86' lang='lat' dir='ltr'>et</span> <span class='ocrx_word' id='word_1_220' title='bbox 223 1398 315 1434; x_wconf 88' lang='lat' dir='ltr'>illud,</span> <span class='ocrx_word' id='word_1_221' title='bbox 333 1397 418 1438; x_wconf 86' lang='lat' dir='ltr'>quod</span> <span class='ocrx_word' id='word_1_222' title='bbox 434 1402 507 1427; x_wconf 88' lang='lat' dir='ltr'>ante</span> <span class='ocrx_word' id='word_1_223' title='bbox 521 1405 783 1432; x_wconf 81' lang='lat' dir='ltr'>concesseramus,</span> <span class='ocrx_word' id='word_1_224' title='bbox 798 1394 948 1426; x_wconf 88' lang='lat' dir='ltr'>videlicet</span> <span class='ocrx_word' id='word_1_225' title='bbox 962 1404 1056 1426; x_wconf 84' lang='lat' dir='ltr'>omne</span> <span class='ocrx_word' id='word_1_226' title='bbox 1071 1393 1180 1425; x_wconf 82' lang='lat' dir='ltr'>vivens</span> <span class='ocrx_word' id='word_1_227' title='bbox 1195 1405 1233 1425; x_wconf 86' lang='lat' dir='ltr'>ex</span> <span class='ocrx_word' id='word_1_228' title='bbox 1248 1399 1369 1426; x_wconf 87' lang='lat' dir='ltr'>mortuo</span> <span class='ocrx_word' id='word_1_229' title='bbox 1391 1395 1470 1434; x_wconf 85' lang='lat' dir='ltr'>fieri,</span> <span class='ocrx_word' id='word_1_230' title='bbox 1484 1396 1517 1428; x_wconf 86' lang='lat' dir='ltr'>in</span> <span class='ocrx_word' id='word_1_231' title='bbox 1534 1408 1629 1429; x_wconf 87' lang='lat' dir='ltr'>unum</span> 
     </span>
     <span class='ocr_line' id='line_1_21' title="bbox 177 1448 1632 1491; baseline -0.001 -8"><span class='ocrx_word' id='word_1_232' title='bbox 177 1456 374 1483; x_wconf 84' lang='lat' dir='ltr'>connectere.</span> <span class='ocrx_word' id='word_1_233' title='bbox 419 1450 453 1481; x_wconf 90' lang='lat' dir='ltr'>Si</span> <span class='ocrx_word' id='word_1_234' title='bbox 476 1449 559 1480; x_wconf 86' lang='lat' dir='ltr'>enim</span> <span class='ocrx_word' id='word_1_235' title='bbox 581 1453 630 1481; x_wconf 87' lang='lat' dir='ltr'>est</span> <span class='ocrx_word' id='word_1_236' title='bbox 651 1448 755 1479; x_wconf 87' lang='lat' dir='ltr'>anima</span> <span class='ocrx_word' id='word_1_237' title='bbox 780 1448 877 1490; x_wconf 91' lang='lat' dir='ltr'>prius,</span> <span class='ocrx_word' id='word_1_238' title='bbox 900 1452 932 1479; x_wconf 82' lang='lat' dir='ltr'>et</span> <span class='ocrx_word' id='word_1_239' title='bbox 955 1458 1026 1479; x_wconf 90' lang='lat' dir='ltr'>cum</span> <span class='ocrx_word' id='word_1_240' title='bbox 1049 1448 1081 1479; x_wconf 85' lang='lat' dir='ltr'>in</span> <span class='ocrx_word' id='word_1_241' title='bbox 1107 1448 1189 1479; x_wconf 82' lang='lat' dir='ltr'>hanc</span> <span class='ocrx_word' id='word_1_242' title='bbox 1204 1448 1289 1479; x_wconf 88' lang='lat' dir='ltr'>venit</span> <span class='ocrx_word' id='word_1_243' title='bbox 1303 1448 1397 1480; x_wconf 87' lang='lat' dir='ltr'>vitam</span> <span class='ocrx_word' id='word_1_244' title='bbox 1413 1449 1510 1491; x_wconf 85' lang='lat' dir='ltr'>fitque</span> <span class='ocrx_word' id='word_1_245' title='bbox 1525 1451 1632 1490; x_wconf 90' lang='lat' dir='ltr'>homo,</span> 
     </span>
     <span class='ocr_line' id='line_1_22' title="bbox 177 1501 1630 1544; baseline -0.001 -7"><span class='ocrx_word' id='word_1_246' title='bbox 177 1513 305 1537; x_wconf 79' lang='lat' dir='ltr'>necesse</span> <span class='ocrx_word' id='word_1_247' title='bbox 321 1509 368 1536; x_wconf 89' lang='lat' dir='ltr'>est</span> <span class='ocrx_word' id='word_1_248' title='bbox 384 1514 446 1535; x_wconf 89' lang='lat' dir='ltr'>non</span> <span class='ocrx_word' id='word_1_249' title='bbox 463 1504 589 1534; x_wconf 79' lang='lat' dir='ltr'>aliunde</span> <span class='ocrx_word' id='word_1_250' title='bbox 603 1513 672 1534; x_wconf 86' lang='lat' dir='ltr'>earn</span> <span class='ocrx_word' id='word_1_251' title='bbox 696 1512 788 1544; x_wconf 82' lang='lat' dir='ltr'>quam</span> <span class='ocrx_word' id='word_1_252' title='bbox 804 1512 842 1533; x_wconf 82' lang='lat' dir='ltr'>ex</span> <span class='ocrx_word' id='word_1_253' title='bbox 857 1501 986 1533; x_wconf 81' lang='lat' dir='ltr'>mortuis</span> <span class='ocrx_word' id='word_1_254' title='bbox 1009 1501 1163 1543; x_wconf 80' lang='lat' dir='ltr'>proficisci</span> <span class='ocrx_word' id='word_1_255' title='bbox 1179 1514 1186 1533; x_wconf 83' lang='lat' dir='ltr'>z</span> <span class='ocrx_word' id='word_1_256' title='bbox 1211 1512 1265 1534; x_wconf 91' lang='lat' dir='ltr'>cur</span> <span class='ocrx_word' id='word_1_257' title='bbox 1279 1512 1343 1533; x_wconf 91' lang='lat' dir='ltr'>non</span> <span class='ocrx_word' id='word_1_258' title='bbox 1357 1503 1563 1535; x_wconf 87' lang='lat' dir='ltr'>necessarium</span> <span class='ocrx_word' id='word_1_259' title='bbox 1577 1505 1630 1543; x_wconf 87' lang='lat' dir='ltr'>sit,</span> 
     </span>
     <span class='ocr_line' id='line_1_23' title="bbox 175 1555 1630 1600; baseline -0.001 -10"><span class='ocrx_word' id='word_1_260' title='bbox 175 1564 211 1590; x_wconf 89' lang='lat' dir='ltr'>ut</span> <span class='ocrx_word' id='word_1_261' title='bbox 225 1559 318 1590; x_wconf 80' lang='lat' dir='ltr'>ctiam</span> <span class='ocrx_word' id='word_1_262' title='bbox 334 1563 406 1600; x_wconf 88' lang='lat' dir='ltr'>post</span> <span class='ocrx_word' id='word_1_263' title='bbox 421 1562 548 1589; x_wconf 77' lang='lat' dir='ltr'>mortem</span> <span class='ocrx_word' id='word_1_264' title='bbox 563 1556 701 1598; x_wconf 88' lang='lat' dir='ltr'>corporis</span> <span class='ocrx_word' id='word_1_265' title='bbox 724 1561 860 1598; x_wconf 81' lang='lat' dir='ltr'>maneat,</span> <span class='ocrx_word' id='word_1_266' title='bbox 876 1566 947 1587; x_wconf 92' lang='lat' dir='ltr'>cum</span> <span class='ocrx_word' id='word_1_267' title='bbox 963 1561 1106 1597; x_wconf 80' lang='lat' dir='ltr'>oporteat</span> <span class='ocrx_word' id='word_1_268' title='bbox 1121 1555 1219 1597; x_wconf 80' lang='lat' dir='ltr'>ipsam</span> <span class='ocrx_word' id='word_1_269' title='bbox 1235 1556 1274 1588; x_wconf 83' lang='lat' dir='ltr'>ad</span> <span class='ocrx_word' id='word_1_270' title='bbox 1290 1557 1371 1588; x_wconf 80' lang='lat' dir='ltr'>hanc</span> <span class='ocrx_word' id='word_1_271' title='bbox 1387 1557 1482 1588; x_wconf 81' lang='lat' dir='ltr'>vitam</span> <span class='ocrx_word' id='word_1_272' title='bbox 1497 1558 1630 1589; x_wconf 86' lang='lat' dir='ltr'>reverti?</span> 
     </span>
     <span class='ocr_line' id='line_1_24' title="bbox 175 1609 1629 1653; baseline 0.001 -10"><span class='ocrx_word' id='word_1_273' title='bbox 175 1612 431 1644; x_wconf 81' lang='lat' dir='ltr'>Demonstratum</span> <span class='ocrx_word' id='word_1_274' title='bbox 447 1610 541 1652; x_wconf 86' lang='lat' dir='ltr'>igitur</span> <span class='ocrx_word' id='word_1_275' title='bbox 555 1615 589 1640; x_wconf 87' lang='lat' dir='ltr'>et</span> <span class='ocrx_word' id='word_1_276' title='bbox 612 1620 695 1641; x_wconf 85' lang='lat' dir='ltr'>nunc</span> <span class='ocrx_word' id='word_1_277' title='bbox 718 1614 776 1646; x_wconf 88' lang='lat' dir='ltr'>est,</span> <span class='ocrx_word' id='word_1_278' title='bbox 801 1610 887 1651; x_wconf 90' lang='lat' dir='ltr'>quod</span> <span class='ocrx_word' id='word_1_279' title='bbox 902 1610 1026 1641; x_wconf 88' lang='lat' dir='ltr'>dicitur.</span> <span class='ocrx_word' id='word_1_280' title='bbox 1071 1609 1284 1641; x_wconf 82' lang='lat' dir='ltr'>Veruntamen</span> <span class='ocrx_word' id='word_1_281' title='bbox 1309 1609 1457 1641; x_wconf 87' lang='lat' dir='ltr'>videmini</span> <span class='ocrx_word' id='word_1_282' title='bbox 1478 1615 1511 1642; x_wconf 89' lang='lat' dir='ltr'>tu</span> <span class='ocrx_word' id='word_1_283' title='bbox 1534 1616 1629 1653; x_wconf 84' lang='lat' dir='ltr'>atque</span> 
     </span>
     <span class='ocr_line' id='line_1_25' title="bbox 174 1662 1627 1707; baseline -0.001 -10"><span class='ocrx_word' id='word_1_284' title='bbox 174 1666 318 1697; x_wconf 85' lang='lat' dir='ltr'>Simmias</span> <span class='ocrx_word' id='word_1_285' title='bbox 340 1676 453 1707; x_wconf 86' lang='lat' dir='ltr'>cupere</span> <span class='ocrx_word' id='word_1_286' title='bbox 478 1665 562 1696; x_wconf 86' lang='lat' dir='ltr'>idem</span> <span class='ocrx_word' id='word_1_287' title='bbox 589 1673 690 1695; x_wconf 86' lang='lat' dir='ltr'>rursus</span> <span class='ocrx_word' id='word_1_288' title='bbox 716 1662 897 1704; x_wconf 84' lang='lat' dir='ltr'>diligentius</span> <span class='ocrx_word' id='word_1_289' title='bbox 922 1662 1100 1704; x_wconf 86' lang='lat' dir='ltr'>pertractari</span> <span class='ocrx_word' id='word_1_290' title='bbox 1113 1674 1120 1693; x_wconf 94' lang='lat'><strong>:</strong></span> <span class='ocrx_word' id='word_1_291' title='bbox 1145 1672 1182 1694; x_wconf 84' lang='lat' dir='ltr'>ac</span> <span class='ocrx_word' id='word_1_292' title='bbox 1208 1662 1337 1694; x_wconf 77' lang='lat' dir='ltr'>forsitan</span> <span class='ocrx_word' id='word_1_293' title='bbox 1363 1673 1527 1704; x_wconf 90' lang='lat' dir='ltr'>puerorum</span> <span class='ocrx_word' id='word_1_294' title='bbox 1542 1675 1627 1697; x_wconf 89' lang='lat' dir='ltr'>more</span> 
     </span>
     <span class='ocr_line' id='line_1_26' title="bbox 174 1715 1629 1758; baseline -0.001 -7"><span class='ocrx_word' id='word_1_295' title='bbox 174 1718 356 1755; x_wconf 74' lang='lat' dir='ltr'>fumidatis,</span> <span class='ocrx_word' id='word_1_296' title='bbox 380 1729 422 1750; x_wconf 83' lang='lat' dir='ltr'>ne</span> <span class='ocrx_word' id='word_1_297' title='bbox 436 1727 540 1749; x_wconf 84' lang='lat' dir='ltr'>revera</span> <span class='ocrx_word' id='word_1_298' title='bbox 553 1727 682 1758; x_wconf 88' lang='lat' dir='ltr'>corpore</span> <span class='ocrx_word' id='word_1_299' title='bbox 697 1716 906 1758; x_wconf 84' lang='lat' dir='ltr'>egredientem</span> <span class='ocrx_word' id='word_1_300' title='bbox 922 1721 1032 1747; x_wconf 82' lang='lat' dir='ltr'>ventus</span> <span class='ocrx_word' id='word_1_301' title='bbox 1047 1715 1196 1747; x_wconf 81' lang='lat' dir='ltr'>dissolvat</span> <span class='ocrx_word' id='word_1_302' title='bbox 1210 1716 1486 1758; x_wconf 16' lang='lat' dir='ltr'>atquessdispergat,</span> <span class='ocrx_word' id='word_1_303' title='bbox 1501 1728 1629 1758; x_wconf 85' lang='lat' dir='ltr'>praeser-</span> 
     </span>
     <span class='ocr_line' id='line_1_27' title="bbox 173 1769 1628 1812; baseline -0.001 -8"><span class='ocrx_word' id='word_1_304' title='bbox 173 1773 230 1804; x_wconf 82' lang='lat' dir='ltr'>tim</span> <span class='ocrx_word' id='word_1_305' title='bbox 245 1773 273 1804; x_wconf 79' lang='lat' dir='ltr'>si</span> <span class='ocrx_word' id='word_1_306' title='bbox 287 1772 387 1804; x_wconf 85' lang='lat' dir='ltr'>ventis</span> <span class='ocrx_word' id='word_1_307' title='bbox 402 1771 615 1803; x_wconf 86' lang='lat' dir='ltr'>vehementius</span> <span class='ocrx_word' id='word_1_308' title='bbox 630 1770 776 1800; x_wconf 83' lang='lat' dir='ltr'>flantibus</span> <span class='ocrx_word' id='word_1_309' title='bbox 790 1775 892 1801; x_wconf 85' lang='lat' dir='ltr'>exeat.</span> <span class='ocrx_word' id='word_1_310' title='bbox 920 1769 971 1800; x_wconf 91' lang='lat' dir='ltr'>Ad</span> <span class='ocrx_word' id='word_1_311' title='bbox 989 1770 1055 1801; x_wconf 86' lang='lat' dir='ltr'>haec</span> <span class='ocrx_word' id='word_1_312' title='bbox 1071 1769 1172 1801; x_wconf 86' lang='lat' dir='ltr'>Cebes</span> <span class='ocrx_word' id='word_1_313' title='bbox 1187 1769 1359 1806; x_wconf 85' lang='lat' dir='ltr'>subridens,</span> <span class='ocrx_word' id='word_1_314' title='bbox 1375 1774 1523 1812; x_wconf 86' lang='lat' dir='ltr'>tanquam</span> <span class='ocrx_word' id='word_1_315' title='bbox 1537 1772 1628 1804; x_wconf 86' lang='lat' dir='ltr'>nobis</span> 
     </span>
     <span class='ocr_line' id='line_1_28' title="bbox 171 1823 1625 1866; baseline -0.001 -8"><span class='ocrx_word' id='word_1_316' title='bbox 171 1827 204 1858; x_wconf 80' lang='lat' dir='ltr'>id</span> <span class='ocrx_word' id='word_1_317' title='bbox 220 1826 471 1862; x_wconf 77' lang='lat' dir='ltr'>formidantibus,</span> <span class='ocrx_word' id='word_1_318' title='bbox 486 1824 599 1866; x_wconf 87' lang='lat' dir='ltr'>inquit,</span> <span class='ocrx_word' id='word_1_319' title='bbox 615 1835 633 1855; x_wconf 92' lang='lat' dir='ltr'>o</span> <span class='ocrx_word' id='word_1_320' title='bbox 646 1824 799 1861; x_wconf 79' lang='lat' dir='ltr'>Socrates,</span> <span class='ocrx_word' id='word_1_321' title='bbox 816 1828 923 1854; x_wconf 84' lang='lat' dir='ltr'>contra</span> <span class='ocrx_word' id='word_1_322' title='bbox 938 1823 1123 1864; x_wconf 87' lang='lat' dir='ltr'>persuadere</span> <span class='ocrx_word' id='word_1_323' title='bbox 1137 1833 1249 1854; x_wconf 88' lang='lat' dir='ltr'>conare</span> <span class='ocrx_word' id='word_1_324' title='bbox 1265 1834 1272 1854; x_wconf 88' lang='lat'>:</span> <span class='ocrx_word' id='word_1_325' title='bbox 1290 1823 1383 1854; x_wconf 89' lang='lat' dir='ltr'>immo</span> <span class='ocrx_word' id='word_1_326' title='bbox 1394 1834 1465 1855; x_wconf 90' lang='lat' dir='ltr'>vero</span> <span class='ocrx_word' id='word_1_327' title='bbox 1479 1834 1543 1856; x_wconf 87' lang='lat' dir='ltr'>non</span> <span class='ocrx_word' id='word_1_328' title='bbox 1555 1829 1625 1856; x_wconf 80' lang='lat' dir='ltr'>tan-</span> 
     </span>
     <span class='ocr_line' id='line_1_29' title="bbox 172 1876 1622 1922; baseline 0 -11"><span class='ocrx_word' id='word_1_329' title='bbox 172 1890 264 1922; x_wconf 89' lang='lat' dir='ltr'>quam</span> <span class='ocrx_word' id='word_1_330' title='bbox 280 1878 519 1911; x_wconf 80' lang='lat' dir='ltr'>formidantibus</span> <span class='ocrx_word' id='word_1_331' title='bbox 535 1877 625 1909; x_wconf 86' lang='lat' dir='ltr'>nobis</span> <span class='ocrx_word' id='word_1_332' title='bbox 640 1890 648 1908; x_wconf 89' lang='lat'><strong>:</strong></span> <span class='ocrx_word' id='word_1_333' title='bbox 673 1878 728 1909; x_wconf 86' lang='lat' dir='ltr'>sed</span> <span class='ocrx_word' id='word_1_334' title='bbox 757 1877 884 1908; x_wconf 84' lang='lat' dir='ltr'>sortasse</span> <span class='ocrx_word' id='word_1_335' title='bbox 909 1881 956 1909; x_wconf 87' lang='lat' dir='ltr'>est</span> <span class='ocrx_word' id='word_1_336' title='bbox 969 1876 1051 1908; x_wconf 86' lang='lat' dir='ltr'>inter</span> <span class='ocrx_word' id='word_1_337' title='bbox 1076 1887 1133 1908; x_wconf 90' lang='lat' dir='ltr'>nos</span> <span class='ocrx_word' id='word_1_338' title='bbox 1149 1887 1226 1918; x_wconf 90' lang='lat' dir='ltr'>puer</span> <span class='ocrx_word' id='word_1_339' title='bbox 1244 1877 1356 1919; x_wconf 81' lang='lat' dir='ltr'>aliquis</span> <span class='ocrx_word' id='word_1_340' title='bbox 1371 1877 1446 1910; x_wconf 84' lang='lat' dir='ltr'>talia</span> <span class='ocrx_word' id='word_1_341' title='bbox 1459 1883 1600 1910; x_wconf 88' lang='lat' dir='ltr'>metuens</span> <span class='ocrx_word' id='word_1_342' title='bbox 1613 1889 1622 1911; x_wconf 71' lang='grc' dir='ltr'><strong>ε</strong></span> 
     </span>
     <span class='ocr_line' id='line_1_30' title="bbox 172 1931 1625 1975; baseline 0 -10"><span class='ocrx_word' id='word_1_343' title='bbox 172 1935 246 1965; x_wconf 87' lang='lat' dir='ltr'>huic</span> <span class='ocrx_word' id='word_1_344' title='bbox 260 1944 333 1975; x_wconf 86' lang='lat' dir='ltr'>ergo</span> <span class='ocrx_word' id='word_1_345' title='bbox 349 1933 523 1964; x_wconf 85' lang='lat' dir='ltr'>annitamur</span> <span class='ocrx_word' id='word_1_346' title='bbox 543 1932 739 1974; x_wconf 83' lang='lat' dir='ltr'>persuadere,</span> <span class='ocrx_word' id='word_1_347' title='bbox 761 1942 802 1963; x_wconf 88' lang='lat' dir='ltr'>ne</span> <span class='ocrx_word' id='word_1_348' title='bbox 827 1936 954 1962; x_wconf 82' lang='lat' dir='ltr'>mortem</span> <span class='ocrx_word' id='word_1_349' title='bbox 971 1941 1029 1963; x_wconf 87' lang='lat' dir='ltr'>ceu</span> <span class='ocrx_word' id='word_1_350' title='bbox 1045 1931 1143 1962; x_wconf 82' lang='lat' dir='ltr'>larvas</span> <span class='ocrx_word' id='word_1_351' title='bbox 1158 1931 1365 1972; x_wconf 82' lang='lat' dir='ltr'>pertimescat.</span> <span class='ocrx_word' id='word_1_352' title='bbox 1410 1933 1466 1965; x_wconf 88' lang='lat' dir='ltr'>So.</span> <span class='ocrx_word' id='word_1_353' title='bbox 1490 1933 1625 1974; x_wconf 83' lang='lat' dir='ltr'>Oportet</span> 
     </span>
     <span class='ocr_line' id='line_1_31' title="bbox 170 1984 1622 2028; baseline -0.001 -9"><span class='ocrx_word' id='word_1_354' title='bbox 170 1992 255 2028; x_wconf 82' lang='lat' dir='ltr'>certe</span> <span class='ocrx_word' id='word_1_355' title='bbox 276 1987 350 2019; x_wconf 83' lang='lat' dir='ltr'>huic</span> <span class='ocrx_word' id='word_1_356' title='bbox 376 1986 492 2018; x_wconf 78' lang='lat' dir='ltr'>mederi</span> <span class='ocrx_word' id='word_1_357' title='bbox 506 1986 693 2018; x_wconf 86' lang='lat' dir='ltr'>carminibus</span> <span class='ocrx_word' id='word_1_358' title='bbox 715 1985 869 2027; x_wconf 87' lang='lat' dir='ltr'>quotidie,</span> <span class='ocrx_word' id='word_1_359' title='bbox 893 1986 996 2026; x_wconf 74' lang='lat' dir='ltr'>quoad</span> <span class='ocrx_word' id='word_1_360' title='bbox 1014 1995 1107 2015; x_wconf 88' lang='lat' dir='ltr'>sanus</span> <span class='ocrx_word' id='word_1_361' title='bbox 1129 1984 1289 2016; x_wconf 87' lang='lat' dir='ltr'>efficiatur.</span> <span class='ocrx_word' id='word_1_362' title='bbox 1334 1985 1395 2018; x_wconf 64' lang='lat' dir='ltr'>cs.</span> <span class='ocrx_word' id='word_1_363' title='bbox 1417 1986 1479 2018; x_wconf 87' lang='lat' dir='ltr'>Sed</span> <span class='ocrx_word' id='word_1_364' title='bbox 1497 1987 1622 2018; x_wconf 87' lang='lat' dir='ltr'>ubinam</span> 
     </span>
     <span class='ocr_line' id='line_1_32' title="bbox 172 2039 1623 2083; baseline -0.001 -10"><span class='ocrx_word' id='word_1_365' title='bbox 172 2040 249 2083; x_wconf 83' lang='grc'>[78]</span> <span class='ocrx_word' id='word_1_366' title='bbox 262 2041 416 2072; x_wconf 78' lang='lat' dir='ltr'>medicum</span> <span class='ocrx_word' id='word_1_367' title='bbox 431 2039 585 2082; x_wconf 88' lang='lat' dir='ltr'>ejusmodi</span> <span class='ocrx_word' id='word_1_368' title='bbox 601 2039 826 2077; x_wconf 83' lang='lat' dir='ltr'>nanciscemur,</span> <span class='ocrx_word' id='word_1_369' title='bbox 842 2049 860 2070; x_wconf 89' lang='grc' dir='ltr'><strong>ο</strong></span> <span class='ocrx_word' id='word_1_370' title='bbox 875 2039 1028 2075; x_wconf 81' lang='lat' dir='ltr'>Socrates,</span> <span class='ocrx_word' id='word_1_371' title='bbox 1044 2049 1115 2070; x_wconf 87' lang='lat' dir='ltr'>curn</span> <span class='ocrx_word' id='word_1_372' title='bbox 1131 2043 1164 2070; x_wconf 87' lang='lat' dir='ltr'>tu</span> <span class='ocrx_word' id='word_1_373' title='bbox 1179 2039 1377 2070; x_wconf 83' lang='lat' dir='ltr'>discesseris?</span> <span class='ocrx_word' id='word_1_374' title='bbox 1423 2040 1480 2072; x_wconf 90' lang='lat' dir='ltr'>So.</span> <span class='ocrx_word' id='word_1_375' title='bbox 1504 2039 1623 2082; x_wconf 81' lang='lat' dir='ltr'>Ampla</span> 
     </span>
     <span class='ocr_line' id='line_1_33' title="bbox 170 2092 1625 2136; baseline 0 -10"><span class='ocrx_word' id='word_1_376' title='bbox 170 2101 230 2136; x_wconf 84' lang='lat' dir='ltr'>est,</span> <span class='ocrx_word' id='word_1_377' title='bbox 245 2105 265 2126; x_wconf 89' lang='lat' dir='ltr'>o</span> <span class='ocrx_word' id='word_1_378' title='bbox 280 2094 393 2131; x_wconf 87' lang='lat' dir='ltr'>Cebes,</span> <span class='ocrx_word' id='word_1_379' title='bbox 416 2093 553 2135; x_wconf 84' lang='lat' dir='ltr'>Graecia,</span> <span class='ocrx_word' id='word_1_380' title='bbox 575 2093 608 2125; x_wconf 89' lang='lat' dir='ltr'>in</span> <span class='ocrx_word' id='word_1_381' title='bbox 632 2104 696 2135; x_wconf 78' lang='lat' dir='ltr'>qua</span> <span class='ocrx_word' id='word_1_382' title='bbox 719 2098 793 2124; x_wconf 85' lang='lat' dir='ltr'>sunt</span> <span class='ocrx_word' id='word_1_383' title='bbox 814 2092 870 2124; x_wconf 82' lang='lat' dir='ltr'>viri</span> <span class='ocrx_word' id='word_1_384' title='bbox 893 2097 1099 2135; x_wconf 77' lang='lat' dir='ltr'>praestantes:</span> <span class='ocrx_word' id='word_1_385' title='bbox 1124 2102 1216 2134; x_wconf 82' lang='lat' dir='ltr'>quam</span> <span class='ocrx_word' id='word_1_386' title='bbox 1240 2092 1380 2134; x_wconf 76' lang='lat' dir='ltr'>plurimas</span> <span class='ocrx_word' id='word_1_387' title='bbox 1402 2098 1475 2125; x_wconf 88' lang='lat' dir='ltr'>sunt</span> <span class='ocrx_word' id='word_1_388' title='bbox 1489 2094 1625 2126; x_wconf 82' lang='lat' dir='ltr'>barbarae</span> 
     </span>
     <span class='ocr_line' id='line_1_34' title="bbox 169 2145 1623 2189; baseline 0.001 -11"><span class='ocrx_word' id='word_1_389' title='bbox 169 2147 337 2187; x_wconf 77' lang='lat' dir='ltr'>nationes3</span> <span class='ocrx_word' id='word_1_390' title='bbox 359 2157 415 2188; x_wconf 87' lang='lat' dir='ltr'>per</span> <span class='ocrx_word' id='word_1_391' title='bbox 438 2148 494 2178; x_wconf 84' lang='lat' dir='ltr'>has</span> <span class='ocrx_word' id='word_1_392' title='bbox 519 2157 626 2178; x_wconf 88' lang='lat' dir='ltr'>omnes</span> <span class='ocrx_word' id='word_1_393' title='bbox 653 2145 808 2188; x_wconf 89' lang='lat' dir='ltr'>ejusmodi</span> <span class='ocrx_word' id='word_1_394' title='bbox 831 2146 987 2177; x_wconf 89' lang='lat' dir='ltr'>medicum</span> <span class='ocrx_word' id='word_1_395' title='bbox 1014 2145 1136 2177; x_wconf 89' lang='lat' dir='ltr'>debetis</span> <span class='ocrx_word' id='word_1_396' title='bbox 1160 2146 1348 2187; x_wconf 89' lang='lat' dir='ltr'>perquirere,</span> <span class='ocrx_word' id='word_1_397' title='bbox 1363 2157 1465 2188; x_wconf 83' lang='lat' dir='ltr'>neque</span> <span class='ocrx_word' id='word_1_398' title='bbox 1481 2147 1623 2189; x_wconf 86' lang='lat' dir='ltr'>pecuniis</span> 
     </span>
     <span class='ocr_line' id='line_1_35' title="bbox 170 2198 1622 2243; baseline 0 -11"><span class='ocrx_word' id='word_1_399' title='bbox 170 2205 334 2243; x_wconf 78' lang='lat' dir='ltr'>parcentes</span> <span class='ocrx_word' id='word_1_400' title='bbox 349 2211 452 2241; x_wconf 89' lang='lat' dir='ltr'>neque</span> <span class='ocrx_word' id='word_1_401' title='bbox 467 2200 633 2232; x_wconf 86' lang='lat' dir='ltr'>laboribus.</span> <span class='ocrx_word' id='word_1_402' title='bbox 656 2199 735 2231; x_wconf 88' lang='lat' dir='ltr'>nihil</span> <span class='ocrx_word' id='word_1_403' title='bbox 757 2204 805 2230; x_wconf 87' lang='lat' dir='ltr'>est</span> <span class='ocrx_word' id='word_1_404' title='bbox 820 2198 917 2239; x_wconf 86' lang='lat' dir='ltr'>enim,</span> <span class='ocrx_word' id='word_1_405' title='bbox 936 2209 991 2240; x_wconf 86' lang='lat' dir='ltr'>pro</span> <span class='ocrx_word' id='word_1_406' title='bbox 1016 2209 1079 2241; x_wconf 90' lang='lat' dir='ltr'>quo</span> <span class='ocrx_word' id='word_1_407' title='bbox 1094 2199 1289 2230; x_wconf 86' lang='lat' dir='ltr'>commodius</span> <span class='ocrx_word' id='word_1_408' title='bbox 1303 2200 1406 2231; x_wconf 87' lang='lat' dir='ltr'>omnia</span> <span class='ocrx_word' id='word_1_409' title='bbox 1420 2200 1491 2242; x_wconf 84' lang='lat' dir='ltr'>quis</span> <span class='ocrx_word' id='word_1_410' title='bbox 1505 2211 1622 2242; x_wconf 88' lang='lat' dir='ltr'>expen-</span> 
     </span>
     <span class='ocr_line' id='line_1_36' title="bbox 170 2253 1622 2295; baseline -0.001 -9"><span class='ocrx_word' id='word_1_411' title='bbox 170 2256 236 2287; x_wconf 84' lang='lat' dir='ltr'>dat.</span> <span class='ocrx_word' id='word_1_412' title='bbox 279 2254 540 2287; x_wconf 82' lang='lat' dir='ltr'>Perscrutandum</span> <span class='ocrx_word' id='word_1_413' title='bbox 569 2264 695 2295; x_wconf 88' lang='lat' dir='ltr'>quoque</span> <span class='ocrx_word' id='word_1_414' title='bbox 718 2258 766 2284; x_wconf 91' lang='lat' dir='ltr'>est</span> <span class='ocrx_word' id='word_1_415' title='bbox 794 2253 887 2284; x_wconf 84' lang='lat' dir='ltr'>etiam</span> <span class='ocrx_word' id='word_1_416' title='bbox 915 2253 998 2284; x_wconf 82' lang='lat' dir='ltr'>inter</span> <span class='ocrx_word' id='word_1_417' title='bbox 1027 2263 1081 2284; x_wconf 90' lang='lat' dir='ltr'>vos</span> <span class='ocrx_word' id='word_1_418' title='bbox 1109 2253 1203 2294; x_wconf 87' lang='lat' dir='ltr'>ipsos.</span> <span class='ocrx_word' id='word_1_419' title='bbox 1225 2253 1305 2285; x_wconf 83' lang='lat' dir='ltr'>forte</span> <span class='ocrx_word' id='word_1_420' title='bbox 1329 2253 1412 2285; x_wconf 86' lang='lat' dir='ltr'>enim</span> <span class='ocrx_word' id='word_1_421' title='bbox 1438 2264 1503 2285; x_wconf 91' lang='lat' dir='ltr'>non</span> <span class='ocrx_word' id='word_1_422' title='bbox 1528 2254 1622 2286; x_wconf 82' lang='lat' dir='ltr'>facile</span> 
     </span>
     <span class='ocr_line' id='line_1_37' title="bbox 173 2305 1622 2350; baseline -0.001 -10"><span class='ocrx_word' id='word_1_423' title='bbox 173 2309 347 2350; x_wconf 88' lang='lat' dir='ltr'>invenietis,</span> <span class='ocrx_word' id='word_1_424' title='bbox 375 2308 430 2350; x_wconf 89' lang='lat' dir='ltr'>qui</span> <span class='ocrx_word' id='word_1_425' title='bbox 461 2308 572 2339; x_wconf 86' lang='lat' dir='ltr'>melius</span> <span class='ocrx_word' id='word_1_426' title='bbox 594 2318 688 2349; x_wconf 90' lang='lat' dir='ltr'>quam</span> <span class='ocrx_word' id='word_1_427' title='bbox 720 2317 776 2338; x_wconf 85' lang='lat' dir='ltr'>vos</span> <span class='ocrx_word' id='word_1_428' title='bbox 800 2305 833 2338; x_wconf 91' lang='lat' dir='ltr'>id</span> <span class='ocrx_word' id='word_1_429' title='bbox 863 2312 958 2348; x_wconf 74' lang='lat' dir='ltr'>queat</span> <span class='ocrx_word' id='word_1_430' title='bbox 983 2306 1113 2338; x_wconf 84' lang='lat' dir='ltr'>efficere.</span> <span class='ocrx_word' id='word_1_431' title='bbox 1158 2306 1220 2338; x_wconf 75' lang='lat' dir='ltr'>Cr..</span> <span class='ocrx_word' id='word_1_432' title='bbox 1243 2306 1312 2338; x_wconf 87' lang='lat' dir='ltr'>Fiet</span> <span class='ocrx_word' id='word_1_433' title='bbox 1333 2307 1365 2338; x_wconf 90' lang='lat' dir='ltr'>id</span> <span class='ocrx_word' id='word_1_434' title='bbox 1394 2307 1532 2349; x_wconf 87' lang='lat' dir='ltr'>quidem.</span> <span class='ocrx_word' id='word_1_435' title='bbox 1565 2307 1622 2339; x_wconf 88' lang='lat' dir='ltr'>sed</span> 
     </span>
     <span class='ocr_line' id='line_1_38' title="bbox 172 2360 1622 2404; baseline 0 -11"><span class='ocrx_word' id='word_1_436' title='bbox 172 2361 333 2393; x_wconf 82' lang='lat' dir='ltr'>redeamus</span> <span class='ocrx_word' id='word_1_437' title='bbox 358 2361 438 2404; x_wconf 87' lang='lat' dir='ltr'>jam,</span> <span class='ocrx_word' id='word_1_438' title='bbox 467 2362 491 2392; x_wconf 91' lang='lat' dir='ltr'>si</span> <span class='ocrx_word' id='word_1_439' title='bbox 521 2361 578 2392; x_wconf 89' lang='lat' dir='ltr'>tibi</span> <span class='ocrx_word' id='word_1_440' title='bbox 605 2360 719 2402; x_wconf 87' lang='lat' dir='ltr'>placet,</span> <span class='ocrx_word' id='word_1_441' title='bbox 742 2361 827 2391; x_wconf 87' lang='lat' dir='ltr'>unde</span> <span class='ocrx_word' id='word_1_442' title='bbox 853 2360 982 2401; x_wconf 77' lang='lat' dir='ltr'>digressi</span> <span class='ocrx_word' id='word_1_443' title='bbox 1008 2371 1123 2391; x_wconf 87' lang='lat' dir='ltr'>sumus.</span> <span class='ocrx_word' id='word_1_444' title='bbox 1167 2360 1223 2392; x_wconf 84' lang='lat' dir='ltr'>So.</span> <span class='ocrx_word' id='word_1_445' title='bbox 1247 2360 1332 2392; x_wconf 88' lang='lat' dir='ltr'>Mihi</span> <span class='ocrx_word' id='word_1_446' title='bbox 1353 2360 1478 2402; x_wconf 89' lang='lat' dir='ltr'>quidem</span> <span class='ocrx_word' id='word_1_447' title='bbox 1505 2361 1622 2403; x_wconf 82' lang='lat' dir='ltr'>placet.</span> 
     </span>
     <span class='ocr_line' id='line_1_39' title="bbox 169 2413 1622 2458; baseline 0 -12"><span class='ocrx_word' id='word_1_448' title='bbox 169 2416 247 2458; x_wconf 89' lang='lat' dir='ltr'>quid</span> <span class='ocrx_word' id='word_1_449' title='bbox 261 2416 345 2446; x_wconf 85' lang='lat' dir='ltr'>enim</span> <span class='ocrx_word' id='word_1_450' title='bbox 372 2415 539 2457; x_wconf 88' lang='lat' dir='ltr'>prohibet?</span> <span class='ocrx_word' id='word_1_451' title='bbox 584 2414 646 2447; x_wconf 71' lang='lat' dir='ltr'>Cn.</span> <span class='ocrx_word' id='word_1_452' title='bbox 671 2414 773 2446; x_wconf 84' lang='lat' dir='ltr'>Recte</span> <span class='ocrx_word' id='word_1_453' title='bbox 797 2414 976 2455; x_wconf 82' lang='lat' dir='ltr'>respondes.</span> <span class='ocrx_word' id='word_1_454' title='bbox 1020 2414 1075 2445; x_wconf 89' lang='lat' dir='ltr'>So.</span> <span class='ocrx_word' id='word_1_455' title='bbox 1100 2415 1152 2445; x_wconf 90' lang='lat' dir='ltr'>An</span> <span class='ocrx_word' id='word_1_456' title='bbox 1171 2424 1236 2444; x_wconf 86' lang='lat' dir='ltr'>non</span> <span class='ocrx_word' id='word_1_457' title='bbox 1260 2413 1323 2445; x_wconf 88' lang='lat' dir='ltr'>tale</span> <span class='ocrx_word' id='word_1_458' title='bbox 1347 2414 1466 2455; x_wconf 87' lang='lat' dir='ltr'>aliquid</span> <span class='ocrx_word' id='word_1_459' title='bbox 1491 2424 1510 2446; x_wconf 89' lang='lat' dir='ltr'>a</span> <span class='ocrx_word' id='word_1_460' title='bbox 1531 2415 1622 2446; x_wconf 89' lang='lat' dir='ltr'>nobis</span> 
     </span>
     <span class='ocr_line' id='line_1_40' title="bbox 169 2466 1623 2510; baseline -0.001 -11"><span class='ocrx_word' id='word_1_461' title='bbox 169 2469 244 2510; x_wconf 88' lang='lat' dir='ltr'>ipsis</span> <span class='ocrx_word' id='word_1_462' title='bbox 259 2469 407 2500; x_wconf 84' lang='lat' dir='ltr'>sciscitari</span> <span class='ocrx_word' id='word_1_463' title='bbox 428 2469 590 2504; x_wconf 88' lang='lat' dir='ltr'>debemus,</span> <span class='ocrx_word' id='word_1_464' title='bbox 615 2468 739 2500; x_wconf 86' lang='lat' dir='ltr'>cuinam</span> <span class='ocrx_word' id='word_1_465' title='bbox 763 2473 795 2499; x_wconf 84' lang='lat' dir='ltr'>et</span> <span class='ocrx_word' id='word_1_466' title='bbox 817 2468 903 2510; x_wconf 85' lang='lat' dir='ltr'>quali</span> <span class='ocrx_word' id='word_1_467' title='bbox 926 2467 1092 2499; x_wconf 84' lang='lat' dir='ltr'>conveniat</span> <span class='ocrx_word' id='word_1_468' title='bbox 1114 2478 1151 2498; x_wconf 84' lang='lat' dir='ltr'>ea</span> <span class='ocrx_word' id='word_1_469' title='bbox 1174 2467 1287 2509; x_wconf 84' lang='lat' dir='ltr'>passio,</span> <span class='ocrx_word' id='word_1_470' title='bbox 1311 2478 1366 2509; x_wconf 84' lang='lat' dir='ltr'>per</span> <span class='ocrx_word' id='word_1_471' title='bbox 1386 2477 1478 2509; x_wconf 87' lang='lat' dir='ltr'>quam</span> <span class='ocrx_word' id='word_1_472' title='bbox 1494 2466 1623 2500; x_wconf 78' lang='lat' dir='ltr'>dissolvi</span> 
     </span>
     <span class='ocr_line' id='line_1_41' title="bbox 171 2520 1620 2564; baseline 0 -11"><span class='ocrx_word' id='word_1_473' title='bbox 171 2521 292 2564; x_wconf 77' lang='lat' dir='ltr'>possit:</span> <span class='ocrx_word' id='word_1_474' title='bbox 316 2527 348 2553; x_wconf 87' lang='lat' dir='ltr'>et</span> <span class='ocrx_word' id='word_1_475' title='bbox 363 2521 415 2553; x_wconf 86' lang='lat' dir='ltr'>cui</span> <span class='ocrx_word' id='word_1_476' title='bbox 428 2522 576 2563; x_wconf 81' lang='lat' dir='ltr'>qualique</span> <span class='ocrx_word' id='word_1_477' title='bbox 591 2522 629 2552; x_wconf 87' lang='lat' dir='ltr'>sit</span> <span class='ocrx_word' id='word_1_478' title='bbox 646 2522 859 2564; x_wconf 85' lang='lat' dir='ltr'>metuendum,</span> <span class='ocrx_word' id='word_1_479' title='bbox 875 2532 915 2552; x_wconf 91' lang='lat' dir='ltr'>ne</span> <span class='ocrx_word' id='word_1_480' title='bbox 929 2520 962 2552; x_wconf 89' lang='lat' dir='ltr'>id</span> <span class='ocrx_word' id='word_1_481' title='bbox 978 2521 1124 2562; x_wconf 84' lang='lat' dir='ltr'>patiatur,</span> <span class='ocrx_word' id='word_1_482' title='bbox 1140 2526 1173 2552; x_wconf 88' lang='lat' dir='ltr'>et</span> <span class='ocrx_word' id='word_1_483' title='bbox 1187 2521 1359 2554; x_wconf 84' lang='lat' dir='ltr'>secundum</span> <span class='ocrx_word' id='word_1_484' title='bbox 1373 2531 1464 2563; x_wconf 86' lang='lat' dir='ltr'>quam</span> <span class='ocrx_word' id='word_1_485' title='bbox 1481 2522 1620 2563; x_wconf 86' lang='lat' dir='ltr'>qualem·</span> 
     </span>
     <span class='ocr_line' id='line_1_42' title="bbox 169 2574 1620 2617; baseline 0 -11"><span class='ocrx_word' id='word_1_486' title='bbox 169 2586 231 2617; x_wconf 90' lang='lat' dir='ltr'>que</span> <span class='ocrx_word' id='word_1_487' title='bbox 245 2575 314 2617; x_wconf 84' lang='lat' dir='ltr'>ejus</span> <span class='ocrx_word' id='word_1_488' title='bbox 329 2580 446 2617; x_wconf 82' lang='lat' dir='ltr'>partem</span> <span class='ocrx_word' id='word_1_489' title='bbox 462 2587 470 2606; x_wconf 73' lang='grc' dir='ltr'>ε</span> <span class='ocrx_word' id='word_1_490' title='bbox 494 2575 609 2607; x_wconf 84' lang='lat' dir='ltr'>deinde</span> <span class='ocrx_word' id='word_1_491' title='bbox 624 2575 829 2612; x_wconf 84' lang='lat' dir='ltr'>considerare,</span> <span class='ocrx_word' id='word_1_492' title='bbox 844 2574 1021 2616; x_wconf 82' lang='lat' dir='ltr'>cujusmodi</span> <span class='ocrx_word' id='word_1_493' title='bbox 1044 2575 1149 2606; x_wconf 84' lang='lat' dir='ltr'>anima</span> <span class='ocrx_word' id='word_1_494' title='bbox 1162 2574 1202 2605; x_wconf 85' lang='lat' dir='ltr'>sit</span> <span class='ocrx_word' id='word_1_495' title='bbox 1217 2586 1224 2605; x_wconf 78' lang='lat' dir='ltr'><strong><em>z</em></strong></span> <span class='ocrx_word' id='word_1_496' title='bbox 1249 2574 1372 2606; x_wconf 89' lang='lat' dir='ltr'>demum</span> <span class='ocrx_word' id='word_1_497' title='bbox 1388 2585 1425 2606; x_wconf 88' lang='lat' dir='ltr'>ex</span> <span class='ocrx_word' id='word_1_498' title='bbox 1440 2575 1488 2606; x_wconf 85' lang='lat' dir='ltr'>his</span> <span class='ocrx_word' id='word_1_499' title='bbox 1508 2576 1620 2607; x_wconf 74' lang='lat' dir='ltr'>animm</span> 
     </span>
     <span class='ocr_line' id='line_1_43' title="bbox 169 2628 1620 2671; baseline -0.001 -12"><span class='ocrx_word' id='word_1_500' title='bbox 169 2634 280 2660; x_wconf 82' lang='lat' dir='ltr'>nostrae</span> <span class='ocrx_word' id='word_1_501' title='bbox 294 2629 391 2671; x_wconf 75' lang='lat' dir='ltr'>gratia</span> <span class='ocrx_word' id='word_1_502' title='bbox 406 2628 454 2659; x_wconf 89' lang='lat' dir='ltr'>vel</span> <span class='ocrx_word' id='word_1_503' title='bbox 472 2629 628 2660; x_wconf 79' lang='lat' dir='ltr'>confidere</span> <span class='ocrx_word' id='word_1_504' title='bbox 652 2629 701 2660; x_wconf 91' lang='lat' dir='ltr'>vel</span> <span class='ocrx_word' id='word_1_505' title='bbox 718 2629 835 2660; x_wconf 87' lang='lat' dir='ltr'>timere.</span> <span class='ocrx_word' id='word_1_506' title='bbox 881 2628 942 2661; x_wconf 67' lang='lat' dir='ltr'>Cn.</span> <span class='ocrx_word' id='word_1_507' title='bbox 966 2629 1049 2661; x_wconf 84' lang='lat' dir='ltr'>Vera</span> <span class='ocrx_word' id='word_1_508' title='bbox 1065 2628 1209 2670; x_wconf 89' lang='lat' dir='ltr'>loqueris.</span> <span class='ocrx_word' id='word_1_509' title='bbox 1251 2628 1306 2660; x_wconf 90' lang='lat' dir='ltr'>So.</span> <span class='ocrx_word' id='word_1_510' title='bbox 1330 2628 1446 2660; x_wconf 88' lang='lat' dir='ltr'>Nonne</span> <span class='ocrx_word' id='word_1_511' title='bbox 1465 2628 1558 2670; x_wconf 88' lang='lat' dir='ltr'>igitur</span> <span class='ocrx_word' id='word_1_512' title='bbox 1578 2628 1620 2670; x_wconf 87' lang='lat' dir='ltr'>ei,</span> 
     </span>
     <span class='ocr_line' id='line_1_44' title="bbox 168 2681 1620 2724; baseline 0.001 -12"><span class='ocrx_word' id='word_1_513' title='bbox 168 2682 254 2724; x_wconf 84' lang='lat' dir='ltr'>quod</span> <span class='ocrx_word' id='word_1_514' title='bbox 270 2681 468 2723; x_wconf 86' lang='lat' dir='ltr'>componitur</span> <span class='ocrx_word' id='word_1_515' title='bbox 478 2681 607 2724; x_wconf 81' lang='lat' dir='ltr'>jamque</span> <span class='ocrx_word' id='word_1_516' title='bbox 622 2683 827 2724; x_wconf 88' lang='lat' dir='ltr'>compositum</span> <span class='ocrx_word' id='word_1_517' title='bbox 843 2687 902 2720; x_wconf 87' lang='lat' dir='ltr'>est,</span> <span class='ocrx_word' id='word_1_518' title='bbox 917 2688 1026 2714; x_wconf 85' lang='lat' dir='ltr'>natura</span> <span class='ocrx_word' id='word_1_519' title='bbox 1040 2683 1071 2713; x_wconf 87' lang='lat' dir='ltr'>id</span> <span class='ocrx_word' id='word_1_520' title='bbox 1089 2682 1156 2724; x_wconf 88' lang='lat' dir='ltr'>pati</span> <span class='ocrx_word' id='word_1_521' title='bbox 1170 2683 1328 2718; x_wconf 87' lang='lat' dir='ltr'>convenit,</span> <span class='ocrx_word' id='word_1_522' title='bbox 1344 2687 1389 2718; x_wconf 91' lang='lat' dir='ltr'>ut,</span> <span class='ocrx_word' id='word_1_523' title='bbox 1404 2688 1557 2724; x_wconf 88' lang='lat' dir='ltr'>quatenus</span> <span class='ocrx_word' id='word_1_524' title='bbox 1572 2686 1620 2713; x_wconf 88' lang='lat' dir='ltr'>est</span> 
     </span>
     <span class='ocr_line' id='line_1_45' title="bbox 170 2735 1617 2777; baseline 0 -10"><span class='ocrx_word' id='word_1_525' title='bbox 170 2735 389 2776; x_wconf 87' lang='lat' dir='ltr'>compositum,</span> <span class='ocrx_word' id='word_1_526' title='bbox 412 2735 598 2768; x_wconf 84' lang='lat' dir='ltr'>dissolvatur</span> <span class='ocrx_word' id='word_1_527' title='bbox 612 2735 623 2766; x_wconf 88' lang='lat'>?</span> <span class='ocrx_word' id='word_1_528' title='bbox 647 2735 674 2766; x_wconf 87' lang='lat' dir='ltr'>si</span> <span class='ocrx_word' id='word_1_529' title='bbox 689 2736 764 2777; x_wconf 94' lang='lat' dir='ltr'>quid</span> <span class='ocrx_word' id='word_1_530' title='bbox 780 2747 851 2767; x_wconf 83' lang='lat' dir='ltr'>vero</span> <span class='ocrx_word' id='word_1_531' title='bbox 866 2747 930 2768; x_wconf 86' lang='lat' dir='ltr'>uon</span> <span class='ocrx_word' id='word_1_532' title='bbox 953 2737 994 2768; x_wconf 80' lang='lat' dir='ltr'>sit</span> <span class='ocrx_word' id='word_1_533' title='bbox 1014 2735 1234 2777; x_wconf 87' lang='lat' dir='ltr'>compositum,</span> <span class='ocrx_word' id='word_1_534' title='bbox 1260 2735 1334 2767; x_wconf 87' lang='lat' dir='ltr'>huic</span> <span class='ocrx_word' id='word_1_535' title='bbox 1349 2736 1408 2767; x_wconf 83' lang='lat' dir='ltr'>soli</span> <span class='ocrx_word' id='word_1_536' title='bbox 1423 2736 1617 2777; x_wconf 84' lang='lat' dir='ltr'>potissimum</span> 
     </span>
     <span class='ocr_line' id='line_1_46' title="bbox 168 2788 1618 2831; baseline 0.001 -13"><span class='ocrx_word' id='word_1_537' title='bbox 168 2788 255 2819; x_wconf 81' lang='lat' dir='ltr'>nulla</span> <span class='ocrx_word' id='word_1_538' title='bbox 269 2788 384 2819; x_wconf 81' lang='lat' dir='ltr'>accidit</span> <span class='ocrx_word' id='word_1_539' title='bbox 397 2788 570 2820; x_wconf 89' lang='lat' dir='ltr'>dissolutio.</span> <span class='ocrx_word' id='word_1_540' title='bbox 616 2789 676 2821; x_wconf 74' lang='lat' dir='ltr'>Ca.</span> <span class='ocrx_word' id='word_1_541' title='bbox 701 2789 787 2820; x_wconf 88' lang='lat' dir='ltr'>Mihi</span> <span class='ocrx_word' id='word_1_542' title='bbox 801 2789 926 2831; x_wconf 88' lang='lat' dir='ltr'>quidem</span> <span class='ocrx_word' id='word_1_543' title='bbox 942 2790 986 2821; x_wconf 87' lang='lat' dir='ltr'>sic</span> <span class='ocrx_word' id='word_1_544' title='bbox 1002 2794 1143 2831; x_wconf 87' lang='lat' dir='ltr'>apparet.</span> <span class='ocrx_word' id='word_1_545' title='bbox 1185 2789 1240 2822; x_wconf 79' lang='lat' dir='ltr'>So,</span> <span class='ocrx_word' id='word_1_546' title='bbox 1263 2789 1315 2820; x_wconf 91' lang='lat' dir='ltr'>An</span> <span class='ocrx_word' id='word_1_547' title='bbox 1328 2800 1404 2831; x_wconf 83' lang='lat' dir='ltr'>non,</span> <span class='ocrx_word' id='word_1_548' title='bbox 1415 2800 1485 2831; x_wconf 84' lang='lat' dir='ltr'>quae</span> <span class='ocrx_word' id='word_1_549' title='bbox 1496 2799 1618 2831; x_wconf 88' lang='lat' dir='ltr'>semper</span> 
     </span>
     <span class='ocr_line' id='line_1_47' title="bbox 167 2842 1614 2884; baseline 0.001 -12"><span class='ocrx_word' id='word_1_550' title='bbox 167 2842 339 2873; x_wconf 80' lang='lat' dir='ltr'>secundum</span> <span class='ocrx_word' id='word_1_551' title='bbox 353 2842 462 2873; x_wconf 89' lang='lat' dir='ltr'>eadem</span> <span class='ocrx_word' id='word_1_552' title='bbox 477 2843 650 2883; x_wconf 89' lang='lat' dir='ltr'>eodemque</span> <span class='ocrx_word' id='word_1_553' title='bbox 665 2843 758 2873; x_wconf 89' lang='lat' dir='ltr'>modo</span> <span class='ocrx_word' id='word_1_554' title='bbox 774 2853 806 2874; x_wconf 91' lang='lat' dir='ltr'>se</span> <span class='ocrx_word' id='word_1_555' title='bbox 821 2843 949 2880; x_wconf 77' lang='lat' dir='ltr'>habent,</span> <span class='ocrx_word' id='word_1_556' title='bbox 964 2844 1032 2875; x_wconf 86' lang='lat' dir='ltr'>haec</span> <span class='ocrx_word' id='word_1_557' title='bbox 1047 2842 1180 2874; x_wconf 85' lang='lat' dir='ltr'>maxime</span> <span class='ocrx_word' id='word_1_558' title='bbox 1194 2853 1262 2874; x_wconf 85' lang='lat' dir='ltr'>esse</span> <span class='ocrx_word' id='word_1_559' title='bbox 1276 2844 1424 2874; x_wconf 85' lang='lat' dir='ltr'>convenit</span> <span class='ocrx_word' id='word_1_560' title='bbox 1438 2842 1614 2884; x_wconf 81' lang='lat' dir='ltr'>simplicia?</span> 
     </span>
     <span class='ocr_line' id='line_1_48' title="bbox 166 2895 1615 2937; baseline 0.001 -12"><span class='ocrx_word' id='word_1_561' title='bbox 166 2904 236 2936; x_wconf 74' lang='lat' dir='ltr'>quoe</span> <span class='ocrx_word' id='word_1_562' title='bbox 260 2905 332 2926; x_wconf 81' lang='lat' dir='ltr'>vero</span> <span class='ocrx_word' id='word_1_563' title='bbox 358 2895 434 2926; x_wconf 86' lang='lat' dir='ltr'>alias</span> <span class='ocrx_word' id='word_1_564' title='bbox 457 2895 556 2933; x_wconf 82' lang='lat' dir='ltr'>aliter,</span> <span class='ocrx_word' id='word_1_565' title='bbox 581 2905 640 2927; x_wconf 86' lang='lat' dir='ltr'>nec</span> <span class='ocrx_word' id='word_1_566' title='bbox 662 2905 800 2937; x_wconf 89' lang='lat' dir='ltr'>unquam</span> <span class='ocrx_word' id='word_1_567' title='bbox 815 2897 985 2928; x_wconf 87' lang='lat' dir='ltr'>secundum</span> <span class='ocrx_word' id='word_1_568' title='bbox 1001 2896 1124 2937; x_wconf 83' lang='lat' dir='ltr'>eadem,</span> <span class='ocrx_word' id='word_1_569' title='bbox 1143 2896 1210 2928; x_wconf 86' lang='lat' dir='ltr'>haec</span> <span class='ocrx_word' id='word_1_570' title='bbox 1224 2906 1292 2928; x_wconf 88' lang='lat' dir='ltr'>esse</span> <span class='ocrx_word' id='word_1_571' title='bbox 1313 2895 1510 2937; x_wconf 87' lang='lat' dir='ltr'>composita?</span> <span class='ocrx_word' id='word_1_572' title='bbox 1554 2895 1615 2928; x_wconf 71' lang='lat' dir='ltr'>Cn.</span> 
     </span>
     <span class='ocr_line' id='line_1_49' title="bbox 165 2946 1614 2991; baseline 0.002 -14"><span class='ocrx_word' id='word_1_573' title='bbox 165 2946 216 2977; x_wconf 77' lang='lat' dir='ltr'>Ita</span> <span class='ocrx_word' id='word_1_574' title='bbox 230 2946 376 2988; x_wconf 89' lang='lat' dir='ltr'>equidem</span> <span class='ocrx_word' id='word_1_575' title='bbox 391 2947 515 2988; x_wconf 84' lang='lat' dir='ltr'>opinor.</span> <span class='ocrx_word' id='word_1_576' title='bbox 557 2948 612 2980; x_wconf 83' lang='lat' dir='ltr'>So.</span> <span class='ocrx_word' id='word_1_577' title='bbox 635 2947 816 2980; x_wconf 86' lang='lat' dir='ltr'>Redeamus</span> <span class='ocrx_word' id='word_1_578' title='bbox 834 2948 901 2990; x_wconf 87' lang='lat' dir='ltr'>jam</span> <span class='ocrx_word' id='word_1_579' title='bbox 917 2950 957 2980; x_wconf 85' lang='lat' dir='ltr'>ad</span> <span class='ocrx_word' id='word_1_580' title='bbox 971 2949 1038 2991; x_wconf 84' lang='lat' dir='ltr'>ina,</span> <span class='ocrx_word' id='word_1_581' title='bbox 1051 2950 1092 2980; x_wconf 88' lang='lat' dir='ltr'>ad</span> <span class='ocrx_word' id='word_1_582' title='bbox 1107 2959 1178 2990; x_wconf 84' lang='lat' dir='ltr'>quae</span> <span class='ocrx_word' id='word_1_583' title='bbox 1192 2948 1224 2980; x_wconf 88' lang='lat' dir='ltr'>in</span> <span class='ocrx_word' id='word_1_584' title='bbox 1240 2949 1389 2990; x_wconf 87' lang='lat' dir='ltr'>superiori</span> <span class='ocrx_word' id='word_1_585' title='bbox 1404 2949 1614 2990; x_wconf 82' lang='lat' dir='ltr'>disputatione</span> 
     </span>
     <span class='ocr_line' id='line_1_50' title="bbox 166 3000 1614 3045; baseline 0.003 -15"><span class='ocrx_word' id='word_1_586' title='bbox 166 3000 379 3040; x_wconf 80' lang='lat' dir='ltr'>processimus.</span> <span class='ocrx_word' id='word_1_587' title='bbox 402 3000 476 3043; x_wconf 88' lang='lat' dir='ltr'>Ipsa</span> <span class='ocrx_word' id='word_1_588' title='bbox 491 3001 638 3039; x_wconf 81' lang='lat' dir='ltr'>essentia,</span> <span class='ocrx_word' id='word_1_589' title='bbox 653 3001 704 3043; x_wconf 88' lang='lat' dir='ltr'>cuj</span> <span class='ocrx_word' id='word_1_590' title='bbox 710 3013 743 3034; x_wconf 82' lang='lat' dir='ltr'>us</span> <span class='ocrx_word' id='word_1_591' title='bbox 753 3002 972 3044; x_wconf 81' lang='lat' dir='ltr'>interrogando</span> <span class='ocrx_word' id='word_1_592' title='bbox 983 3003 1262 3045; x_wconf 86' lang='lat' dir='ltr'>respondendoque</span> <span class='ocrx_word' id='word_1_593' title='bbox 1274 3002 1424 3034; x_wconf 81' lang='lat' dir='ltr'>rationem</span> <span class='ocrx_word' id='word_1_594' title='bbox 1432 3003 1491 3035; x_wconf 88' lang='lat' dir='ltr'>hoc</span> <span class='ocrx_word' id='word_1_595' title='bbox 1501 3001 1614 3044; x_wconf 83' lang='lat' dir='ltr'>ipsum,</span> 
     </span>
    </p>
   </div>
  </div>
 </body>
</html>
