1846 3268
180 266 274 317 169]
710 245 715 250 ”
739 263 1082 303 CHARMmES.
1589 267 1637 306 91

179 370 260 404 cm.
283 368 391 402 Nulla.
435 369 491 401 So.
516 367 600 400 Num
616 372 649 400 et
660 367 721 399 vim
737 367 872 410 aliquam
885 367 1036 399 audiendi
1047 367 1180 410 reperire
1190 378 1281 409 posse
1295 368 1439 407 confidis,
1454 379 1525 411 quae
1535 378 1644 403 vocem

177 424 286 456 audiat
300 424 431 464 nullam,
455 423 603 465 seipsam
621 433 691 454 vero
717 426 751 453 et
771 422 898 452 auditus
920 421 1010 462 alios,
1035 426 1068 453 et
1094 432 1158 452 non
1181 421 1307 453 auditus
1334 423 1515 464 percipiat?
1561 424 1643 456 Car.

177 477 292 520 Neque
300 478 386 509 istud
402 476 561 519 possibile.
605 477 660 508 So.
684 475 865 507 Generatim
882 486 990 506 sensus
1002 486 1111 507 omnes
1121 485 1275 517 percurre,
1291 477 1529 519 consideraque,
1542 483 1645 509 utrum

176 542 284 564 sensus
298 532 432 563 inveniri
446 531 559 573 aliquis
583 531 698 572 possit,
716 530 769 572 qui
786 541 819 561 se
834 530 949 571 ipsum,
971 535 1154 572 ceterosque
1175 539 1283 561 sensus
1305 530 1459 572 percipiat
1474 542 1481 561 :
1504 531 1583 562 nibil
1598 536 1645 564 ta-

175 596 246 617 men
262 596 368 617 eorum
380 585 505 622 sentiat,
533 595 602 627 quae
618 595 726 615 sensus
741 583 798 615 alii
819 584 970 616 sentiunt.
1016 583 1097 616 Car.
1121 583 1322 626 Impossibile
1348 590 1381 615 et
1406 585 1467 616 hoe
1491 585 1645 616 existimo.

178 639 235 671 So.
257 638 309 670 An
324 640 403 671 forte
419 638 602 681 cupidinem
618 638 754 680 aliquam
770 648 838 669 esse
853 648 974 675 censes,
991 648 1061 679 quae
1075 638 1270 679 voluptatem
1295 638 1424 670 affectet
1444 639 1575 678 nullam,
1598 639 1648 672 sui

173 693 274 737 ipsius
285 698 389 725 autem
405 699 438 724 et
452 693 638 735 reliquarum
653 692 818 724 libidinum
837 691 876 722 sit
896 692 1054 733 cupiditas
1070 692 1081 723 ἓ
1127 692 1207 724 Car.
1232 691 1455 735 Nequaquam.
1499 694 1554 726 So.
1576 693 1646 725 Ne-

173 758 238 790 que
253 748 456 788 voluntatem‚
472 754 507 779 ut
521 747 662 784 arbitror,
679 756 750 787 quae
767 747 882 777 bonum
905 745 1027 777 nullutn
1042 750 1183 788 exoptet,
1212 757 1245 777 se
1266 746 1364 788 ipsam
1381 758 1454 779 vero
1470 754 1502 778 et
1525 753 1647 780 ceteras

174 802 351 834 voluntates
366 806 503 843 expetat.
549 801 631 833 Car.
654 800 805 832 Minime.
851 799 908 831 So.
932 799 1080 831 Amorem
1101 800 1179 842 quin
1202 801 1297 831 etiam
1319 801 1454 843 aliquem
1470 802 1563 834 talem
1578 813 1647 834 esse

173 856 274 896 dices,
286 860 321 887 ut
332 855 452 897 pulchri
469 855 584 886 nullius
599 855 641 885 sit
656 865 752 892 amor,
769 855 863 885 immo
880 854 929 886 sui
945 854 1056 896 ipsius,
1073 860 1309 897 ceterorumque
1325 865 1463 886 amorum
1478 856 1518 886 sit
1532 856 1645 887 ardor?

174 909 256 943 Car.
278 909 353 941 Non
376 910 533 952 equidem.
580 909 636 941 So.
658 909 855 940 Timoremne
880 909 1018 951 aliquem
1034 909 1220 951 excogitasti
1239 920 1389 952 unquam,
1417 910 1472 952 qui
1496 920 1529 941 se
1543 910 1646 952 ipsum

175 963 273 1006 [168]
297 969 330 995 et
353 969 454 995 metus
477 964 556 996 alios
581 968 780 1006 expavescat,
808 964 943 995 terribile
967 974 1040 995 vero
1066 969 1099 995 et
1125 964 1332 1005 periculosum
1358 964 1436 995 nihil
1460 958 1646 995 exhorreat?

173 1017 254 1050 Car.
277 1017 449 1060 Nunquam
463 1028 599 1060 prorsus,
644 1018 699 1049 So.
723 1017 917 1059 Opinionem
938 1022 1090 1059 praeterea
1112 1019 1219 1058 talem,
1246 1023 1282 1049 ut
1305 1018 1491 1061 opinionum
1516 1018 1645 1050 aliarum

172 1075 206 1103 et
219 1071 374 1114 suiipsius
389 1072 495 1114 opinio
511 1073 563 1110 sit,
579 1072 656 1103 nihil
673 1076 776 1103 autem
792 1082 911 1109 eorum,
927 1083 998 1114 quae
1009 1073 1175 1114 opiniones
1191 1072 1261 1104 aliae
1275 1073 1485 1115 suspicantur,
1498 1073 1646 1114 opinetur

175 1126 265 1167 ipsa?
313 1126 393 1158 Cm.
415 1125 514 1157 Nullo
531 1126 636 1157 modo.
683 1126 739 1157 So.
765 1125 981 1157 Veruntamen
1006 1126 1170 1158 scientiam
1200 1128 1358 1168 quandam
1383 1127 1541 1169 ejusmodi
1565 1125 1647 1158 dixi-

174 1190 256 1220 mus,
280 1190 351 1222 quae
375 1180 531 1221 dogmatis
546 1179 662 1210 nullius
678 1179 813 1211 scientia
827 1185 886 1217 est,
913 1180 961 1211 sui
986 1181 1084 1221 ipsius
1111 1185 1214 1212 autem
1242 1186 1275 1212 et
1295 1180 1425 1212 aliarum
1445 1180 1646 1212 scientiarum

175 1233 317 1266 scientia.
362 1234 442 1265 Ciu.
466 1233 612 1265 Diximus
635 1238 730 1266 certe.
775 1234 832 1266 So.
856 1233 908 1264 An
931 1245 996 1265 non
1020 1234 1130 1265 mirum
1161 1235 1327 1276 quiddam,
1352 1235 1378 1265 si
1408 1235 1481 1266 est?
1505 1234 1646 1265 nondum

174 1298 267 1329 porro
294 1297 360 1319 esse
382 1288 573 1328 negandum,
597 1288 651 1318 sed
676 1292 778 1319 utrum
803 1286 844 1319 sit
868 1288 1140 1319 considerandum.
1186 1288 1266 1320 Car.
1288 1288 1374 1320 Scite
1399 1287 1546 1330 loqueris.
1589 1288 1646 1320 So.

173 1341 237 1372 Dic
246 1340 325 1383 jam,
341 1340 438 1372 Estne
453 1341 585 1373 scientia
600 1341 667 1373 haec
683 1340 818 1383 alicujus
834 1341 966 1373 scientia
981 1341 992 1372 ?
1015 1341 1172 1383 habetque
1189 1342 1251 1372 vim
1270 1342 1427 1384 quandam
1451 1341 1647 1383 hujusmodi,

173 1405 236 1437 qua
248 1394 380 1437 alicujus
395 1395 457 1426 sit?
502 1395 583 1427 ΟΜ.
606 1394 748 1428 Prorsus,
792 1395 848 1428 So.
873 1395 954 1427 Item
968 1395 1110 1437 majusne
1126 1396 1259 1428 dicimus
1275 1407 1345 1427 eam
1360 1396 1421 1427 vim
1438 1397 1565 1432 habere,
1581 1406 1644 1438 qua

173 1449 278 1491 aliquo
295 1449 395 1492 majus
405 1450 469 1480 sit?
515 1449 594 1482 Car.
617 1449 725 1481 Habet
739 1449 894 1481 nimirum.
938 1449 995 1482 So.
1020 1449 1138 1481 Nonne
1155 1450 1267 1481 minori
1282 1450 1388 1492 aliquo
1403 1449 1518 1491 majus,
1531 1450 1558 1481 si
1579 1459 1645 1481 ma·

172 1503 226 1546 jus
240 1504 299 1535 erit
315 1505 326 1535 ?
372 1505 452 1537 Ciu.
476 1503 696 1535 Necessarium
711 1494 768 1536 est.
814 1504 871 1538 So.
896 1504 931 1536 Si
947 1503 1047 1546 majus
1062 1505 1226 1546 quippiam
1244 1505 1462 1547 reperiremus,
1478 1504 1563 1546 quod
1581 1514 1645 1536 ma-

170 1557 292 1599 joribus
307 1558 376 1590 aliis
390 1564 466 1590 etse
481 1559 551 1600 ipso
567 1557 667 1600 majus
682 1559 853 1596 exsisteret,
870 1569 974 1600 neque
990 1564 1094 1590 tamen
1111 1558 1212 1600 majus
1227 1564 1310 1590 esset
1320 1558 1426 1601 aliquo
1441 1569 1560 1596 eorum,
1575 1557 1646 1600 qui·
1664 1569 1667 1574 ¹

175 1613 233 1644 bus
248 1617 351 1645 cetera
365 1618 440 1644 sunt
450 1613 579 1655 majora,
594 1613 722 1644 omnino
746 1613 806 1644 sibi
827 1614 888 1644 hoc
903 1613 1096 1650 conveniret,
1120 1618 1157 1645 ut
1172 1613 1254 1644 sicut
1268 1612 1369 1655 majus
1386 1618 1433 1644 est
1448 1623 1480 1644 se
1495 1611 1579 1654 ipso,
1602 1612 1646 1644 ita

174 1666 216 1698 sit
230 1671 264 1698 ct
277 1667 403 1698 minus?
448 1667 528 1699 Cur.
551 1666 770 1699 Necessarium
785 1671 845 1708 est,
862 1677 880 1697 o
897 1667 1051 1698 Socrates.
1096 1667 1152 1699 So.
1177 1666 1264 1704 Quin
1284 1666 1379 1698 etiam
1402 1666 1428 1697 si
1451 1666 1582 1707 duplum
1605 1665 1647 1696 sit

175 1720 294 1763 aliquid
310 1721 349 1752 ad
373 1721 434 1752 alia
449 1721 559 1763 dupla,
584 1726 617 1752 et
631 1721 670 1752 ad
688 1731 720 1752 se
736 1721 852 1762 ipsum,
868 1726 951 1752 certe
967 1721 1008 1752 ad
1025 1731 1057 1752 se
1079 1721 1183 1762 ipsum
1199 1721 1364 1752 dimidium
1380 1721 1439 1752 erit
1453 1719 1599 1761 duplum,
1613 1723 1647 1751 et

176 1776 216 1807 ad
232 1774 295 1806 alia
308 1775 440 1806 dimidia
455 1775 599 1817 duplum.
623 1786 736 1817 nempe
752 1775 906 1817 quidquid
923 1775 1055 1817 duplum
1071 1779 1130 1816 est,
1145 1786 1209 1806 non
1225 1775 1352 1806 alterius
1368 1780 1427 1813 est,
1443 1785 1537 1817 quam
1552 1774 1646 1806 dimi-

174 1829 234 1867 dii,
257 1829 401 1871 duplum.
446 1829 525 1861 Car.
548 1830 665 1861 Verum
691 1835 749 1862 est.
795 1830 851 1862 So.
875 1830 1031 1862 Praeterea
1054 1830 1141 1871 quod
1167 1840 1200 1861 se
1227 1830 1296 1871 ipso
1319 1829 1390 1871 plus
1406 1834 1466 1870 est,
1492 1839 1597 1860 nonne
1613 1833 1646 1860 et

176 1884 328 1926 paucius?
351 1889 382 1915 et
395 1885 479 1926 quod
493 1884 628 1926 graviuS,
655 1884 730 1916 item
746 1884 868 1916 levius?
891 1885 1017 1926 quodve
1032 1884 1150 1921 senius,
1165 1883 1260 1916 etiam
1272 1883 1383 1926 junius
1399 1883 1411 1914 ?
1435 1888 1468 1914 et
1482 1882 1516 1913 in
1532 1883 1643 1914 ceteris

175 1928 322 1970 omuibu's
336 1938 448 1969 eodem
465 1938 570 1975 modo,
586 1938 742 1980 quidquid
759 1938 807 1970 sui
823 1938 922 1980 ipsius
936 1937 1111 1980 potentiam
1135 1939 1176 1970 ad
1192 1949 1225 1969 se
1240 1938 1343 1980 ipsum
1363 1938 1471 1975 habet,
1493 1947 1600 1968 nonne
1612 1940 1646 1967 et

173 1991 258 2023 illam
274 1992 402 2024 habebit
415 1992 594 2031 essentiam,
621 1994 661 2024 ad
689 2003 783 2035 quam
810 1998 857 2024 est
884 1992 952 2033 ejus
979 1993 1145 2034 potentia?
1191 1992 1277 2026 Dico
1303 1998 1408 2024 autem
1435 1991 1498 2024 tale
1513 1991 1644 2033 aliquid.

173 2046 331 2078 Auditum
356 2047 473 2079 nullius
495 2048 620 2079 alterius
644 2048 779 2080 dicimus
805 2059 886 2090 esse,
915 2058 1009 2089 quain
1034 2048 1132 2085 vocis,
1159 2047 1328 2079 auditum?
1374 2047 1456 2079 Car.
1480 2046 1645 2082 Profecto.

174 2101 231 2134 So.
253 2101 306 2133 An
323 2113 398 2140 non,
422 2103 448 2134 si
472 2113 504 2134 se
526 2103 630 2145 ipsum
653 2103 772 2140 audiet,
788 2114 897 2135 vocem
919 2114 951 2134 se
967 2103 1134 2135 habentem
1151 2102 1280 2134 audiet?
1326 2101 1440 2143 Neque
1455 2101 1539 2133 enim
1556 2100 1646 2132 aliter

174 2162 280 2198 posset
294 2157 411 2191 audire.
456 2157 538 2189 ΟΜ.
562 2157 747 2189 Necessario
764 2158 915 2200 sequitur.
961 2157 1017 2189 So.
1038 2157 1133 2188 Visus
1149 2167 1288 2199 quoque,
1313 2167 1332 2188 o
1348 2156 1393 2186 vir
1414 2155 1545 2198 optime,
1568 2155 1595 2186 si
1611 2165 1645 2186 se

171 2210 273 2252 ipsum
289 2210 419 2249 videbit,
434 2222 561 2244 necesse
575 2212 645 2249 erit,
668 2223 738 2244 eum
769 2211 906 2254 aliquem
922 2211 1060 2243 colorem
1076 2211 1200 2242 habere.
1222 2221 1295 2242 nam
1310 2211 1426 2252 absque
1442 2209 1546 2241 colore
1560 2207 1644 2240 visus

173 2275 299 2296 cernere
313 2265 392 2297 nihil
408 2271 524 2307 potest.
567 2266 647 2298 ΟΜ.
670 2266 758 2298 Nihil
770 2277 857 2298 sane.
901 2266 957 2297 So.
983 2265 1095 2302 Vides,
1119 2276 1138 2296 o
1155 2264 1265 2302 Critia,
1288 2275 1338 2302 ea,
1353 2274 1424 2306 quae
1439 2262 1644 2300 narravimus,

173 2320 284 2361 partim
309 2320 514 2362 impossibilia
530 2331 620 2362 esse,
646 2321 757 2362 partim
772 2308 991 2357 'incredibilia,
1017 2330 1087 2361 qnae
1102 2319 1165 2350 vim
1188 2329 1273 2350 suam
1294 2319 1433 2350 habeant
1452 2318 1491 2349 ad
1517 2328 1549 2348 se
1564 2317 1645 2359 ipsa.

174 2374 260 2415 quod
275 2374 359 2406 enim
375 2375 559 2416 magnitudo
572 2380 604 2407 et
619 2375 800 2413 multitudo,
825 2385 863 2406 ac
889 2381 992 2406 cetera
1006 2373 1101 2415 hujus
1118 2373 1252 2415 generiS,
1267 2372 1330 2404 vim
1348 2383 1435 2404 suam
1450 2372 1587 2403 habeant
1601 2372 1643 2403 ad

173 2428 303 2470 seipsa,
318 2430 443 2471 penitus
458 2429 661 2471 impossibile.
686 2430 816 2461 nonne?
862 2429 942 2462 Car.
964 2428 1016 2459 Sic
1032 2432 1080 2458 est
1095 2427 1236 2459 omnino.
1282 2428 1338 2460 80.
1361 2427 1457 2465 Quod
1469 2437 1543 2458 vero
1559 2426 1643 2457 visus

172 2486 206 2513 et
219 2483 344 2514 auditus
359 2494 392 2515 se
404 2484 489 2525 ipsos
505 2485 691 2526 percipiant,
716 2490 818 2516 motus
833 2495 865 2516 se
880 2488 1019 2523 moveat,
1034 2487 1067 2514 et
1081 2493 1113 2514 se
1128 2482 1271 2514 caliditas
1283 2481 1459 2519 calefaciat,
1484 2486 1517 2513 et
1539 2487 1644 2513 cetera

175 2535 260 2572 talia,
271 2546 290 2567 a
304 2537 488 2578 quibusdam
504 2548 568 2569 non
584 2538 733 2580 creditur,
757 2538 854 2580 [169]
879 2537 1039 2569 nonnullis
1054 2537 1134 2568 forte
1150 2537 1341 2569 credendum
1359 2536 1494 2567 videtur.
1515 2535 1640 2576 Magno

175 2589 313 2631 quodam
330 2590 394 2621 viro
410 2602 490 2632 opus
505 2596 564 2629 est,
589 2602 608 2623 o
625 2592 736 2630 amice,
758 2592 814 2634 qui
838 2592 913 2623 satis
928 2601 982 2633 per
996 2591 1102 2622 omnia
1114 2590 1147 2622 id
1162 2591 1347 2632 distinguat,
1363 2595 1466 2621 utrum
1481 2589 1559 2620 nihil
1575 2600 1644 2620 om-

174 2643 250 2675 nino
265 2644 328 2675 vim
354 2655 441 2675 suam
457 2646 497 2676 ad
519 2656 553 2677 se
575 2646 677 2687 ipsum
698 2647 814 2678 habere
840 2647 955 2684 valeat,
978 2650 1090 2688 praeter
1119 2645 1294 2682 scientiam,
1325 2644 1378 2676 sed
1403 2643 1444 2676 ad
1468 2643 1577 2674 aliud:
1601 2652 1643 2674 an

175 2704 295 2740 queant
308 2698 381 2738 alia,
397 2698 458 2730 alia
473 2705 653 2740 nequeant:
677 2705 710 2732 et
725 2700 750 2731 si
765 2701 870 2742 aliqua
885 2700 959 2738 sint,
981 2710 1052 2741 quae
1075 2699 1115 2731 ad
1137 2710 1170 2731 se
1191 2699 1261 2741 ipsa
1275 2699 1340 2730 vim
1365 2697 1515 2739 habeant,
1540 2701 1640 2728 utrum

176 2762 283 2783 eorum
298 2753 330 2784 in
346 2763 475 2784 numero
487 2753 555 2784 haec
571 2753 702 2785 scientia
715 2754 767 2792 sit,
789 2765 882 2796 quam
907 2754 1144 2796 temperantiam
1159 2753 1369 2786 nominamus.
1394 2751 1541 2794 equidem
1557 2750 1643 2782 suffi-

174 2816 246 2838 cere
260 2817 309 2838 me
320 2807 360 2838 ad
375 2808 443 2839 haec
458 2806 677 2845 discernenda,
699 2815 900 2851 nequaquam
924 2809 1062 2840 confido.
1107 2808 1266 2846 Quocirca
1287 2817 1391 2848 neque
1413 2815 1546 2837 asserere
1569 2814 1643 2845 pos-

177 2870 256 2899 sum,
272 2865 374 2892 utrum
389 2861 456 2892 fieri
478 2861 589 2903 possit,
617 2866 652 2892 ut
668 2863 815 2894 ,scientiae
831 2863 963 2895 scientia
979 2863 1031 2895 sit.
1053 2863 1138 2904 quod
1155 2862 1214 2893 etsi
1230 2862 1331 2898 detur,
1358 2870 1423 2892 non
1438 2859 1522 2901 prius
1538 2864 1641 2889 tamen

176 2914 334 2952 assentiar,
349 2925 418 2947 esse
432 2915 612 2957 hujusmodi
627 2916 876 2958 temperantiam,
892 2928 985 2959 quam
998 2917 1235 2958 investigavero,
1248 2921 1347 2946 utrum
1359 2914 1457 2956 prosit
1468 2912 1640 2954 quidquam

177 2968 267 3007 nobis
291 2969 496 3012 temperantia
522 2969 590 3002 talis
613 2970 774 3009 exsistens,
797 2970 848 3013 ycl
874 2971 920 3004 nil
948 2972 1054 3014 prosit.
1098 2969 1349 3012 'l'cmpcrantiam
1370 2967 1452 2999 enim
1477 2964 1641 3000 conferens
