1846 3268
179 292 181 299 ·
200 275 295 327 158}
764 267 1104 310 CHARMIDES.
1612 276 1662 312 85

196 386 316 424 partem
329 380 462 422 aliquam
478 378 558 410 bene
573 377 687 408 valere.
733 375 850 407 Omnia
864 385 999 417 namque
1016 374 1064 406 vel
1081 375 1175 412 bona,
1198 374 1248 406 vel
1266 374 1360 416 mala,
1374 376 1413 406 ab
1428 376 1531 407 anima
1546 376 1579 407 in
1595 388 1661 409 cor-

198 447 268 478 pus,
284 439 316 467 et
329 433 485 465 hominem
501 436 602 463 totum
625 434 754 462 manant
768 442 776 461 :
800 430 938 472 indeque
961 428 1104 461 similiter
1129 434 1165 460 ut
1179 439 1216 460 ex
1232 429 1337 470 capite
1352 429 1384 460 in
1401 430 1508 461 oculos
1523 431 1663 464 effluunt.

196 490 290 521 Illam
305 489 399 531 igitur
413 486 560 530 primurn,
585 485 682 527 [15⁷]
706 489 740 516 et
755 483 886 515 maxime
909 485 1008 515 curari
1030 483 1136 525 jubet,
1158 483 1185 514 si
1210 483 1305 514 modo
1330 488 1426 525 caput
1440 489 1472 515 et
1486 484 1664 516 universum

196 553 309 585 corpus
323 544 404 574 bene
417 541 519 572 valere
533 540 640 571 debet.
685 538 811 569 Animae
826 547 898 569 vero
916 537 1052 569 medelas
1067 547 1135 568 esse
1151 537 1246 568 docet
1259 537 1488 568 incantationes
1500 538 1663 579 quasdam.

197 597 259 628 Eas
285 596 438 639 praeclaris
463 594 637 626 rationibus
652 592 818 630 contineri,
842 591 955 634 quibus
972 591 1083 623 animae
1107 592 1316 633 temperantia
1338 591 1512 623 tribuatur:
1537 603 1599 634 qua
1613 594 1664 624 in-

197 655 279 683 serta
293 655 390 693 atque
407 654 571 691 praesente,
595 647 688 679 facile
703 658 771 679 esse
788 647 952 678 sanitatem
968 645 1065 687 capiti
1081 646 1203 687 totique
1218 646 1340 688 corpori
1355 646 1486 678 tradere.
1532 646 1591 678 Ille
1605 648 1666 688 igi-

197 709 257 742 tur,
271 714 343 736 cum
370 704 524 735 medelam
539 701 833 742 incantationesque
849 701 987 737 doceret,
999 699 1106 741 jussit,
1125 704 1161 730 ut
1182 699 1277 730 nullis
1293 700 1436 741 precibus
1452 705 1554 732 motus
1570 701 1665 733 alicui

196 763 304 790 contra
329 757 442 799 eapitis
466 757 607 788 dolorem
636 755 805 786 remedium
833 754 1024 790 adhiberem,
1048 753 1109 784 nisi
1134 753 1221 795 prius
1248 754 1383 784 animam
1398 748 1665 786 incantationibus

194 811 272 854 ipsis
291 812 485 854 purgandam
510 809 707 842 commiserit.
751 808 847 839 Hunc
873 818 947 839 sane
977 811 1149 841 nostrorum
1180 812 1354 848 temporum
1383 819 1513 840 errorem
1539 809 1666 841 dicebat

195 875 276 907 esse,
297 866 382 907 quod
407 863 562 907 plerique,
585 864 702 904 absque
726 862 941 904 temperantiae
955 860 1161 903 sanitatisque
1177 861 1294 898 studio,
1321 861 1436 893 medici
1450 872 1517 893 esse
1532 869 1664 894 conten-

196 919 288 951 dunt.
334 919 391 951 Me
406 919 514 961 itaque
529 918 636 949 mirum
655 917 687 948 in
707 917 834 948 modum
861 915 1060 958 praemonuit,
1089 916 1325 957 mandavitque,
1346 926 1501 957 caverem,
1528 927 1570 948 ne
1595 918 1666 959 quis
1704 924 1706 926 ·

197 984 334 1017 uuquam
350 973 449 1010 dives,
475 983 530 1005 seu
544 972 672 1013 nobilis,
701 972 767 1003 sive
792 971 933 1013 pulcher,
956 970 1046 1010 mihi,
1067 975 1103 1001 ut
1117 970 1207 1001 aliter
1220 970 1346 1007 faciam,
1372 971 1570 1012 persuadeat.
1613 971 1667 1002 Illi

197 1029 258 1060 hoc
273 1039 332 1070 ego
344 1027 550 1070 jurejurando
565 1025 752 1068 interposito
767 1025 960 1063 confirmavi,
973 1025 1163 1067 promisique
1178 1035 1242 1055 non
1258 1024 1347 1056 aliter
1362 1035 1410 1055 me
1422 1035 1489 1056 esse
1500 1024 1666 1056 facturum.

198 1082 399 1124 quamobrem
413 1092 543 1114 necesse
558 1085 606 1112 est
621 1090 765 1123 paream:
789 1079 849 1111 tibi
875 1089 1002 1121 quoque
1018 1079 1182 1120 obsequar.
1227 1078 1309 1110 Nam
1331 1079 1357 1110 si
1371 1079 1469 1115 voles,
1493 1080 1665 1111 secundum

197 1135 332 1178 hospitis
353 1139 524 1178 praecepta,
550 1135 686 1167 animam
712 1139 797 1165 tuam
813 1133 898 1176 prius
911 1133 1180 1165 incantationibus
1193 1133 1337 1164 omnibus
1352 1132 1481 1164 Thracis
1496 1133 1578 1164 illius
1593 1134 1666 1165 sub-

194 1189 306 1232 jicere,
320 1190 509 1221 medicinam
535 1188 632 1231 capiti
658 1189 853 1220 admovebo:
880 1188 928 1219 sin
943 1187 1059 1224 minus,
1073 1197 1138 1218 non
1153 1191 1277 1229 potem,
1302 1197 1322 1218 o
1348 1187 1448 1219 amice
1470 1187 1666 1224 Charmides,

198 1243 256 1274 tibi
270 1244 432 1286 prodesse.
477 1243 559 1275 Cum
574 1243 669 1283 igitur
693 1243 761 1274 haec
785 1242 926 1273 audisset
950 1241 1077 1278 Critias,
1105 1240 1220 1283 inquit,
1245 1240 1347 1272 Lucro
1373 1240 1431 1272 erit
1446 1241 1582 1283 gravedo
1598 1241 1665 1273 haec

198 1297 311 1339 capitis
323 1297 529 1335 adolescenti,
545 1297 570 1328 si
583 1296 676 1338 hujus
691 1306 785 1328 causa
801 1295 968 1327 sanitatem
990 1295 1102 1327 mentis
1124 1286 1306 1328 lucrabitur.
1351 1295 1465 1327 Assero
1478 1300 1581 1327 autem
1599 1296 1667 1334 tibi,

199 1350 399 1382 Charmidem
410 1351 494 1383 hunc
509 1349 682 1392 aequalibus
698 1349 844 1382 omnibus
859 1360 923 1381 non
939 1349 1044 1391 specie
1058 1353 1180 1380 tantum
1196 1349 1386 1390 praecellere,
1396 1360 1500 1381 verum
1517 1349 1611 1380 etiam
1628 1360 1667 1381 eo

198 1404 268 1446 ipso
283 1409 428 1446 praestare
444 1405 567 1445 ceteris,
591 1404 683 1446 cnjus
704 1404 773 1447 ipse
800 1403 1047 1436 incantationem
1074 1404 1189 1435 habere
1214 1404 1352 1435 dicebas.
1397 1403 1451 1434 An
1467 1414 1530 1435 non
1546 1409 1667 1446 tempe-

197 1459 306 1490 rantiae
332 1469 426 1501 supra
447 1458 575 1490 dixisti?
620 1458 727 1501 Hujus
752 1459 862 1500 ipsius,
888 1458 1029 1500 inquam.
1075 1457 1161 1489 Scito
1187 1457 1293 1499 igitur,
1318 1457 1456 1488 omnium
1483 1469 1546 1489 suae
1567 1459 1668 1490 aetatis

199 1513 434 1545 adolescentum
460 1513 544 1545 hunc
560 1514 656 1545 videri
685 1513 989 1555 temperatissimum,
1010 1512 1090 1543 etin
1105 1512 1216 1544 ceteris
1237 1512 1392 1550 omnibus,
1419 1523 1477 1554 pro
1501 1513 1602 1544 oetatis
1617 1513 1666 1544 in—

198 1572 369 1605 cremento,
381 1567 471 1600 nullo
488 1568 664 1600 inferiorem
680 1578 758 1600 esse.
804 1567 1059 1600 Consentaneum
1073 1572 1133 1608 est,
1147 1577 1167 1598 o
1182 1566 1377 1603 Charmides,
1391 1567 1532 1609 iuquam,
1557 1567 1592 1598 in
1606 1567 1668 1609 his,

200 1632 272 1664 quae
287 1622 367 1653 dixit
382 1622 508 1659 Critias,
534 1627 565 1654 te
579 1627 700 1654 ceteros
714 1621 915 1655 antecellere.
938 1631 1041 1664 neque
1067 1621 1150 1653 enim
1174 1620 1286 1652 referre
1310 1621 1474 1663 quisquam
1490 1626 1607 1663 posset,
1631 1626 1668 1652 ut

198 1676 338 1719 arbitror,
353 1677 484 1707 duarum
501 1677 585 1718 apud
607 1676 820 1707 Athenienses
834 1675 1017 1707 familiarum
1033 1675 1229 1717 conjugium,
1251 1686 1315 1718 quo
1331 1675 1526 1707 verisimilius
1540 1675 1581 1707 sit
1595 1675 1666 1716 pul-

198 1731 306 1763 chram
327 1731 554 1771 honestamque
576 1731 697 1772 prolem
719 1730 819 1768 nasci,
842 1740 936 1772 quam
952 1729 1103 1772 majorum
1119 1735 1240 1761 tuorum
1257 1729 1419 1772 conjugio.
1463 1729 1546 1761 Nam
1562 1734 1666 1772 pater-

198 1794 274 1816 num
289 1795 388 1827 genus
401 1784 496 1826 hujus
514 1785 619 1817 Critiae
636 1784 774 1827 Dropidi
789 1785 829 1816 ab
843 1784 1045 1816 Anacreonte
1061 1784 1240 1826 Soloneque
1263 1783 1394 1826 aliisque
1410 1783 1514 1826 poe’tis
1530 1783 1665 1826 permul-

198 1838 239 1869 tis
253 1842 302 1870 est
315 1838 517 1876 illustratum,
542 1839 668 1877 decore,
691 1838 807 1870 virtute
822 1843 854 1870 et
869 1838 931 1870 alia
955 1838 1052 1880 [158]
1077 1838 1228 1870 felicitate
1245 1838 1438 1880 praecellens.
1462 1839 1572 1870 eadem
1587 1848 1664 1880 quo·

198 1902 262 1934 que
277 1896 326 1923 est
339 1893 468 1924 materni
484 1893 605 1934 generis
619 1892 729 1935 gloria.
751 1904 844 1924 nemo
860 1893 944 1924 enim
965 1893 1145 1935 Pyrilampo
1169 1893 1324 1925 avunculo
1350 1898 1404 1924 tuo
1427 1898 1482 1924 aut
1496 1893 1665 1934 pulchrior,

197 1951 254 1978 aut
269 1946 367 1989 major
381 1947 414 1978 in
431 1947 516 1978 omni
531 1947 708 1979 continenti
725 1947 808 1979 visus
823 1954 871 1979 est
885 1958 1036 1990 unquam,
1057 1948 1180 1989 quoties
1196 1948 1248 1979 ille
1269 1948 1318 1979 vel
1334 1948 1375 1979 ad
1389 1958 1493 1989 regem
1507 1958 1667 1989 magnum,

197 2000 247 2032 vel
269 2001 311 2032 ad
327 2000 422 2032 alium
443 2001 476 2032 in
498 2001 678 2033 continenti
706 2002 926 2037 habitantium.
948 1997 1068 2043 legatu‘s
1083 2002 1258 2034 accederet.
1280 2011 1316 2034 ac
1332 2002 1510 2033 summatim
1525 2001 1667 2032 universa

196 2054 266 2086 haec
280 2055 393 2086 domus
408 2055 496 2087 nulla
509 2055 543 2087 in
559 2066 590 2087 re
605 2061 654 2087 est
667 2056 797 2088 inferior
812 2057 919 2088 altera.
965 2056 1070 2094 Quare
1086 2057 1247 2098 probabile
1261 2062 1321 2098 est,
1347 2061 1379 2088 te
1401 2057 1456 2088 tali
1471 2057 1565 2098 stirpe
1580 2066 1665 2087 crea-

198 2113 265 2139 tum
290 2109 405 2151 primas
431 2114 534 2151 partes
558 2110 591 2141 in
607 2109 752 2141 omnibus
767 2111 919 2142 obtinere.
964 2110 1126 2148 Quantum
1147 2111 1240 2153 igitur
1263 2112 1304 2143 ad
1329 2121 1398 2142 earn
1420 2111 1570 2152 speciem,
1593 2121 1664 2152 quae

197 2163 334 2195 cernitur
348 2163 459 2201 oculis,
483 2165 607 2201 attinet,
633 2175 651 2196 o
667 2165 770 2197 dulcis
785 2165 959 2196 Glauconis
983 2165 1039 2203 fili,
1064 2166 1180 2197 videris
1202 2165 1279 2196 mihi
1304 2161 1404 2196 nihilo
1420 2176 1439 2197 a
1454 2165 1665 2206 superioribus

197 2217 259 2248 tuis
279 2218 495 2259 degenerasse.
517 2219 632 2261 quodsi
656 2223 690 2250 et
705 2220 745 2250 ad
760 2220 1010 2262 temperantiam,
1037 2225 1070 2251 et
1094 2220 1134 2251 ad
1159 2220 1234 2257 alia,
1260 2226 1296 2251 ut
1320 2219 1433 2252 Critias
1455 2219 1507 2251 hic
1522 2223 1663 2256 testatur,

197 2275 309 2302 natura
322 2282 355 2303 es
370 2272 543 2313 institutus,
558 2273 684 2304 beatum
699 2278 742 2315 te,
758 2285 777 2305 o
792 2275 886 2307 chare
898 2274 1095 2312 Charmides,
1111 2279 1207 2305 mater
1222 2273 1357 2316 peperit.
1402 2274 1486 2315 Ergo
1508 2272 1552 2304 sic
1568 2283 1600 2304 se
1615 2283 1663 2304 res

196 2325 302 2358 habet.
346 2319 475 2358 Siiinest
489 2327 557 2368 tibi,
571 2332 608 2358 ut
622 2328 667 2358 ait
682 2327 808 2366 Critias,
823 2329 1040 2370 temperantia,
1057 2333 1089 2359 et
1104 2328 1292 2359 sufficienter
1306 2338 1340 2359 es
1355 2333 1543 2369 temperans,
1556 2337 1661 2369 neque

196 2379 395 2422 Zamolxidis,
410 2392 514 2423 neque
528 2381 675 2413 Abaridis
691 2381 891 2424 Hyperborei
905 2383 1172 2414 incantationibus
1187 2383 1310 2424 indiges
1325 2394 1332 2414 ι
1357 2383 1412 2413 sed
1435 2382 1502 2424 jarn
1518 2381 1576 2413 tihi
1597 2392 1663 2413 rue-

197 2434 271 2465 dela
284 2440 333 2466 est
346 2436 458 2477 capitis
473 2436 683 2467 admovenda.
706 2437 875 2468 sinautem
890 2438 980 2467 deest
995 2437 1205 2478 temperantia
1226 2437 1296 2475 tibi,
1321 2436 1493 2468 incantatio
1508 2438 1662 2469 medelam

198 2489 383 2520 antecedere
399 2489 507 2522 debet.
553 2489 729 2531 Responde
743 2491 851 2532 itaque
867 2491 935 2532 ipse
950 2489 1040 2532 mihi,
1055 2496 1157 2522 utrum
1173 2491 1351 2523 assentiaris
1367 2491 1487 2533 Critias,
1502 2498 1534 2522 et
1548 2502 1663 2523 asseras

199 2542 414 2582 temperantias
436 2548 468 2574 te
491 2543 565 2575 satis
591 2544 717 2582 habere,
743 2555 784 2575 an
809 2545 917 2576 deesse
944 2545 1064 2587 aliquid
1089 2556 1307 2588 recognoscas.
1352 2546 1441 2578 Tunc
1467 2557 1540 2588 ergo
1566 2546 1665 2588 ipsius

199 2594 374 2626 Charmidis
394 2607 482 2637 genae
504 2598 616 2628 rubore
634 2598 773 2636 suffusae,
800 2599 964 2641 gratiorem
990 2600 1126 2641 speciem
1151 2601 1366 2631 ostenderunt.
1388 2611 1461 2631 narn
1477 2601 1579 2642 pudor
1593 2610 1662 2631 eam

199 2653 322 2680 aetatem
349 2650 454 2682 decet.
485 2650 602 2683 deinde
627 2648 797 2684 admodum
818 2664 967 2695 generose
993 2653 1175 2694 respondit:
1210 2654 1465 2696 Haudquaquam
1490 2653 1582 2685 facile
1604 2658 1664 2690 est,

200 2712 271 2744 quae
286 2703 318 2734 in
335 2704 499 2746 praesentia
513 2706 646 2746 quaesita
661 2712 745 2747 sunt,
762 2707 811 2739 vel
826 2708 1001 2745 admittere,
1026 2708 1076 2739 vel
1091 2719 1230 2740 renuere.
1275 2708 1308 2739 Si
1323 2709 1406 2740 enim
1422 2719 1472 2740 me
1487 2713 1663 2750 temperan-

200 2759 262 2787 tem
288 2768 355 2788 esse
384 2768 550 2799 negavero,
580 2759 677 2800 primo
704 2761 832 2802 quidem
856 2766 947 2803 turpe
973 2761 1141 2803 videbitur,
1166 2763 1252 2804 quod
1286 2763 1354 2804 ipse
1383 2763 1460 2794 mihi
1489 2763 1635 2804 derogem
1653 2773 1661 2792 :

197 2809 314 2841 deinde
339 2810 447 2843 Critiae
470 2811 574 2853 hujus,
599 2813 791 2856 aliorumque
815 2816 993 2853 multorum,
1018 2816 1132 2857 quibus
1156 2825 1332 2859 temperans
1357 2828 1425 2848 esse
1451 2817 1570 2854 videor,
1594 2820 1662 2846 tan-

199 2874 292 2906 quam
307 2864 416 2896 falsam
431 2867 618 2898 sententiam
634 2868 803 2910 abrogabo.
828 2870 876 2901 sin
899 2875 1004 2902 autem
1027 2870 1228 2910 affirmavero,
1244 2872 1353 2903 odiosa
1369 2871 1524 2903 videbitur
1539 2872 1605 2901 haec
1620 2871 1660 2902 de

198 2928 249 2950 me
271 2919 341 2960 ipso
362 2919 527 2961 jactantia.
548 2927 740 2964 quapropter
763 2934 911 2965 quorsum
934 2935 982 2956 me
999 2931 1128 2965 vertam,
1143 2927 1261 2958 nescio.
1305 2927 1409 2958 Probe
1431 2925 1519 2967 loqui
1534 2924 1662 2962 videris,

198 2971 392 3016 Charmides,
408 2975 547 3018 inquam.
569 2976 677 3020 itaque
702 2979 909 3011 communiter
934 2980 1184 3023 investigandum
1206 2987 1299 3023 puto,
1317 2986 1420 3014 utrum
1442 2980 1528 3022 quod
1552 2988 1659 3022 quaet’o
