1846 3268
209 256 289 298 ·248
822 255 1091 298 PLATONIS
1588 265 1682 316 [171

209 358 372 395 notantem
390 371 457 394 csse
479 365 616 394 censeat.
660 359 772 392 Tnsso.
796 359 989 393 Incredibile
1015 362 1090 403 hoc,
1106 372 1125 393 o
1153 362 1309 396 Socrates.
1355 364 1412 397 So,
1435 362 1537 408 Atqui
1553 366 1584 398 in
1600 368 1688 401 hanc-

208 417 425 449 necessitatem
463 427 562 448 sermo
591 414 645 447 ille
670 413 840 452 delabitur,
869 415 926 457 qui
956 427 1131 448 mensuram
1163 416 1301 450 omnium
1332 419 1491 451 hominem
1520 421 1686 463 pradicat.

208 471 318 503 Tru-20.
339 471 415 509 Quo
436 471 554 513 pacto?
600 469 657 502 So.
682 469 822 507 Quando
838 474 871 500 tu
888 470 1008 513 aliquid
1025 476 1129 503 tecum
1146 471 1214 514 ipse
1223 471 1365 514 judicas,
1390 474 1506 507 deinde
1523 475 1600 508 mihi
1615 477 1687 519 opi-·

206 526 334 558 nionem
361 531 446 557 tuam
469 525 622 561 declaras,
639 523 694 555 tibi
720 524 851 566 quidem
875 525 1049 557 secundum
1074 525 1158 558 illius
1182 537 1355 559 sermonem
1378 539 1484 560 verum
1510 535 1602 562 eston
1627 539 1686 563 nos

206 586 311 612 autem
331 590 437 611 nonne
449 579 565 621 judicii
580 579 626 610 tui
636 578 764 621 judices
779 578 846 611 fieri
863 590 1028 622 possumus
1042 581 1052 611 ?
1076 591 1117 612 an
1133 581 1254 624 opinari
1268 594 1341 615 vera
1356 593 1478 627 semper
1503 589 1536 617 te
1557 584 1686 626 judica-

206 635 300 667 mus?
322 635 399 677 quin
422 634 528 676 potius
549 633 703 665 innumeri
726 634 869 665 homines
893 640 997 667 tecum
1020 636 1163 678 quotidie
1184 643 1340 680 pugnant,
1355 644 1466 670 contra
1488 649 1525 671 ac
1550 644 1584 671 tn
1613 640 1686 682 opi-

206 694 330 727 nantes,
345 693 557 732 putantesque
569 694 600 720 te
615 687 693 719 falso
703 687 848 730 judicare
863 694 958 732 atque
971 690 1105 732 opinari.
1147 690 1258 724 Tmzo.
1282 691 1343 724 Per
1354 692 1480 731 Jovem,
1491 704 1511 726 0
1522 693 1682 733 Socrates,

206 754 302 786 quam
329 743 454 786 plurimi
479 747 564 781 sunt,
581 747 615 774 ut
641 743 744 786 inquit
764 743 934 782 Homerus,
949 745 1004 787 qui
1029 744 1104 776 mihi
1127 756 1167 777 ex
1191 746 1368 778 hominibus
1383 749 1513 790 negotia
1529 749 1683 790 praebent.

207 799 266 832 So.
290 798 378 837 Quid
394 799 486 840 ergo?
512 797 557 829 vis
573 798 728 840 dicamus,
743 804 820 831 tunc
836 804 868 830 te
884 799 1015 841 tibiipsi
1031 811 1104 832 vera
1127 800 1261 843 opinari,
1276 801 1438 843 permultis
1461 807 1565 834 autem
1581 802 1684 835 falsa?

206 853 318 885 Timo.
339 852 386 884 Ex
403 853 464 895 his,
477 863 548 895 quae
558 853 739 894 dictasunt,
753 854 928 886 necessario
941 855 1029 896 sequi
1042 854 1179 886 videtur.
1222 855 1278 887 So.
1301 856 1388 893 Quid
1403 857 1466 899 ipsi
1479 857 1658 900 Protagorae
1673 858 1686 889 ?

205 916 245 938 an
262 917 327 939 non
341 907 575 939 necessarium?
621 907 655 938 Si
677 907 760 939 enim
785 918 844 940 nec
866 908 935 950 ipse
959 913 1101 950 putasset
1115 910 1274 941 hominem
1289 920 1359 942 esse
1375 920 1560 949 mensuram,
1577 922 1680 954 neque

204 962 298 994 ctiam
326 963 428 1000 multi,
448 962 712 1004 quemadmodum
740 972 844 1004 neque
867 968 993 1005 putant,
1018 963 1099 995 nulli
1122 965 1204 996 hanc
1229 969 1388 1007 oporteret
1411 975 1480 997 esse
1505 966 1684 1008 veritatem,

204 1027 298 1059 quam
324 1016 393 1059 ipsc
417 1016 551 1058 scripsit.
575 1015 623 1047 sin
647 1021 751 1048 autem
766 1016 838 1058 ipse
863 1016 960 1060 [1⁷1]
984 1017 1114 1059 quidem
1135 1019 1272 1056 censuit,
1295 1019 1463 1051 multitudo
1488 1024 1593 1052 autem
1615 1029 1682 1052 non

203 1072 374 1109 consentit,
389 1070 479 1108 scito,
496 1070 529 1102 in
553 1070 662 1113 primis
684 1081 748 1112 quo
775 1071 880 1113 plures
903 1076 976 1102 sunt
999 1071 1043 1109 hi,
1071 1072 1185 1113 quibus
1207 1083 1272 1104 non
1286 1073 1422 1112 videtur,
1447 1084 1542 1116 quarn
1568 1073 1683 1117 quibus

205 1125 339 1163 videtur,
354 1135 393 1157 eo
409 1125 510 1167 magis
530 1135 594 1157 non
619 1134 686 1156 csse
703 1134 796 1167 quam
813 1135 893 1157 esse.
937 1125 1050 1158 Taso.
1074 1126 1214 1158 Necesse
1230 1132 1298 1159 est:
1324 1128 1350 1159 si
1364 1127 1493 1170 quidem
1506 1129 1683 1160 secundum

205 1180 372 1222 opiniones
397 1179 536 1221 singulas
562 1184 595 1209 et
614 1179 673 1210 erit
691 1183 726 1209 et
748 1189 813 1210 non
835 1179 905 1211 erit.
949 1180 1007 1211 So.
1030 1179 1159 1212 Deinde
1186 1181 1247 1213 hoc
1271 1182 1368 1214 habet
1382 1182 1577 1223 praeclarum.
1621 1178 1683 1215 Ine

203 1234 324 1278 quippe
338 1233 422 1266 circa
436 1242 523 1264 suam
539 1232 735 1274 opinionem,
760 1233 1014 1265 dissentientium
1041 1235 1244 1273 sententiam,
1260 1246 1324 1277 qua
1349 1236 1440 1267 illum
1464 1236 1589 1269 mentiri
1614 1246 1684 1270 ere-

203 1290 297 1327 dunt,
311 1288 545 1331 quodammodo
560 1297 663 1319 veram
677 1297 746 1318 esse
761 1287 932 1328 consentit,
947 1288 1022 1319 dum
1038 1299 1111 1320 vera
1125 1289 1248 1332 opinari
1263 1294 1396 1322 cunctos
1411 1289 1539 1325 fatetur.
1569 1289 1683 1323 'I'naoa

201 1344 332 1387 Absque
348 1342 459 1375 dubio.
504 1342 560 1375 So.
584 1340 719 1373 Annon
734 1351 822 1373 suam
842 1352 912 1374 esse
934 1343 1044 1374 falsam
1068 1343 1220 1382 admittit,
1244 1344 1270 1375 si
1291 1343 1449 1386 judicium
1474 1345 1610 1384 illorum,
1625 1345 1682 1388 qui

202 1401 282 1432 falso
307 1399 397 1431 iilum
423 1397 546 1440 opinari
561 1397 685 1438 volunt,
710 1407 816 1428 verum
840 1407 908 1429 esse
933 1398 1073 1429 fatetur?
1117 1398 1230 1430 Timo.
1253 1397 1486 1432 Necessarium.
1530 1399 1588 1432 So.
1611 1398 1682 1432 Alii

201 1460 307 1487 autem
322 1453 382 1486 sibi
396 1452 474 1496 ipsis
489 1450 613 1484 mentiri
628 1459 827 1494 nequaquam
841 1452 1033 1484 concedunt.
1078 1453 1189 1486 Taso.
1213 1452 1289 1484 Non
1304 1458 1401 1486 certe.
1445 1454 1502 1487 So.
1526 1453 1590 1487 Hic
1605 1464 1679 1486 vero

200 1515 234 1543 et
257 1511 340 1542 hanc
355 1518 458 1540 veram
483 1517 551 1539 esse
574 1506 758 1548 opinionem
782 1517 820 1538 ex
842 1506 901 1544 his,
917 1518 988 1550 quae
1015 1508 1151 1551 scripsit,
1164 1508 1290 1541 fatetur.
1335 1509 1445 1541 Tnno.
1469 1509 1574 1544 Patet.
1619 1509 1679 1543 So.

199 1565 249 1596 Ex
259 1563 412 1596 universis
426 1562 523 1605 igitur
537 1571 556 1593 a
571 1562 744 1603 Protagora
758 1562 978 1594 emanantibus
992 1563 1178 1605 ambigetur,
1193 1562 1271 1605 quin
1295 1574 1334 1595 ex
1360 1563 1418 1595 illo
1441 1564 1588 1606 maxime·
1598 1572 1678 1597 con·

202 1619 343 1652 cedetur.
367 1617 496 1660 quando
512 1616 604 1649 alic'ui
621 1616 851 1648 contradicenti
867 1627 940 1649 vera
961 1617 1084 1659 opinari
1105 1618 1275 1659 concedet,
1290 1623 1366 1650 tunc
1381 1628 1456 1650 sane
1471 1619 1585 1660 etipse
1599 1618 1679 1651 Pro-

200 1679 324 1716 tagoras
347 1672 560 1710 confitebitur,
576 1682 680 1714 neque
703 1681 814 1703 canem
838 1682 945 1714 neque
971 1672 1114 1714 quemvis
1140 1673 1303 1704 hominum
1328 1683 1397 1705 esse
1425 1681 1599 1705 mensuram
1622 1679 1679 1705 aut

199 1729 340 1760 omnium
364 1734 420 1759 aut
441 1727 533 1758 unius
558 1726 666 1764 etiam,
682 1727 770 1769 quod
799 1726 925 1758 minime
953 1727 1077 1759 didicit.
1100 1738 1140 1759 an
1166 1737 1231 1759 non
1256 1727 1325 1759 ita?
1369 1727 1481 1760 Tuto.
1505 1727 1558 1759 Ita
1580 1733 1677 1761 certe.

199 1783 253 1817 So.
277 1783 359 1815 Cum
377 1793 452 1825 ergo
465 1782 506 1814 ab
532 1781 680 1813 omnibus
699 1781 873 1823 dubitetur,
889 1781 970 1813 nulli
997 1781 1178 1824 Protagorae
1193 1781 1307 1814 veritas
1323 1793 1396 1814 vera
1422 1781 1492 1822 erit,
1507 1792 1568 1815 nec
1593 1782 1676 1822 aliis,

197 1848 302 1881 neque
316 1837 412 1870 etiam
424 1837 484 1868 sibi
499 1836 571 1879 ipsi.
613 1835 663 1867 ΤΗ
670 1846 720 1868 Eo.
744 1835 856 1878 Longe
871 1836 1054 1874 admodum,
1070 1847 1089 1868 0
1104 1836 1260 1878 Socrates,
1272 1836 1405 1868 amicum
1419 1846 1525 1868 meum
1542 1837 1675 1869 concula-

197 1903 318 1926 camus.
362 1892 419 1924 SO.
442 1891 540 1923 Estne
563 1890 693 1933 insuper
718 1889 872 1932 ignotum,
889 1891 1002 1933 amice,
1021 1891 1092 1933 tibi,
1107 1895 1212 1923 utrum
1238 1895 1323 1923 recte
1342 1901 1415 1923 eum
1440 1891 1676 1924 conculcaveri—

200 1949 290 1980 mus?
337 1947 519 1979 Verisimile
531 1950 635 1977 autem
653 1951 712 1984 est,
727 1945 827 1983 illum,
844 1957 914 1977 cum
939 1946 1042 1978 senior
1066 1946 1170 1983 fuerit,
1189 1946 1406 1988 sapientiorem
1431 1955 1559 1988 quoque
1582 1945 1675 1978 nobis

197 2003 304 2035 fuisse.
328 2002 385 2044 qui
410 2001 437 2033 si
464 2006 595 2042 repente
619 2011 781 2043 resurgens
803 2011 861 2032 nos
884 2001 1068 2042 invaderet3
1093 2001 1125 2032 in
1142 2001 1247 2032 multis
1273 2006 1336 2032 tam
1360 2011 1410 2032 me
1425 2000 1621 2038 delirantem,
1638 2005 1674 2032 ut

198 2057 361 2101 probabile
375 2061 436 2094 est,
451 2066 544 2098 quam
563 2060 593 2086 te
609 2056 856 2087 consentientem
874 2055 1030 2088 refelleret
1044 2067 1052 2087 ε
1076 2055 1194 2086 deinde
1210 2055 1352 2097 protinus
1366 2059 1579 2087 evanesceret.
1603 2054 1672 2087 Ve-

197 2117 372 2145 rumtamen
390 2111 434 2142 uti
457 2110 549 2142 nobis
571 2110 650 2151 ipsis
675 2110 790 2142 talibus
814 2115 950 2152 oportet,
967 2110 1204 2152 qualescunque
1229 2120 1356 2141 sumus:
1382 2114 1414 2140 et
1427 2119 1498 2151 quae
1514 2109 1672 2147 videntur,

197 2177 320 2209 semper
341 2165 524 2208 exprimere.
570 2164 612 2195 Et
638 2175 723 2196 nunc
747 2165 876 2207 quidem
893 2165 1066 2207 quemlibet
1080 2175 1300 2197 concessurum
1317 2164 1460 2196 dicamus
1475 2164 1536 2196 hoc
1552 2162 1671 2206 ipsum,

195 2221 347 2253 videlicet
361 2220 479 2262 aliquid
497 2219 581 2251 aliud
599 2229 666 2250 esse
683 2225 858 2261 propterea,
876 2220 961 2262 quod
979 2219 1057 2250 alius
1073 2219 1135 2251 alio
1152 2219 1323 2261 sapientior
1337 2218 1518 2251 inscitiorve
1533 2218 1671 2250 existat?

194 2278 304 2309 Tmzo.
328 2276 414 2307 Mihi
438 2275 567 2318 quidem
582 2274 720 2306 videtur.
766 2273 823 2305 So.
851 2273 1003 2315 Nunquid
1030 2274 1062 2304 in
1091 2274 1151 2306 hoc
1175 2273 1309 2305 maxime
1335 2273 1474 2305 insistere
1492 2281 1673 2304 sermonem

194 2332 348 2372 dicemus,
363 2330 448 2372 quod
463 2328 526 2370 ipsi
540 2326 789 2369 subscripsimus,
804 2326 947 2358 faventes
963 2327 1156 2369 Protagorae‚
1172 2327 1272 2358 multa
1286 2327 1414 2370 quidem
1439 2325 1545 2368 qualia
1557 2326 1670 2358 viden-

194 2391 256 2424 tur,
272 2385 348 2416 talia
358 2383 488 2416 cuilibet
512 2392 592 2419 esse,
608 2382 723 2420 calida,
738 2381 833 2418 sicca,
846 2381 966 2422 dulcia,
982 2387 1150 2424 ceteraque
1175 2381 1381 2423 hujusmodi?
1405 2381 1518 2423 quodsi
1541 2380 1573 2411 in
1598 2380 1669 2424 qui·

196 2440 330 2473 busdam
345 2437 469 2470 differre
491 2437 588 2468 alium
611 2436 651 2467 ab
673 2436 737 2468 alio
758 2436 971 2478 confitebitur,
987 2436 1070 2468 circa
1095 2435 1229 2468 salubria
1251 2440 1285 2467 et
1309 2435 1404 2467 noxia
1417 2439 1532 2467 asseret
1546 2435 1669 2478 ntique,

195 2505 260 2527 non
276 2493 449 2537 quamlibet
463 2491 674 2523 mulierculam
692 2491 895 2534 puellumque
923 2496 955 2523 et
973 2491 1096 2522 brutum
1113 2491 1153 2523 ad
1174 2490 1311 2532 seipsum
1326 2489 1497 2521 curandum
1513 2498 1572 2532 per
1582 2489 1670 2521 salu-

196 2550 297 2582 brium
312 2547 525 2590 cognitionem
541 2546 680 2578 sufficere
694 2557 702 2577 ε
726 2546 803 2588 quin
818 2546 912 2577 immo
929 2546 962 2577 in
974 2547 1034 2577 hoc
1049 2544 1231 2587 praesertim,
1244 2544 1271 2575 si
1289 2545 1382 2575 modo
1395 2544 1427 2575 in
1438 2543 1515 2582 ullo,
1531 2543 1667 2576 differre.

195 2601 307 2637 Tnno.
331 2602 422 2634 Idem
437 2601 512 2632 mihi
528 2611 655 2643 quoque
669 2601 804 2632 videtur.
829 2600 927 2643 [172]
963 2600 1020 2632 So.
1044 2600 1211 2636 Praeterea‚
1226 2609 1333 2631 nonne
1349 2599 1381 2630 in
1407 2598 1550 2631 civilibus
1571 2598 1674 2631 etism>

194 2661 327 2692 honesta
342 2662 375 2688 et
390 2655 505 2698 turpia,
517 2655 604 2698 justa
620 2660 651 2687 et
665 2654 795 2697 injusta,
812 2659 983 2698 sanctaque
999 2659 1033 2685 ct
1047 2654 1157 2696 impia,
1173 2664 1373 2696 quaecunque
1389 2652 1499 2685 civitas
1513 2662 1666 2695 unaque—

197 2724 259 2757 que
275 2712 455 2744 existimaus
473 2710 563 2752 ponit
577 2709 635 2742 sibi
652 2710 803 2752 legitima,
819 2710 928 2741 eadem
953 2719 986 2741 re
1010 2719 1082 2740 vera
1106 2709 1276 2751 unicnique
1292 2719 1360 2740 esse
1380 2707 1490 2740 volet?
1513 2712 1608 2750 atque
1628 2706 1666 2739 in

198 2769 247 2800 his
273 2766 373 2799 nihilo
396 2765 617 2807 sapientiorem
641 2775 708 2796 esse
728 2765 849 2807 privato
872 2765 1026 2807 privatum
1053 2764 1242 2806 civitateque
1259 2763 1440 2795 civitatem?
1485 2761 1531 2794 At
1545 2762 1667 2794 veroin

196 2834 247 2861 eo,
263 2822 348 2865 quod
365 2820 455 2852 utilia
469 2825 502 2851 et
517 2819 641 2850 inutilia
656 2819 838 2861 reipublicae
855 2824 1006 2856 statuunt,
1021 2819 1083 2857 hic,
1101 2819 1127 2850 si
1143 2819 1238 2850 modo
1250 2818 1282 2850 in
1301 2818 1376 2855 ullo,
1392 2818 1424 2848 in
1437 2817 1510 2858 hoc,
1524 2816 1664 2859 inquam,

196 2876 357 2920 praecipue
373 2875 497 2906 differre
511 2874 646 2906 invicem
661 2874 862 2906 confitebitur
878 2879 940 2906 tam
957 2874 1166 2906 consultorem
1180 2884 1198 2905 a
1213 2873 1390 2904 consultore
1411 2880 1502 2914 quam
1517 2870 1665 2913 rempub-

196 2933 288 2964 licam
310 2941 328 2962 a
353 2929 512 2972 republica
535 2929 574 2960 ad
592 2929 751 2960 veritatem
779 2929 1014 2961 inveniendam.
1037 2934 1141 2971 neque
1167 2927 1298 2959 audebit
1324 2936 1460 2968 unquam
1475 2926 1534 2958 hoc
1551 2924 1665 2957 admit-

196 2991 272 3023 tere,
290 2991 324 3016 ut
337 2994 534 3028 quaecunque
549 2983 658 3016 civitas
674 2984 867 3016 conferentia
882 2983 942 3016 sibi
958 2990 1072 3026 putans
1098 2983 1246 3021 instituit,
1265 2982 1374 3014 eadem
1392 2990 1513 3023 semper
1529 2979 1573 3011 illi
1588 2988 1665 3012 con-
