1832 3256
209 229 307 280 326]
775 226 1157 273 PROTAGORAS.
1622 237 1673 273 49

203 335 244 368 ad
261 336 397 367 futurum
412 334 548 377 respicit,
563 345 603 368 ne
617 335 729 370 iterum
745 335 801 367 aut
825 335 894 378 ipse
919 336 1095 379 delinquat,
1121 342 1176 371 aut
1196 335 1275 370 alius
1289 338 1424 380 quilibet
1438 340 1583 382 exemplo
1598 340 1669 384 ejus

203 389 370 422 adductus.
413 389 564 431 Quisquis
589 393 697 421 autem
720 389 782 421 hoc
808 390 971 431 proposito
995 401 1189 433 censuraque
1210 391 1367 433 ejusmodi
1393 393 1616 425 animadvertit
1637 394 1673 435 iu

201 443 467 481 errata,doctrina
481 443 626 475 virtutem
650 442 808 475 existimat
822 444 1086 486 comparabilem:
1111 456 1183 477 nam
1209 446 1404 479 absterrendi
1426 457 1520 479 causa
1543 447 1669 490 plectit.

201 496 273 529 Hac
283 501 387 528 mente
402 497 615 540 opinioneque
630 499 670 530 ad
688 498 891 540 plectendum
909 500 1066 531 accedunt
1082 504 1145 531 tam
1160 500 1287 542 publice
1303 511 1397 543 quam
1414 502 1572 543 privatim,
1597 500 1668 543 qui-

200 560 326 592 cunque
350 550 384 582 in
407 557 573 592 peccantes
595 552 860 585 animadvertunt.
905 552 1130 584 Condemnant
1152 559 1257 585 autem
1273 551 1472 598 puniuntque
1487 566 1559 587 cum
1574 556 1673 587 ceteri

200 613 321 642 omnes,
344 615 399 636 eos
413 615 492 646 quos
502 604 649 646 judicant
663 611 856 648 peccatores,
879 610 946 637 tum
971 606 1105 638 maxime
1118 606 1204 639 cives
1217 607 1263 639 tui
1278 607 1503 641 Athenienses.
1549 610 1670 647 Quam—

196 658 305 690 obrem
318 658 529 692 Athenienses
543 670 671 702 quoque
685 671 724 692 ex
738 661 798 692 hac
810 660 932 692 ratione
947 661 981 693 in
995 671 1102 693 eorum
1116 671 1247 694 numero
1262 672 1330 695 esse
1344 669 1479 701 constat,
1495 663 1550 706 qui
1563 665 1670 696 doceri

198 712 346 745 virtutem
361 718 485 756 putant.
529 714 576 745 Ex
592 715 642 746 his
656 719 776 757 aperte,
793 719 828 746 ut
843 714 982 753 arbitror,
999 720 1204 748 monstratum
1219 722 1282 759 est,
1298 729 1317 749 o
1332 719 1488 755 Socrates,
1504 729 1568 749 non
1584 717 1669 760 inju-

198 766 245 798 ria
258 766 343 799 cives
357 772 428 799 tuos
443 768 477 799 in
492 768 578 800 civili
592 770 866 801 administratione
880 769 1046 801 consilium
1062 770 1161 802 aerarii
1176 770 1254 802 fabri
1270 771 1456 813 coriariique
1477 782 1542 803 non
1561 782 1669 813 respu-

198 830 262 859 ere,
277 825 373 864 atque
388 833 455 864 eos,
471 823 617 855 doctrina
632 829 665 855 et
681 823 786 855 studio
801 833 858 866 per
872 824 1126 856 exercitationem
1143 825 1263 868 acquiri
1286 836 1379 867 posse
1393 826 1537 858 virtutem
1561 827 1669 857 existi—

197 885 291 906 mare.
335 865 449 908 Restat
463 877 619 908 dubitatio
634 877 701 916 illa,
726 888 820 920 quani
836 878 876 909 de
892 878 964 910 viris
980 878 1094 911 virtute
1117 879 1206 911 claris
1229 880 1297 922 ipse
1316 881 1475 917 movebas,
1496 881 1601 919 Quam
1626 881 1667 912 ob

195 939 321 960 causam
337 929 381 961 illi
397 930 479 962 filios
494 942 566 963 suos
584 932 616 963 in
632 933 790 973 omnibus,
805 943 876 975 quae
901 933 960 964 sub
983 938 1175 975 praeceptore
1195 933 1370 972 discuntur,
1387 935 1534 966 erudiunt
1550 947 1556 966 :
1582 936 1667 977 quod

197 994 272 1015 vero
286 986 327 1016 ad
343 990 501 1027 paternam
518 987 662 1018 virtutem
674 992 810 1029 spectat,
833 987 934 1018 nihilo
955 987 1027 1019 aliis
1052 988 1232 1019 hominibus
1256 989 1400 1020 clariores
1415 989 1565 1021 efficiunt.
1611 988 1667 1021 Ad

196 1037 257 1070 hoc
270 1039 436 1082 rationem,
451 1050 469 1070 o
485 1040 640 1082 Socrates,
657 1051 721 1071 nou
735 1041 872 1073 fabulam
888 1041 1027 1074 afferam.
1073 1042 1125 1074 Sic
1141 1043 1224 1074 enim
1241 1043 1358 1085 cogita,
1374 1043 1488 1075 Utrum
1505 1049 1552 1075 est
1567 1054 1665 1075 unum

196 1092 328 1134 aliquid,
343 1099 489 1136 autnon,
513 1095 604 1137 cujus
619 1106 748 1126 necesse
771 1095 812 1126 sit
833 1095 915 1126 cives
939 1106 1047 1128 ornnes
1068 1107 1134 1128 esse
1155 1097 1334 1139 participes,
1359 1097 1385 1128 si
1407 1098 1502 1129 modo
1524 1103 1667 1129 constare

196 1146 308 1178 civitas
323 1147 447 1180 debeat.
492 1149 542 1180 Ita
554 1149 636 1180 enim
648 1150 715 1181 haec
729 1154 781 1180 tua
794 1149 980 1192 ambiguitas
993 1150 1133 1188 solvitur,
1146 1151 1234 1182 aliter
1249 1162 1321 1182 vero
1334 1151 1472 1185 minime.
1517 1152 1551 1183 Si
1570 1163 1666 1182 unum

196 1199 257 1231 hoc
272 1205 382 1238 exstat,
408 1213 510 1244 neque
525 1209 573 1234 est
589 1204 840 1242 architectorum,
867 1215 971 1246 neque
994 1205 1168 1236 aerariorum
1185 1205 1350 1243 artificum,
1377 1216 1480 1248 neque
1497 1206 1663 1247 figulorum

195 1253 369 1295 opificium,
384 1256 438 1287 sed
450 1256 585 1298 justitia,
602 1259 823 1300 temperantia,
839 1259 1000 1300 sanctitas,
1029 1259 1126 1302 [325]
1152 1264 1195 1296 et,
1213 1264 1249 1290 ut
1264 1260 1373 1302 paucis
1387 1261 1665 1301 comprehendam,

193 1306 251 1337 viri
267 1309 390 1350 propria
405 1309 500 1341 virtus
514 1321 522 1343 :
548 1310 572 1342 si
587 1312 648 1343 hoc
664 1317 723 1349 est,
739 1311 882 1353 inquam,
897 1311 988 1353 cujus
1003 1313 1172 1355 participes
1187 1324 1254 1345 esse
1269 1319 1395 1356 oportet
1411 1325 1530 1352 omnes,
1546 1319 1580 1346 et
1593 1326 1666 1346 cum

193 1361 252 1392 hoc
267 1362 386 1394 discere
398 1368 430 1395 et
445 1375 536 1406 agere
550 1366 766 1408 quodcunque
781 1367 908 1408 placeat
922 1366 1007 1397 aliud
1022 1378 1031 1406 ;
1055 1368 1173 1409 absque
1188 1369 1248 1399 hoc
1261 1379 1461 1411 nequaquam
1475 1379 1484 1401 :
1507 1374 1666 1410 expertem

193 1417 374 1461 verothujus
386 1419 505 1461 doceri,
519 1420 698 1462 corripique
713 1426 747 1452 et
761 1431 904 1462 puerum,
922 1426 955 1452 et
971 1421 1080 1458 virum,
1103 1428 1135 1454 et
1151 1423 1321 1461 mulierem,
1344 1424 1450 1465 quoad
1467 1424 1666 1465 correptione

192 1470 304 1502 melior
317 1471 487 1506 efficiatur:
512 1474 538 1505 si
553 1475 624 1516 quis
641 1480 746 1506 autem
761 1476 842 1507 hanc
860 1475 1012 1518 spreverit
1025 1476 1238 1518 disciplinam,
1252 1488 1325 1508 eum
1341 1475 1490 1520 tanquam
1507 1478 1664 1509 insanabi-

192 1524 254 1556 lem
270 1526 385 1568 expelli
397 1538 415 1559 e
431 1528 611 1561 civitatibus
627 1530 677 1561 vel
699 1530 851 1562 interfici:
877 1531 901 1561 si
921 1530 964 1561 ita
986 1536 1045 1568 est,
1069 1531 1210 1573 inquam,
1235 1538 1268 1563 ut
1283 1532 1431 1569 diximus,
1447 1531 1567 1575 virique
1583 1543 1664 1574 prae-

189 1583 308 1612 stantes
321 1581 355 1612 in
370 1583 531 1624 republica
546 1584 640 1625 cives,
655 1585 688 1615 in
704 1585 774 1616 aliis
790 1585 938 1616 erudiunt
951 1585 1044 1623 filios,
1059 1586 1094 1616 in
1110 1587 1170 1617 hoc
1186 1597 1398 1628 nequaquam,
1412 1586 1552 1628 adverte,
1567 1597 1663 1628 quam

191 1634 373 1667 mirabiliter
386 1635 419 1667 in
434 1647 473 1668 eo
496 1638 685 1670 excellentes
706 1639 856 1671 evadant.
880 1640 966 1680 quod
989 1640 1074 1670 enim
1094 1640 1202 1671 doceri
1218 1651 1310 1682 posse
1326 1645 1389 1671 tam
1406 1640 1551 1682 privatim
1569 1650 1662 1682 quam

189 1688 318 1729 publice
333 1690 514 1732 opinantur,
539 1692 746 1724 ostendimus.
791 1693 872 1725 Cum
885 1703 959 1724 vero
982 1698 1016 1725 et
1037 1693 1181 1725 doctrina
1204 1699 1237 1725 et
1249 1704 1322 1726 cura
1338 1694 1457 1736 acquiri
1473 1695 1533 1725 hoc
1550 1695 1661 1736 possit,

190 1742 252 1773 alia
267 1742 346 1774 filios
361 1744 488 1783 docent,
510 1746 543 1777 iu
567 1747 681 1788 quibus
701 1757 764 1778 non
787 1753 837 1778 est
859 1747 1007 1778 adversus
1029 1748 1207 1780 nescientes
1230 1748 1338 1780 mortis
1360 1759 1454 1789 poena
1475 1749 1660 1791 proposita:

189 1796 224 1827 in
238 1797 352 1839 quibus
367 1803 470 1831 autem
486 1810 566 1831 mors
592 1805 625 1832 et
646 1800 773 1832 exilium
793 1806 848 1832 aut:
869 1801 1073 1843 pecuniarum
1095 1803 1212 1834 ablatio
1235 1808 1291 1833 aut
1313 1804 1474 1834 domorum
1500 1803 1662 1835 subversio

190 1850 302 1891 premit
316 1851 439 1893 ignaros
454 1855 611 1897 rudesque
626 1855 721 1896 filios,
747 1856 780 1886 in
801 1855 850 1887 his
864 1866 929 1887 non
945 1856 1031 1887 omni
1051 1857 1217 1899 diligentia
1241 1863 1344 1900 patres
1365 1858 1531 1890 erudiunt:
1557 1863 1590 1889 et
1606 1857 1661 1890 ubi

189 1904 281 1936 minae
297 1906 478 1948 hujusmodi
502 1914 625 1951 urgent,
641 1910 784 1941 doctrina
799 1921 935 1953 curaque
951 1910 1049 1943 levior
1071 1912 1260 1944 adhibetur?
1305 1912 1491 1944 Existimare
1511 1913 1615 1950 decet,
1639 1924 1659 1944 o

189 1958 343 1998 Socrates,
361 1972 380 1992 a
394 1962 509 1994 teneris
525 1964 615 1994 annis
630 1974 729 2006 usque
746 1965 786 1995 ad
803 1964 875 1995 vitae
889 1965 983 1996 finem
999 1966 1115 1997 erudiri
1131 1977 1185 1997 eos
1201 1971 1296 2008 atque
1311 1966 1442 1998 moneri.
1488 1965 1571 1997 Nam
1584 1975 1659 1998 cum

188 2012 319 2054 primum
335 2024 413 2056 puer
427 2026 498 2058 quae
514 2017 662 2049 dicuntur
670 2017 832 2060 intelligit,
848 2018 962 2056 nutrix,
978 2024 1088 2057 mater,
1103 2020 1308 2062 paedagogus,
1325 2026 1426 2063 pater,
1442 2021 1482 2052 ad
1498 2021 1559 2052 hoc
1575 2021 1663 2052 omni

187 2077 262 2098 cura
276 2069 444 2111 studioque
459 2063 669 2109 contendunt,
694 2077 731 2103 ut
755 2073 788 2103 in
813 2072 943 2114 singulis
966 2078 1032 2104 turn
1055 2074 1169 2115 verbis,
1186 2079 1252 2106 tum
1267 2075 1413 2116 operibus
1429 2073 1564 2117 optimus
1581 2085 1659 2117 puer

187 2121 312 2154 evadat.
356 2123 516 2166 sigillatim
532 2126 615 2157 enim
632 2131 806 2158 monstrant
827 2127 902 2169 quid
921 2126 1056 2169 justum,
1081 2129 1159 2171 quid
1183 2129 1332 2171 injustum
1351 2140 1361 2169 ;
1385 2130 1462 2172 quid
1479 2130 1660 2167 honestum,

186 2175 262 2217 quid
280 2181 392 2219 turpe3
414 2179 491 2221 quid
507 2185 662 2219 sanctum,
686 2182 803 2223 quIdve
818 2181 983 2224 profanum
998 2193 1007 2222 ;
1029 2194 1099 2225 quae
1115 2184 1238 2225 agenda
1253 2184 1328 2221 sint,
1344 2194 1414 2225 quae
1431 2194 1507 2216 non.
1545 2184 1660 2226 quibus

185 2229 211 2260 si
226 2230 420 2273 obtemperat
435 2245 526 2275 puer,
539 2235 619 2266 bene
635 2246 740 2267 secum
757 2237 809 2278 agi
824 2242 955 2278 putant:
981 2238 1028 2268 sin
1043 2243 1154 2269 contra
1169 2238 1322 2276 renititur,
1339 2243 1405 2269 tum
1420 2238 1517 2270 veluti
1533 2243 1658 2270 contor-

185 2288 252 2315 tum
268 2285 494 2330 obliquuque
510 2289 628 2331 lignum
645 2290 737 2322 minis
753 2291 917 2334 plagisque
933 2291 1082 2334 dirigunt.
1128 2293 1274 2324 Posthaec
1300 2293 1523 2335 ludimagistris
1545 2304 1659 2335 pueros

184 2339 338 2371 curandos
364 2342 503 2380 tradunt,
527 2354 709 2386 morumque
733 2345 887 2376 bonorum
908 2346 1106 2387 diligentiam
1128 2346 1227 2377 multo
1251 2347 1360 2388 magis,
1383 2357 1476 2389 quain
1499 2345 1657 2378 literarum

184 2392 372 2436 citharaeque
387 2396 573 2435 doctrinam,
596 2409 616 2430 a
637 2398 792 2440 magistris
815 2406 1002 2442 exposcunt.
1025 2405 1234 2442 praeceptores
1255 2405 1361 2432 autem
1384 2406 1494 2432 curant
1516 2406 1548 2432 et
1564 2411 1657 2432 exco-

184 2444 264 2477 lunt.
307 2447 350 2479 Et
376 2455 542 2493 postquam
564 2452 668 2484 literas
692 2454 883 2495 didicerunt,
904 2455 944 2485 ad
963 2454 1143 2496 scriptaque
1167 2460 1404 2496 convertuntur,
1434 2454 1600 2497 poetarum
1621 2455 1654 2485 in

180 2499 288 2540 primis
303 2503 522 2536 excellentium
537 2517 632 2548 opera
647 2508 782 2550 legenda
797 2508 859 2539 illis
875 2509 1111 2550 ediscendaque
1124 2514 1317 2551 proponunt,
1334 2509 1447 2551 quibus
1459 2509 1654 2540 monimenta

182 2555 412 2596 quamplurima
425 2558 614 2602 inseruntur,
628 2562 861 2604 priscorumque
871 2564 1004 2594 virorum
1017 2564 1130 2594 virtute
1143 2563 1357 2605 praestantium
1371 2568 1458 2605 gesta
1470 2563 1652 2601 laudantur,

184 2612 220 2637 ut
244 2619 322 2650 puer
345 2612 544 2645 aemulatione
568 2625 718 2647 accensus
738 2617 887 2658 praeclara
908 2617 1061 2659 majorum
1084 2617 1222 2649 facinora
1244 2617 1393 2649 imitetur.
1420 2617 1518 2659 [326]
1543 2616 1653 2648 Citha-

181 2661 264 2692 ristae
280 2674 406 2706 quoque
426 2665 494 2697 aliis
519 2668 706 2709 quibusdam
729 2670 855 2707 talibus,
883 2671 1050 2713 praesertim
1072 2672 1300 2714 temperantiae,
1322 2671 1463 2707 student,
1479 2676 1655 2713 caveatque

183 2726 224 2747 ne
250 2718 325 2759 quid
353 2729 515 2761 perperam
539 2722 755 2756 adolescentes
778 2730 884 2767 agant.
928 2726 1036 2768 Atque
1056 2726 1110 2756 ubi
1138 2727 1260 2768 pulsare
1285 2726 1434 2757 citharam
1461 2725 1652 2763 didicerunt,

182 2771 348 2813 poetarum
364 2774 475 2806 iteruin
492 2775 622 2807 aliorum
639 2783 749 2810 cantus
765 2779 981 2811 modulatione
997 2781 1210 2822 praestantium
1225 2781 1397 2813 cantilenas
1420 2781 1548 2816 docent,
1573 2789 1651 2820 quas

182 2826 223 2856 ad
247 2826 395 2859 citharam
418 2830 606 2862 concinant:
630 2832 856 2876 rhythmosque
878 2840 912 2866 et
933 2836 1108 2866 harmonias
1129 2846 1294 2878 puerorum
1321 2835 1432 2866 animis
1457 2833 1650 2864 conformare

181 2886 348 2922 conantur,
374 2887 410 2913 ut
434 2884 572 2916 mitiores
599 2887 863 2930 modestioresque
879 2894 910 2920 et
925 2889 1144 2920 concinniores
1166 2890 1283 2927 effecti,
1310 2889 1351 2920 ad
1377 2888 1532 2929 agendum
1557 2886 1650 2916 utiles

179 2932 253 2971 sint,
269 2938 301 2964 et
315 2936 355 2966 ad
371 2936 551 2971 dicendum.
595 2941 705 2972 Omnis
719 2941 803 2974 enirn
820 2943 951 2975 hominis
968 2944 1032 2976 vita
1048 2955 1213 2976 numerosa
1235 2944 1370 2986 quadam
1392 2941 1514 2982 indiget
1536 2950 1648 2970 conso-

266 2988 353 3021 Plut.
381 2990 434 3022 Tr.
924 2997 953 3029 Ι,
1533 2993 1563 3025 G
