1846 3268
233 258 312 295 218
841 256 1109 295 PLATONts
1602 262 1699 312 [504

234 365 354 391 veteres
373 363 502 400 potesne
515 357 652 399 aliquem
668 358 837 400 assignare,
853 369 907 401 per
922 370 1015 401 quem
1032 360 1244 392 Athenienses
1259 359 1335 392 facti
1354 360 1529 402 aliquando
1541 361 1602 394 sint
1617 363 1706 394 meli-

235 423 314 450 ores,
331 418 497 455 postquam
514 412 568 443 ille
582 422 669 444 orare
693 413 838 455 coepedt,
850 423 922 444 curn
944 414 1115 446 deteriores
1136 418 1230 446 antea
1253 414 1390 446 fuerint?
1438 414 1505 457 Ego
1520 415 1617 454 enim,
1633 417 1704 458 quis

231 467 274 497 sit
288 466 371 503 talis,
386 467 507 507 ignoro.
552 465 638 498 Cn..
661 466 748 503 Quid
764 477 838 498 vero
851 466 862 496 ἓ
906 466 1148 499 Themistoclem
1162 477 1227 499 non
1243 468 1334 499 audis
1344 467 1444 499 virum
1461 469 1578 500 bonum
1591 468 1702 507 fuisse.

233 525 267 551 et
290 519 454 552 Cimonem
479 525 512 551 et
537 518 732 560 Miltiadem,
748 525 843 562 atque
864 520 1017 553 Periclem
1045 522 1129 553 hunc
1156 532 1255 563 nuper
1270 522 1335 553 vita
1356 522 1510 564 functum,
1524 533 1618 564 quem
1633 523 1703 565 ipse

234 583 360 615 quoque
376 578 514 604 orantem
530 573 670 604 audisti?
715 575 774 607 So.
795 574 829 605 Si
844 574 972 616 quidem
988 579 1046 612 est,
1063 586 1082 606 o
1098 575 1258 613 Callicles,
1273 586 1348 607 vera
1362 575 1469 614 virtus,
1485 587 1578 618 quam
1599 577 1636 609 in
1651 588 1702 608 su-

233 627 406 668 perioribus
421 627 488 668 ipse
500 626 640 665 dicebas,
656 628 848 670 cupiditates
859 628 1006 660 videlicet
1017 639 1088 660 suas
1109 629 1304 671 aliorumque
1314 630 1450 672 explere.
1495 629 1540 662 At
1555 630 1582 669 si
1591 631 1623 662 id
1639 641 1702 662 non

233 685 292 717 est,
303 681 357 711 sed
374 680 639 721 quemadmodum
654 685 763 722 postea
777 681 811 712 in
822 681 1015 723 disputando
1027 682 1116 714 fateri
1131 683 1286 725 compul‘si
1296 694 1414 721 sumus,
1425 683 1616 726 cupiditates
1631 684 1702 716 illas

233 744 305 775 quae
321 733 478 766 meliorem
493 734 633 766 efficiunt.
648 734 757 773 virum,
773 740 898 778 oportet
914 736 1042 777 implere
1058 748 1065 767 :
1090 736 1166 768 alias
1181 748 1253 768 vero
1268 737 1395 769 minime
1409 750 1415 768 :
1440 742 1535 780 atque
1550 737 1644 779 hujus
1656 739 1700 769 rei

233 798 282 820 ars
294 788 437 830 quaedam
448 793 561 826 exstat,
575 794 706 830 potesne
717 789 822 822 dicere
837 800 943 822 eorum
959 791 1094 833 aliquem
1108 791 1260 823 exstitisse
1273 791 1391 824 talem?
1417 791 1502 824 Cn..
1517 791 1550 823 N
1552 802 1592 822 on
1601 792 1704 824 habeo

202 841 381 897 equidem
397 851 460 884 quo
475 847 569 884 pacto
594 841 708 874 dicam.
753 843 810 875 So.
833 843 878 875 At
891 854 964 875 vero
991 844 1019 875 si
1043 845 1100 876 rite
1124 845 1315 887 quaesiveris‚
1330 846 1482 878 invenies.
1527 845 1701 879 Videamus

202 884 295 936 jam
311 895 355 927 sic
370 895 464 936 plane
479 895 724 935 considerantes,
739 907 814 927 num
830 897 944 939 aliquis
960 898 1070 929 horum
1094 898 1164 930 talis
1190 900 1352 931 exstiterit.
1398 900 1463 931 Dic
1487 910 1565 942 age:
1591 900 1701 932 Bonus

233 949 289 990 vir,
304 954 399 991 atque
414 950 454 980 ad
470 949 502 980 id
518 950 603 991 quod
620 950 775 991 optimum
791 951 832 982 sit
846 952 940 983 verba
954 951 1084 990 faciens,
1112 963 1177 983 non
1199 958 1314 985 temere
1338 953 1436 991 dicet,
1452 954 1507 985 sed
1524 954 1564 985 ad
1578 952 1700 995 aliquid

232 1007 316 1035 certe
330 1002 499 1044 respiciet?
523 1004 788 1044 quemadmodum
813 1010 845 1036 et
870 1005 926 1036 alii
951 1016 1058 1038 omnes
1083 1006 1228 1044 artifices,
1245 1018 1376 1048 quorum
1400 1007 1439 1038 ad
1464 1017 1554 1039 suum
1569 1007 1702 1050 quisque

233 1067 314 1098 opus
329 1056 455 1098 aspicit,
470 1067 530 1089 nec
544 1067 618 1089 casu
630 1058 730 1100 eligit,
745 1059 831 1101 quod
846 1060 886 1089 ad
909 1069 999 1091 suum
1025 1071 1105 1102 opus
1132 1061 1284 1098 conferat,
1299 1062 1354 1092 sed
1380 1061 1644 1103 quemadmodum
1659 1062 1701 1092 ad

232 1110 427 1152 propositum
443 1110 502 1143 sibi
529 1112 687 1153 exemplar
709 1123 789 1154 opus
814 1113 953 1154 speciem
979 1113 1117 1155 aliquam
1141 1121 1361 1156 consequatur.
1407 1114 1529 1156 Veluti,
1544 1114 1571 1146 si
1582 1115 1700 1157 intueri

233 1164 338 1205 placet
363 1164 497 1205 pictores
523 1170 555 1196 et
577 1166 765 1198 architectos
792 1171 826 1197 et
851 1167 954 1199 fabros
975 1168 1102 1199 navium
1125 1168 1266 1210 aliosque
1291 1179 1399 1201 omnes
1421 1166 1700 1212 artificequuivis

230 1228 336 1249 eorum
352 1219 386 1249 in
401 1218 542 1249 ordinem
558 1220 716 1260 quendam
733 1220 856 1262 singula
872 1221 988 1263 ubique
1012 1221 1168 1263 disponit,
1181 1223 1331 1264 cogitque
1355 1223 1417 1254 alia
1443 1223 1511 1266 aliis
1532 1223 1700 1265 convenire

233 1277 328 1314 atque
338 1283 524 1314 congruere,
539 1273 642 1304 donec
667 1273 766 1316 [504]
793 1279 893 1306 totum
918 1276 1128 1307 constituatur
1143 1277 1280 1318 quodam
1300 1277 1409 1308 ordine
1425 1282 1618 1318 exornatum.
1660 1276 1701 1308 Id

231 1336 305 1369 ergo
321 1336 429 1358 omnes
444 1331 544 1368 agunt
559 1326 703 1364 artifices,
721 1332 815 1369 atque
831 1328 875 1365 hi,
892 1339 970 1370 quos
986 1329 1018 1360 in
1034 1329 1246 1370 superioribus
1262 1330 1455 1368 dicebamus,
1470 1331 1653 1373 poedotribae
1667 1336 1700 1363 et

231 1379 348 1412 medici
361 1380 502 1412 similiter
515 1381 636 1412 faciunt
650 1381 734 1421 circa
761 1392 885 1424 corpus.
909 1388 1022 1413 ornant
1036 1382 1119 1414 enim
1135 1383 1238 1424 ipsum
1251 1388 1346 1426 atque
1360 1389 1568 1426 componunt.
1613 1383 1700 1418 Con-

229 1435 353 1467 fitemur
367 1435 402 1466 id
418 1435 460 1466 ita
475 1445 507 1466 se
522 1435 647 1473 habere,
663 1437 786 1468 necne?
833 1436 919 1468 Car..
942 1436 991 1468 Sit
1004 1437 1060 1468 ita.
1095 1437 1151 1469 So.
1174 1436 1297 1469 Domus
1308 1438 1403 1480 igitur
1412 1442 1554 1470 ornatum
1569 1443 1602 1470 et
1616 1439 1699 1470 ordi·

229 1499 302 1521 nem
313 1494 467 1526 assecuta,
482 1490 566 1520 bona
575 1489 657 1522 erit:
681 1491 831 1528 siminus,
848 1491 940 1523 mala.
968 1490 1056 1524 Cu..
1080 1490 1257 1524 Assentior.
1278 1491 1337 1525 So.
1360 1491 1570 1535 Etnavigium
1581 1493 1695 1525 eodem

228 1548 336 1584 pacto.
367 1543 452 1576 Cn..
476 1543 609 1576 Eodem.
638 1544 694 1576 So.
718 1545 818 1587 Atqui
833 1549 1004 1588 etcorpora
1015 1551 1118 1576 nostra
1130 1546 1281 1579 similiter.
1329 1547 1416 1579 Cu..
1439 1547 1603 1591 Similiter.
1637 1547 1694 1579 So.

229 1597 316 1635 Quid
332 1608 404 1629 vero
419 1587 553 1635 animus,
569 1598 594 1629 si
609 1597 727 1630 ordinis
742 1598 837 1630 fuerit
848 1610 971 1643 expers,
988 1610 1062 1630 num
1073 1601 1173 1632 bonus
1185 1600 1242 1632 erit
1255 1600 1266 1631 ?
1289 1611 1330 1632 an
1347 1601 1464 1642 potius,
1479 1601 1504 1641 si
1519 1600 1635 1633 ordinis
1646 1611 1695 1633 or-

226 1651 429 1694 namentique
448 1653 602 1694 compos?
649 1652 735 1686 Can.
759 1653 980 1686 Necessarium
1005 1659 1054 1686 est
1079 1666 1117 1686 ex
1138 1655 1346 1697 superioribus
1365 1656 1426 1687 hoc
1443 1666 1577 1699 quoque,
1594 1656 1694 1689 fateri.

227 1706 284 1737 So.
309 1706 405 1743 Quod
420 1717 494 1748 ergo
510 1717 625 1738 nomen
641 1712 688 1739 est
703 1708 745 1744 ei,
759 1709 846 1750 quod
861 1709 893 1739 in
913 1719 1041 1750 corpore
1057 1720 1096 1740 ex
1110 1709 1221 1741 ordine
1234 1715 1408 1753 ornatuque
1423 1710 1575 1743 efficitur?
1610 1710 1696 1743 Cn..

226 1759 401 1791 Sanitatem
415 1765 449 1791 et
464 1760 542 1792 vires
557 1761 688 1793 sortasse
703 1761 795 1793 dicis.
839 1762 896 1794 So.
919 1762 1003 1794 Dico
1019 1764 1179 1805 equidem.
1225 1764 1322 1801 Quod
1336 1774 1410 1796 vero
1421 1774 1536 1796 nomen
1552 1765 1596 1802 ei,
1610 1765 1697 1807 quod

225 1813 261 1844 in
283 1813 388 1845 animo
413 1825 451 1845 ex
476 1814 586 1846 ordine
614 1815 650 1846 fit
673 1820 769 1857 atque
788 1817 923 1847 ornatu?
969 1816 1092 1849 Conare
1116 1817 1256 1849 invenire
1282 1823 1378 1860 atque
1401 1819 1583 1864 exprimere
1592 1818 1696 1861 hujus.

225 1868 492 1913 quemadmodum
515 1875 548 1900 et
568 1869 662 1901 illius.
709 1869 796 1903 Cin.
821 1869 887 1902 Cur
902 1881 967 1902 non
983 1871 1052 1912 ipse
1077 1872 1168 1908 dicis,
1191 1883 1211 1903 o
1237 1872 1404 1904 Socrates?
1449 1873 1505 1905 So.
1527 1873 1573 1904 At
1593 1873 1620 1919 si
1637 1872 1695 1904 tibi

227 1921 345 1963 placet,
359 1933 419 1964 ego
444 1923 569 1954 dicam:
595 1928 628 1954 tu
646 1934 729 1961 vero,
753 1915 779 1954 si
808 1923 864 1954 tibi
879 1935 950 1955 vera
971 1925 1059 1966 loqui
1079 1926 1220 1965 videbor,
1247 1926 1433 1958 concedito:
1457 1927 1505 1958 siu
1522 1928 1634 1964 minus,
1649 1937 1696 1958 re-

225 1976 370 2018 probato,
387 1986 446 2008 nec
463 1976 527 2007 ullo
541 1977 638 2008 modo
652 1977 837 2019 permittito.
882 1978 968 2009 Mihi
981 1979 1107 2020 quidem
1123 1980 1245 2011 videtur
1267 1981 1457 2012 ordinationi
1479 1980 1617 2022 corporis
1638 1991 1696 2012 no·

223 2040 297 2062 men
312 2041 381 2062 esse
396 2041 523 2064 sanum:
547 2041 585 2063 ex
600 2042 663 2073 quo
679 2031 714 2062 in
729 2031 798 2072 ipso
813 2032 849 2062 fit
865 2031 980 2063 sanitas
1007 2033 1130 2075 aliaque
1153 2034 1290 2076 corporis
1306 2035 1414 2066 virtus.
1459 2034 1550 2074 Itane
1575 2039 1635 2071 est,
1651 2045 1692 2066 an

224 2084 335 2116 aliter?
382 2084 468 2117 CAL.
491 2084 554 2118 Ita.
599 2086 655 2117 So.
679 2085 790 2117 Animi
805 2097 877 2117 vero
904 2086 1101 2131 ordinationi
1121 2093 1215 2130 atque
1239 2089 1361 2132 ornatui
1387 2088 1692 2131 legitimumvlexque

223 2149 291 2170 esse
304 2149 439 2170 nomen:
466 2139 549 2172 unde
570 2139 702 2181 legitimi
728 2140 809 2171 fiunt
832 2141 974 2172 homines
999 2146 1094 2183 atque
1119 2142 1236 2174 decori.
1281 2132 1361 2183 Haec
1375 2154 1446 2175 vero
1473 2147 1546 2174 suut
1565 2143 1692 2187 justitia

222 2197 320 2236 atque
335 2194 554 2234 temperantia.
599 2193 785 2233 Assentiris,
810 2195 933 2226 necne?
980 2195 1066 2227 ΟΜ..
1090 2196 1178 2229 Esto.
1224 2197 1282 2229 So.
1308 2198 1361 2228 Au
1377 2208 1440 2229 non
1455 2197 1552 2239 igitur
1566 2199 1609 2243 ad
1623 2198 1690 2230 boec

223 2246 409 2278 artificiosus
422 2247 474 2278 illc
497 2248 600 2279 rhetor
615 2253 648 2279 et
671 2249 771 2279 bonus
794 2249 974 2290 respiciens,
991 2250 1082 2281 verba
1103 2261 1161 2282 sua
1183 2251 1342 2282 hominum
1368 2251 1480 2283 animis
1505 2251 1691 2284 adhibebit:

222 2300 425 2343 actionesque
440 2311 560 2339 omnes,
576 2307 609 2333 et
627 2302 784 2344 quidquid
803 2303 852 2334 vel
878 2304 1034 2335 concedet
1053 2303 1225 2345 aliquando
1241 2305 1290 2336 vel
1307 2302 1505 2350 negabit„'ad
1518 2306 1551 2337 id
1568 2315 1690 2348 semper

221 2354 378 2395 intendet,
396 2359 430 2385 ut
444 2355 559 2386 civium
576 2357 687 2387 animis
699 2356 825 2398 justitia
839 2357 969 2399 quidem
988 2357 1074 2396 insit,
1089 2357 1245 2399 injustitia
1259 2369 1331 2390 vero
1355 2359 1456 2404 absit:
1478 2369 1583 2400 rursus
1608 2361 1690 2392 adsit

222 2409 441 2450 temperantia,
466 2409 708 2452 intemperantia
722 2422 794 2442 vero
815 2410 976 2453 ejiciatur:
1002 2417 1176 2454 ceteraeque
1192 2413 1322 2445 virtutes
1346 2405 1530 2451 habeantur,
1556 2413 1691 2456 pravitas

221 2461 433 2503 expellatur?.
466 2463 635 2502 Concedis,
651 2466 776 2496 necne?
821 2465 906 2498 Cn..
932 2465 1084 2498 Concedo
1100 2467 1258 2509 equidem.
1303 2467 1359 2499 So.
1383 2467 1544 2505 Quidnam
1556 2467 1689 2509 confert,

221 2526 241 2558 o
259 2515 419 2558 Callicles,
434 2517 556 2559 corpori
572 2519 735 2560 aegrotanti
748 2520 891 2562 maleque
906 2519 1021 2552 affecto
1037 2520 1124 2552 cibos
1141 2521 1254 2552 multos
1271 2520 1532 2566 suavissimosque
1553 2521 1689 2563 praebere

218 2575 274 2611 aut
287 2576 396 2612 potum
412 2576 467 2602 aut
482 2571 567 2602 aliud
583 2573 764 2615 quicquam,
781 2575 866 2616 quod
889 2584 954 2605 non
977 2574 1018 2605 sit
1039 2574 1250 2617 profuturum,
1266 2576 1326 2621 hoc
1343 2580 1408 2618 lest,
1424 2575 1495 2617 plus
1510 2575 1560 2607 vel
1574 2575 1687 2610 minus

218 2623 267 2665 vel
284 2624 484 2667 contrarium,
500 2635 593 2667 quam
609 2625 697 2667 justa
712 2628 812 2660 dictat
827 2628 916 2660 ratio.
961 2629 1041 2671 Sunt
1065 2629 1143 2665 haec,
1168 2629 1218 2660 vel
1241 2629 1328 2660 non?
1366 2628 1464 2672 [505]
1499 2628 1584 2662 Cu..
1607 2629 1689 2662 Sint.

218 2677 274 2714 So.
298 2676 374 2709 Non
401 2678 484 2716 enim
511 2681 657 2720 prodesse
682 2682 812 2714 arbitror
836 2683 966 2720 homini,
981 2693 1054 2715 cunr
1081 2683 1198 2714 afflicto
1224 2693 1357 2725 corpore
1372 2683 1485 2715 vivere·
1528 2683 1582 2715 sic
1605 2683 1688 2715 enim

218 2741 345 2762 necesse
359 2736 407 2763 est
422 2732 523 2763 vivere
547 2734 640 2767 male.
665 2746 770 2768 nonne
791 2736 860 2768 ita?
906 2737 991 2770 Cn..
1013 2737 1076 2769 Ita.
1121 2738 1178 2771 So.
1201 2737 1318 2769 Nonne
1345 2737 1536 2779 cupiditates
1549 2737 1690 2782 explere,

218 2784 316 2816 veluti
329 2785 516 2817 esurientem
531 2789 695 2821 comedere
711 2796 864 2832 quantum
875 2792 959 2833 vult,
976 2792 1024 2823 vel
1040 2792 1198 2824 sitientem
1217 2792 1324 2824 bibere
1339 2797 1495 2834 quatenus
1511 2790 1627 2832 placet,
1642 2800 1691 2822 sa-

218 2847 293 2868 num
305 2837 434 2879 quidem
443 2840 600 2872 hominem
616 2843 730 2876 medici
744 2844 926 2888 plerumque
941 2846 1126 2888 permittunt.
1141 2858 1147 2876 ι
1166 2851 1367 2888 egrotantem
1384 2854 1454 2875 vero
1467 2854 1640 2887 nunquam,
1657 2851 1690 2876 ut

216 2892 260 2924 ita
272 2893 414 2931 dixerim,
429 2895 619 2938 cupiditates
634 2908 706 2929 suas
721 2899 851 2942 implere
867 2900 1075 2942 permittunt?
1101 2901 1260 2934 concedis
1270 2901 1330 2932 hoc
1341 2899 1450 2941 etipse
1464 2899 1475 2930 ?
1501 2898 1586 2932 Cn..
1603 2898 1690 2930 Con·

217 2947 307 2990 cerlo.
352 2947 407 2980 So.
432 2948 523 2983 Circa
538 2961 608 2982 vero
626 2951 774 2991 animum,
792 2964 811 2984 o
837 2954 948 2992 am‘tce,
965 2965 1004 2986 an
1018 2965 1082 2986 non
1098 2955 1207 2986 eadem
1223 2953 1325 2986 ratio?
1349 2957 1503 2995 quatenus
1518 2952 1602 2989 enim
1619 2963 1689 2995 ΡΜ·
