1846 3268
172 255 267 308 133]
518 310 521 316 Ι
724 253 1100 297 PARMENIDES.
1559 258 1635 298 109

167 361 253 392 idem
268 359 358 392 simul
374 358 406 390 in
422 356 527 390 multis
543 356 694 395 ostendis,
709 366 747 389 ac
762 356 788 388 si
801 365 895 398 super
908 358 1023 389 multos
1045 357 1188 390 velamen
1204 358 1361 400 quoddam
1378 360 1563 398 extendens,
1586 360 1636 392 di·

167 424 220 446 cas
237 424 333 445 unum
358 413 391 444 in
414 412 520 443 multis
547 415 647 442 totum
665 421 743 442 esse.
760 421 865 443 nonne
889 412 952 443 tale
975 412 1128 454 quiddam
1155 412 1258 444 dicis?
1282 412 1437 445 Forsitan.
1482 413 1535 444 An
1560 424 1633 455 ergo

167 473 268 499 toturn
283 466 427 499 velamen
442 464 584 507 singulis,
609 464 660 497 vel
676 474 747 506 pars
769 464 838 506 ejus
853 464 914 496 alia
929 465 1020 497 alteri
1043 465 1166 498 aderit?
1189 467 1277 499 Pars.
1323 466 1510 499 Divisibilcs
1529 467 1636 509 igitur,

164 521 280 563 inquit,
290 531 309 552 o
323 520 479 558 Socrates,
494 519 614 562 species
630 524 735 560 erunt,
759 523 792 550 et
812 529 883 561 quae
899 518 960 550 illis
975 509 1178 562 participant,
1198 525 1317 562 partem
1332 521 1472 563 capient,
1493 531 1552 553 nec
1568 532 1635 553 am·

164 574 248 616 plius
261 574 296 606 in
318 573 460 616 quolibet
474 579 556 612 tota,
580 573 636 607 sed
660 583 730 615 pars
755 572 911 615 cujusque
935 584 1032 605 unum
1058 574 1128 606 erit.
1172 574 1224 606 Sic
1249 580 1393 617 apparet.
1438 575 1589 613 Volesne,
1613 587 1633 607 o

161 626 317 666 Socrates,
333 638 426 659 unam
451 627 589 670 speciem
609 637 714 659 revera
728 626 830 658 dividi
844 638 882 659 ac
896 626 990 659 etiam
1007 638 1101 659 unam
1116 639 1183 660 esse
1198 628 1210 659 ?
1254 627 1354 660 Nullo
1370 629 1477 660 modo.
1520 628 1635 661 Consi·

164 682 239 713 deta
252 681 372 724 itaque,
389 682 416 713 si
429 682 528 724 ipsam
544 681 791 723 magnitudinem
808 681 964 723 partiaris,
989 687 1022 713 et
1036 682 1284 724 unumquodque
1301 682 1435 724 plurium
1450 693 1634 724 magnorum

162 736 489 778 par-tegnagnitudinis
506 736 638 777 minore,
661 745 757 778 quam
779 734 850 778 ipsa
873 735 925 778 sit,
947 746 1094 778 magnum
1109 737 1180 774 erit,
1203 746 1309 768 nonne
1336 736 1446 778 procul
1467 744 1487 768 a
1512 736 1634 768 ratione

163 789 320 821 videbitur
333 791 344 823 ἓ
389 790 532 825 Prorsus.
575 789 664 828 Quid
691 789 789 821 vero?
820 789 919 831 ipsius
946 789 1078 832 aequalis
1106 795 1197 832 parte
1225 790 1473 833 unumquodque
1503 799 1632 832 parvum

163 843 367 886 participans,
388 844 530 882 habebit,
545 853 609 887 quo
626 843 743 875 minore
758 843 941 884 exsistente,
955 855 1049 886 quam
1064 844 1169 886 ipsum
1192 844 1325 887 aequale,
1351 844 1398 881 id,
1424 844 1511 886 quod
1526 844 1634 880 habet,

161 897 282 939 equale
297 898 392 930 alicui
403 899 465 930 sit?
510 898 723 941 Impossibile.
767 898 832 930 Sed
844 903 877 930 et
892 899 1004 941 aliquis
1019 903 1159 930 nostrum
1175 898 1275 940 ipsius
1290 898 1375 941 parvi
1393 904 1511 940 partem
1535 898 1632 929 habe-

161 951 222 992 bit,
233 962 298 994 qua
311 952 415 994 ipsum
435 962 566 995 parvum
582 952 684 994 majus
698 957 758 989 est,
777 952 898 995 quippe
919 963 993 984 cum
1015 963 1054 984 ea
1076 963 1147 995 pars
1171 952 1270 994 ipsius
1298 952 1449 983 exsistat:
1473 957 1569 993 atque
1588 950 1634 982 ita

159 1005 262 1047 ipsum
276 1015 407 1048 parvum
422 1006 524 1048 majus
537 1007 598 1038 erit
611 1006 676 1045 ;.id
692 1010 811 1046 autem,
823 1006 876 1036 cui
891 1005 997 1037 ablata
1010 1016 1081 1047 pars
1095 1005 1259 1047 adjicitur,
1273 1005 1377 1036 minus
1391 1005 1462 1047 crit,
1483 1011 1516 1037 et
1530 1005 1629 1037 nihilo

158 1059 272 1101 majus,
296 1069 391 1102 quam
409 1065 503 1091 antea
525 1059 630 1091 fuerit.
686 1059 778 1091 Istud
806 1059 912 1101 inquit
939 1059 1007 1091 fieri
1027 1070 1092 1091 non
1116 1069 1219 1101 posse.
1265 1059 1338 1097 Quo
1359 1059 1454 1101 igitur
1468 1060 1575 1096 modo,
1609 1070 1629 1090 ο

159 1111 314 1150 Socrates,
341 1113 398 1150 ait,
423 1117 527 1145 cetera
541 1112 707 1154 speciebus
722 1111 973 1153 participabunt,
994 1123 1066 1144 cum
1081 1122 1141 1145 nec
1157 1113 1330 1145 secundum
1346 1117 1440 1154 totas,
1462 1123 1567 1156 neque
1583 1124 1633 1144 se-

158 1167 296 1198 cundum
313 1171 416 1208 partes
427 1177 541 1208 capere
554 1166 696 1208 queant?
741 1166 803 1198 Per
816 1165 837 1197 J
840 1176 942 1204 ovem,
956 1177 1021 1198 non
1037 1167 1106 1198 leve
1121 1167 1272 1210 quiddam
1287 1168 1348 1199 hoc
1362 1168 1403 1199 ad
1419 1168 1632 1199 determinan-

161 1221 238 1253 dum
263 1220 398 1252 videtur.
441 1220 494 1252 Ad
518 1220 599 1252 illud
623 1224 727 1252 autem
750 1219 829 1262 quid
856 1220 926 1251 ais?
972 1221 1159 1259 Quidnam?
1203 1220 1303 1262 Reor,
1331 1225 1362 1252 te
1387 1232 1425 1252 ex
1446 1222 1507 1253 hoc
1532 1231 1628 1253 unam

158 1273 333 1316 quamlibet
357 1274 493 1316 speciem
517 1272 616 1316 [132]
642 1283 772 1316 ponere,
794 1284 868 1306 cum
891 1273 981 1316 plura
1007 1275 1152 1316 quaedam
1175 1285 1289 1316 magna
1313 1274 1370 1306 tibi
1386 1274 1543 1313 videntur,
1566 1286 1631 1307 una

157 1328 302 1370 quiedam
317 1328 421 1360 forsan
435 1328 508 1360 idea
522 1328 581 1359 tibi
594 1328 719 1368 videtur
743 1338 799 1370 per
824 1328 929 1360 omnia
943 1329 1136 1371 respicienti,
1151 1330 1236 1360 unde
1251 1329 1355 1371 ipsum
1370 1339 1467 1360 unum
1482 1339 1629 1371 magnum

157 1392 226 1414 esse
249 1386 352 1424 putas.
396 1382 482 1414 Vera
502 1382 594 1414 dicis.
638 1383 738 1424 Quid,
757 1383 783 1414 si
805 1383 908 1425 ipsum
934 1394 1095 1425 magnum,
1120 1389 1216 1425 atque
1230 1383 1304 1421 alia,
1331 1394 1402 1426 quae
1417 1388 1631 1425 magnasunt,

158 1437 263 1469 animo
279 1438 390 1469 eodem
406 1437 500 1469 modo
516 1447 571 1480 per
586 1437 692 1469 omnia
705 1437 865 1480 respicias,
877 1448 984 1470 nonne
999 1449 1096 1470 unum
1113 1438 1264 1480 quiddam
1280 1447 1427 1480 maguum
1441 1439 1555 1470 iterum
1570 1448 1628 1479 ap-

158 1491 292 1533 parebit,
315 1501 378 1534 quo
399 1491 467 1523 haec
489 1491 595 1523 ornnia
619 1502 733 1534 magna
747 1491 848 1523 videri
868 1502 996 1523 necesse
1017 1491 1088 1524 est?
1133 1492 1292 1534 Apparet.
1333 1492 1458 1524 Idcirco
1481 1491 1542 1523 alia
1560 1490 1628 1534 jam

157 1545 385 1587 magnitudinis
399 1545 534 1588 species,
561 1550 673 1587 praeter
692 1545 795 1587 ipsam
819 1545 1078 1588 magnitudinem,
1103 1550 1137 1577 et
1162 1546 1384 1589 participantia
1399 1546 1631 1588 magnitudine,

157 1597 269 1629 iterum
284 1598 423 1631 elucebit
438 1610 448 1632 ι
471 1604 505 1631 et
517 1601 552 1631 in
566 1599 605 1631 iis
620 1599 764 1631 omnibus
780 1599 842 1631 alia
861 1610 975 1637 rursus,
991 1610 1055 1641 qua
1077 1600 1222 1632 universa
1244 1601 1307 1632 sint
1330 1611 1463 1642 magna:
1488 1611 1547 1632 nec
1562 1611 1628 1631 am-

156 1652 241 1694 plius
256 1663 454 1695 unaquaeque
470 1653 592 1695 species
608 1663 672 1684 una
686 1653 756 1694 erit,
772 1654 826 1685 sed
843 1664 972 1684 numero
989 1653 1094 1695 potius
1108 1653 1252 1686 infinitae.
1297 1654 1344 1685 At
1358 1655 1499 1692 forsitan,
1525 1654 1631 1697 inquit

155 1706 312 1748 Socrates,
325 1707 477 1748 quaelibet
488 1708 597 1738 harum
617 1707 792 1749 specierum
807 1708 896 1739 notio
911 1708 1057 1750 quasdam
1073 1713 1132 1751 est,
1145 1719 1205 1741 nec
1220 1708 1296 1740 alibi
1310 1719 1389 1750 esse,
1403 1718 1495 1752 quam
1511 1709 1544 1740 in
1558 1709 1627 1740 ani-

157 1759 226 1797 mis,
241 1765 357 1802 potest.
381 1761 427 1792 sic
441 1759 526 1792 enirn
542 1770 740 1803 unaquaeque
755 1771 819 1792 uua
832 1761 902 1799 erit,
917 1771 976 1793 nec
991 1762 1177 1804 contingent
1191 1762 1332 1801 ulterius,
1348 1773 1420 1805 quae
1429 1763 1628 1796 dicebantur.

156 1813 245 1851 Quid
260 1815 357 1856 ergo?
380 1814 507 1856 inquit:
529 1814 680 1856 quaelibet
695 1815 782 1846 notio
797 1825 859 1847 una
876 1816 948 1847 est?
970 1816 1060 1847 notio
1072 1821 1190 1858 autem,
1214 1817 1331 1849 nullius
1345 1817 1434 1849 notio
1447 1818 1458 1848 ?
1503 1817 1551 1848 At
1565 1817 1627 1849 hoc

152 1868 357 1910 impossibile.
399 1868 462 1900 Sed
476 1868 661 1910 cujusdam?
707 1868 881 1911 Cujusdam
904 1880 993 1902 sane.
1036 1870 1239 1913 Exsistentis,
1262 1871 1312 1903 vel
1334 1882 1400 1902 non
1422 1871 1625 1903 exsistentis?

157 1920 357 1955 Exsistemis,
402 1921 489 1954 Num
502 1923 592 1954 unius
607 1922 786 1965 cujusdam,
800 1924 886 1966 quod
899 1925 1060 1956 notionem
1075 1924 1160 1956 illam
1171 1925 1204 1956 in
1219 1925 1363 1957 omnibus
1378 1931 1559 1968 sequentem
1576 1926 1626 1957 in—

155 1977 298 2019 telligere
312 1977 401 2018 iicet,
415 1976 521 2009 ideam
536 1977 652 2008 unam?
676 1976 817 2008 Prorsus.
863 1977 1031 2016 Praeteoea,
1046 1989 1151 2011 nonne
1165 1980 1286 2022 species
1308 1980 1386 2021 erit,‚
1400 1981 1461 2012 hoc
1476 1981 1562 2022 quod
1577 1980 1629 2013 in-

152 2031 302 2074 telligitur
325 2041 425 2063 unum
439 2041 519 2070 esse,
532 2041 654 2073 semper
667 2031 702 2062 in
716 2031 862 2064 omnibus
878 2032 987 2065 idem?
1034 2033 1255 2066 Necessarium
1270 2036 1331 2067 hoc
1346 2045 1472 2077 quoque
1489 2035 1624 2068 videtur.

153 2087 240 2125 Quid
257 2087 352 2118 vero?
375 2086 479 2129 inquit
504 2085 719 2124 Parmenides,
744 2096 786 2118 an
800 2096 866 2118 non
881 2097 1011 2119 necesse
1025 2096 1084 2125 est,
1111 2099 1182 2121 cum
1198 2094 1303 2121 cetera
1317 2089 1481 2130 speciebus
1496 2089 1625 2130 partici-

153 2146 244 2184 pent,
266 2149 306 2172 ex
321 2139 504 2171 notionibus
524 2141 775 2183 unumquodque
797 2145 952 2179 constare,
975 2147 1008 2174 et
1029 2142 1204 2184 intelligere
1226 2143 1371 2185 singula?
1394 2142 1444 2174 vel
1467 2153 1539 2174 cum
1561 2143 1625 2174 sint

151 2195 310 2232 notiones,
336 2195 415 2226 nihil
439 2199 545 2226 tamen
568 2195 767 2237 intelligere?
811 2195 874 2227 Sed
891 2206 993 2239 neque
1006 2196 1054 2235 id,
1080 2196 1196 2239 inquit,
1221 2197 1371 2229 rationem
1387 2198 1493 2229 habet.
1515 2206 1623 2228 verum

153 2258 248 2292 quam
271 2249 404 2280 maxime
428 2249 472 2281 sic
488 2249 548 2281 ista
563 2248 640 2280 mihi
654 2260 688 2281 se
702 2249 816 2282 habere
830 2250 990 2290 videntur,
1003 2252 1059 2283 has
1071 2251 1202 2294 quidem
1216 2251 1338 2294 species
1352 2256 1502 2294 tanquam
1517 2261 1622 2283 exem-

154 2303 254 2345 plaria
268 2303 301 2334 in
317 2307 429 2335 natura
442 2302 613 2336 consistere
625 2315 635 2344 3
658 2309 762 2336 cetera
778 2315 852 2336 vcro
877 2305 916 2337 iis
937 2306 1051 2337 similia
1065 2306 1144 2343 fieri,
1169 2311 1264 2348 atque
1279 2316 1348 2338 esse
1361 2305 1537 2342 simulacra,
1565 2316 1625 2338 nec

151 2357 241 2389 aliter
256 2357 315 2388 ista
329 2357 495 2399 speciebus
511 2358 713 2401 participare,
739 2369 833 2401 quam
854 2360 942 2402 quod
963 2360 1027 2391 illis
1048 2360 1161 2392 similia
1182 2361 1274 2392 fiunt.
1317 2361 1352 2392 Si
1367 2360 1445 2403 quid
1461 2360 1565 2402 igitur,
1589 2364 1626 2391 ut

149 2411 208 2449 ais,
234 2412 351 2453 speciei
371 2411 472 2443 simile
497 2417 556 2449 est,
580 2423 656 2444 num
679 2414 829 2455 possibile
855 2419 916 2455 est,
939 2414 1079 2457 speciem
1102 2415 1202 2457 ipsam
1231 2425 1296 2446 non
1310 2426 1378 2447 esse
1393 2414 1525 2446 similem
1542 2414 1623 2456 ejus,

152 2466 238 2508 quod
255 2466 316 2508 ipsi
331 2466 433 2498 simile
447 2467 565 2498 sactum
591 2473 652 2508 est,
671 2472 827 2510 quatenus
846 2468 908 2511 ipsi
929 2468 1048 2502 sactum
1070 2474 1119 2501 est
1139 2469 1267 2501 simile?
1292 2480 1334 2501 an
1356 2468 1488 2511 cogitari
1507 2473 1625 2510 potest,

152 2520 254 2551 simile
276 2529 342 2551 non
365 2530 432 2552 esse
455 2521 548 2552 simili
576 2521 703 2554 simile?
747 2521 824 2554 Non
847 2528 944 2555 certe.
988 2522 1098 2555 Simile
1123 2529 1229 2556 autem
1254 2533 1361 2555 nenne
1374 2524 1468 2555 unius
1482 2522 1623 2564 ejusdem

155 2573 274 2616 speciei
290 2574 464 2606 necessario
480 2574 636 2618 particeps
651 2579 710 2618 est,
735 2575 827 2618 cujus
849 2582 882 2608 ct
907 2577 1002 2619 illud,
1027 2578 1079 2609 cui
1095 2578 1195 2610 simile
1211 2579 1275 2610 sit?
1319 2578 1459 2610 Necesse
1474 2582 1533 2609 est.
1578 2575 1625 2608 At

150 2637 215 2670 quo
237 2627 350 2658 similia
377 2627 600 2670 participantia
626 2629 739 2661 similia
762 2630 856 2668 fiunt,
880 2641 987 2663 nonne
1011 2631 1090 2663 illud
1109 2631 1179 2674 ipsa
1205 2632 1326 2674 species
1347 2631 1426 2663 erit?
1473 2630 1623 2662 Omnino.

150 2678 227 2712 Non
239 2682 335 2723 igitur
350 2685 455 2723 potest
469 2681 642 2724 quidquam
658 2683 778 2725 speciei
793 2684 892 2717 simile
907 2695 987 2723 esse,
1003 2695 1062 2717 nec
1090 2685 1212 2727 species
1237 2685 1339 2718 alteri.
1361 2695 1433 2716 nam
1449 2690 1560 2727 praeter
1575 2684 1625 2725 ip-

150 2745 216 2766 sam
232 2735 382 2778 speciem,
397 2735 521 2777 species
535 2736 597 2768 alia
611 2747 734 2780 semper
748 2745 919 2782 emergeret
933 2751 940 2771 :
964 2740 1050 2782 quod
1067 2739 1091 2771 si
1105 2739 1160 2772 illa
1174 2740 1322 2783 cuiquam
1339 2740 1436 2782 [133]
1452 2739 1492 2770 sit
1506 2738 1625 2775 similis,

151 2788 212 2820 alia
227 2800 350 2822 rursus=
373 2800 433 2822 nec
450 2801 586 2833 unquam
599 2802 778 2834 progressus
794 2793 853 2825 iste
868 2794 1003 2825 cessabit
1018 2804 1027 2827 :
1052 2794 1130 2836 quin
1146 2805 1228 2826 nova
1243 2795 1363 2836 species
1378 2804 1500 2835 semper
1515 2803 1624 2825 occur-

152 2848 211 2884 ret,
225 2842 250 2874 si
266 2843 388 2886 species
403 2845 606 2887 participanti
623 2844 733 2878 similis
748 2847 803 2880 sit.
847 2847 1020 2879 Verissima
1043 2848 1192 2891 loqueris.
1236 2848 1311 2880 Non
1326 2859 1399 2890 ergo
1413 2858 1468 2890 per
1483 2847 1625 2878 similitu-

150 2896 258 2928 dinem
273 2903 378 2930 cetera
399 2899 562 2941 speciebus
577 2900 780 2942 participant,
807 2902 862 2933 sed
879 2901 958 2933 alius
973 2902 1103 2944 quidam
1120 2908 1270 2945 praeterea
1291 2903 1478 2944 quaerendus
1492 2904 1539 2931 est
1553 2909 1624 2941 par-

154 2950 308 2994 ticipandi
331 2954 455 2987 modus.
498 2953 653 2998 Apparet.
699 2953 824 2995 Cernis,
847 2967 867 2987 o
889 2956 1046 3000 Socrates,
1070 2962 1188 3000 quauta
1211 2957 1350 2999 sequitur
1374 2954 1572 2998 ambiguitas,
1597 2953 1624 2985 si
