1846 3268
227 265 296 317 82]
882 258 1056 299 MENO.
1602 262 1680 299 277

220 369 277 411 cit,
303 367 390 400 nulla
412 363 613 408 inquisitione
639 372 719 406 opus
743 367 802 395 est.
847 363 910 395 Sed
935 373 1040 405 neque
1061 362 1146 404 quod
1172 362 1284 400 nescit,
1305 361 1494 404 investigat:
1518 372 1581 394 non
1596 363 1680 396 enirn

219 422 307 455 novit
330 420 408 464 qnid
432 424 560 463 qnaerat.
584 418 660 460 [81]
694 417 793 448 Mun.
815 416 933 448 Nonne
954 421 1038 449 recte
1061 416 1182 454 induci,
1204 427 1224 447 o
1246 416 1400 452 Socrates,
1418 416 1500 447 hanc
1529 417 1680 449 rationem

219 475 399 508 existimas?
445 474 497 506 So.
519 472 738 514 Nequaquam.
782 471 882 504 Men.
908 471 1003 502 Potes
1030 470 1146 507 dicere,
1175 480 1229 501 cur
1257 470 1316 501 tibi
1344 479 1408 502 non
1434 470 1579 512 placeat?
1623 471 1680 502 So.

220 529 363 561 Possum.
386 526 418 558 id
434 526 517 558 enim
532 536 550 557 ει
566 525 637 556 viris
652 534 689 556 ac
704 523 884 555 mulieribus
906 523 1080 555 divinarum
1096 533 1197 555 rerum
1212 523 1320 565 peritis
1335 524 1526 565 quandoque
1541 524 1679 566 percepi.

219 583 317 615 Mna.
343 581 423 619 Quis
437 580 564 612 istorum
579 589 679 611 sermo
694 579 706 609 ?
749 579 807 611 So.
831 578 944 618 Verus,
958 582 994 609 nt
1010 577 1085 608 mibi
1100 577 1233 615 videtur,
1246 582 1342 619 atque
1357 578 1536 620 praeclarus.
1579 578 1679 611 ΜΕΝ.

221 636 312 677 Quis,
336 635 475 677 inquam,
495 633 580 666 iste?
603 637 636 664 et
658 633 786 674 quinam
810 632 986 664 testantur?
1032 631 1089 663 So.
1114 631 1178 669 Qui
1204 631 1265 662 hoc
1287 636 1440 669 asserunt,
1463 630 1599 673 religiosi
1625 630 1684 662 viri

218 694 302 726 sunt,
326 698 362 721 ac
377 688 527 730 religiosae
541 686 637 719 etiam
652 685 807 728 mulieres,
822 686 1061 728 quibuscunque
1084 694 1158 716 cura
1179 684 1309 722 exstitit,
1324 688 1360 715 ut
1377 695 1483 715 eorum
1498 695 1570 727 quae
1586 685 1681 727 proii-

219 747 322 775 tentnr
335 742 486 774 rationem
501 741 631 772 reddere
647 745 786 782 possent.
830 739 940 771 Tradit
955 744 1104 781 praeterea
1118 737 1285 774 Pindarus,
1299 743 1332 768 et
1345 738 1527 780 quicunqne
1549 749 1587 770 ex
1603 739 1682 780 poe-

218 796 258 827 tis
273 795 372 827 divini
388 800 472 832 sunt,
488 795 563 826 talia
578 795 722 837 quaedam
737 805 744 825 :
767 804 838 835 quae
853 793 993 833 adverte,
1014 802 1132 834 quaeso,
1155 802 1231 823 num
1246 801 1318 823 vera
1332 792 1387 823 tibi
1400 793 1575 826 videantur.
1621 793 1682 825 Fe-

218 853 290 881 runt
304 850 389 880 enim
403 848 536 880 hominis
551 849 688 879 animum
704 847 908 878 immortalem
922 857 989 878 esse
1002 857 1010 878 ε
1033 856 1167 888 eumque
1183 851 1248 877 tum
1265 846 1430 884 decedere,
1445 846 1531 887 quod
1553 847 1680 888 quidem

219 902 297 934 mori
312 907 451 935 vocant:
475 907 541 934 tum
565 902 678 933 iterum
702 900 820 932 redire:
844 901 970 932 interire
985 910 1058 932 vero
1081 910 1254 942 nunquam.
1277 911 1370 942 quam
1392 901 1433 931 ob
1449 910 1572 932 causam
1586 901 1681 931 vitam

219 963 313 999 quarn
340 956 536 988 sanctissime
561 966 652 997 agere
676 960 817 987 monent.
863 955 1057 997 Quicunque
1081 954 1165 986 enim
1181 965 1289 996 poenas
1304 954 1442 996 antiquae
1457 954 1587 986 miseriae
1603 954 1682 985 Pro-

219 1011 350 1052 serpinae
356 1010 423 1052 jam
439 1010 606 1047 dederunt,
621 1008 659 1041 iis
673 1008 728 1040 illa
742 1009 783 1040 ad
796 1019 964 1050 supernum
981 1008 1077 1040 solem
1093 1018 1176 1039 nono
1193 1018 1276 1039 anno
1299 1018 1402 1040 rursus
1416 1008 1552 1039 animam
1566 1009 1682 1047 reddit,

218 1073 383 1106 quousque
409 1063 442 1094 in
467 1073 568 1105 reges,
594 1062 704 1104 gloria,
729 1063 887 1094 celeritate
914 1062 1131 1105 sapientiaque
1155 1066 1337 1104 praestantes
1357 1063 1504 1094 evadant.
1526 1062 1680 1104 reliquum

217 1123 322 1149 autern
339 1123 460 1159 tempus
476 1117 574 1149 sancti
590 1116 701 1149 hero'e's
716 1117 796 1148 inter
811 1117 951 1148 homines
969 1122 1128 1148 vocantur.
1173 1116 1255 1148 Cum
1269 1127 1342 1158 ergo
1359 1116 1479 1147 animus
1497 1116 1682 1147 immortalis

217 1170 270 1209 sit,
285 1181 322 1204 ac
346 1171 460 1213 saepius
486 1171 518 1202 in
538 1171 619 1202 hanc
634 1171 730 1201 vitam
754 1171 890 1208 redierit,
911 1170 1087 1212 videritque
1111 1180 1250 1212 persaepe
1272 1175 1305 1202 et
1329 1180 1401 1212 quas
1426 1170 1460 1202 in
1486 1171 1545 1202 hac
1559 1175 1592 1202 et
1607 1180 1679 1212 quas

217 1224 250 1257 in
279 1225 340 1257 alin
363 1226 427 1257 vita
450 1230 533 1263 sunt,
565 1224 732 1266 omniaque
762 1223 957 1266 perceperit:
992 1223 1068 1254 nihil
1099 1223 1211 1265 utique
1237 1229 1343 1260 restat,
1369 1223 1446 1265 quin
1470 1224 1538 1265 ipse
1560 1223 1681 1256 didice-

213 1279 265 1314 rit.
298 1291 392 1322 quam
419 1281 461 1312 ob
482 1290 545 1311 rem
571 1279 649 1310 nihil
671 1279 780 1310 mirum
795 1283 854 1316 est,
870 1277 895 1309 si
919 1288 1038 1315 eorum,
1059 1288 1130 1319 quae
1147 1278 1187 1308 ad
1203 1278 1348 1309 virtutem
1373 1283 1407 1309 et
1431 1278 1471 1309 ad
1498 1279 1558 1309 alia
1583 1279 1680 1320 perti-

217 1338 307 1374 nent,
321 1333 479 1366 reminisci
503 1332 614 1374 possit,
629 1331 749 1373 quippe
774 1342 846 1363 cum
869 1331 944 1362 olim
969 1331 1024 1362 illa
1050 1331 1243 1372 cognoverit.
1291 1331 1371 1364 Cum
1387 1332 1471 1363 enim
1488 1335 1555 1363 tota
1568 1337 1679 1364 natura

218 1392 354 1429 cognata
368 1387 408 1418 sit
423 1397 460 1419 ac
476 1386 602 1418 sibimet
615 1395 768 1426 consona,
783 1390 816 1416 et
831 1385 952 1416 animus
967 1389 1082 1417 cuncta
1098 1384 1255 1423 didicerit,
1267 1385 1346 1416 nihil
1362 1385 1506 1427 prohibet
1520 1385 1680 1417 hominem

217 1441 310 1472 unius
335 1439 499 1482 cujusdam
523 1438 787 1480 reminiscentem,
801 1448 895 1480 quam
920 1438 1119 1480 disciplinam
1134 1444 1261 1476 vocant,
1274 1439 1392 1481 reliqua
1417 1439 1524 1470 omnia
1547 1450 1681 1481 recupe-

216 1503 293 1532 rare,
310 1495 336 1526 si
351 1491 420 1536 quis
434 1494 514 1525 adeo
526 1492 614 1524 sortis
629 1492 679 1529 sit,
695 1496 729 1523 ut
743 1492 912 1533 quaerendo
928 1491 1054 1523 minime
1069 1492 1227 1534 fatigetur.
1249 1503 1386 1534 quaerere
1397 1492 1494 1535 igitur
1508 1504 1545 1525 ac
1560 1493 1680 1525 discere

215 1547 449 1580 reminiscentia
473 1552 531 1579 est.
574 1546 775 1588 Quapropter
800 1546 943 1587 litigiosae
965 1545 1013 1576 illi
1041 1546 1303 1588 argumentationi
1329 1557 1527 1589 nequaquam
1553 1548 1681 1580 credere

218 1602 321 1634 decet.
345 1601 451 1643 pigros
466 1600 551 1633 enim
567 1610 625 1632 nos
641 1600 873 1643 quodammodo
896 1600 1052 1631 redderet.
1074 1610 1112 1631 ea
1136 1610 1263 1642 quoque
1286 1601 1478 1632 mollioribus
1503 1601 1682 1633 hominibus

218 1655 347 1687 mirifice
359 1654 476 1697 placet.
521 1653 617 1685 Ratio
633 1659 738 1685 autem
752 1659 857 1685 nostra
874 1654 1004 1685 solertes
1018 1664 1118 1685 rerum
1135 1654 1371 1696 investigatores
1394 1655 1511 1686 efficit:
1535 1665 1598 1697 qus
1612 1655 1680 1697 ipse

216 1713 328 1750 utpote
343 1718 414 1740 vera
428 1708 537 1745 fretus,
553 1718 615 1739 una
635 1713 739 1739 tecum
754 1707 830 1749 quid
845 1708 885 1738 sit
898 1708 994 1739 virtus
1009 1709 1193 1750 perscrutari
1208 1709 1363 1740 desidero.
1408 1709 1508 1740 ΜΕΝ.
1529 1708 1643 1746 Immo,
1659 1719 1679 1740 ο

217 1761 369 1794 Socrates.
393 1762 448 1793 sed
464 1771 538 1792 num
553 1761 696 1793 absolute
713 1761 744 1791 id
760 1762 882 1802 asseris,
899 1772 956 1792 nos
973 1762 1100 1793 minime
1119 1763 1238 1794 discere
1252 1775 1259 1794 ε
1284 1773 1377 1804 qnam
1392 1773 1464 1794 vero
1480 1762 1679 1804 disciplinam

216 1825 375 1852 vocamus,
388 1814 648 1846 reminiscentiam
663 1825 731 1846 esse
745 1815 756 1846 ?
779 1820 911 1856 potesne
927 1816 988 1847 hoc
1004 1816 1047 1846 ita
1060 1826 1127 1848 esse
1150 1827 1199 1847 me
1221 1817 1334 1848 docere
1347 1817 1358 1847 ?
1404 1816 1462 1848 So.
1485 1816 1524 1846 In
1539 1816 1679 1857 superio-

215 1870 300 1901 ribus
313 1879 451 1912 quoque,
467 1879 486 1900 o
497 1869 632 1911 Menon,
648 1874 679 1900 te
694 1869 844 1901 callidum
860 1880 927 1901 esse
941 1870 1018 1907 dixi,
1033 1875 1066 1900 et
1080 1880 1165 1901 nunc
1181 1881 1269 1912 rogas
1289 1875 1391 1901 utrum
1415 1870 1527 1901 docere
1552 1875 1584 1901 te
1606 1878 1678 1911 pos·

217 1923 288 1960 sim,
303 1933 374 1955 cum
391 1928 464 1954 ante
479 1923 597 1954 nullam
613 1933 680 1954 esse
695 1923 909 1964 disciplinam,
933 1923 1009 1966 [82]
1033 1924 1087 1954 sed
1100 1923 1375 1965 reminiscentiam,
1387 1924 1567 1955 asseruerim
1582 1936 1589 1954 :
1613 1929 1649 1955 ut
1661 1934 1680 1955 e

215 1977 348 2019 vestigio
363 1976 440 2008 mibi
454 1977 515 2019 ipsi
528 1987 700 2019 repugnare
714 1977 830 2009 videar.
875 1977 974 2008 ΜΕΝ.
997 1977 1058 2008 Per
1071 1978 1197 2019 Jovem,
1214 1989 1232 2009 o
1248 1979 1403 2016 Socrates,
1415 1989 1478 2010 non
1491 1980 1550 2011 hoc
1562 1979 1679 2017 animo,

220 2030 274 2062 sed
291 2031 396 2072 potius
420 2031 649 2063 consuetudine
672 2032 807 2073 quadam
829 2031 876 2062 ita
903 2031 1029 2063 locutus
1051 2042 1132 2063 sum.
1155 2033 1239 2074 quod
1256 2032 1358 2075 siqua
1374 2033 1495 2064 ratione
1508 2033 1585 2064 illud
1603 2033 1680 2065 mihi

217 2086 382 2117 ostendere
397 2089 501 2127 potes,
514 2086 646 2117 ostende
661 2085 803 2117 obsecro.
847 2086 905 2119 So.
927 2085 1182 2128 Haudquaquam
1196 2086 1288 2118 facile
1302 2092 1368 2119 est:
1394 2086 1442 2118 tui
1463 2092 1566 2118 tamen
1582 2086 1680 2129 gratia

217 2138 375 2180 explicare
400 2139 549 2171 conabor.
598 2138 713 2171 Verum
737 2139 798 2171 huc
821 2139 861 2171 ad
878 2149 926 2170 me
949 2150 1046 2170 unum
1067 2139 1201 2182 aliquem
1217 2140 1359 2177 istorum,
1375 2140 1429 2181 qui
1449 2145 1480 2171 te
1496 2146 1678 2182 sequuntur,

216 2201 352 2230 accerse,
367 2197 404 2223 ut
416 2192 450 2223 in
462 2202 501 2223 eo
517 2192 813 2224 demonstrationem
824 2193 906 2224 hanc
920 2193 1124 2235 experiamur.
1168 2193 1268 2225 Man.
1289 2193 1448 2225 Libenter.
1470 2194 1547 2225 heus
1558 2199 1606 2235 tu,
1618 2195 1680 2226 huc

217 2246 364 2279 adventa.
410 2246 467 2278 So.
491 2245 662 2278 Graecusne
687 2252 746 2284 est,
770 2252 804 2278 et
824 2247 935 2279 Graece
961 2247 1121 2289 loquitur?
1165 2247 1263 2279 Men.
1285 2247 1328 2278 Et
1351 2246 1481 2279 Graecus
1507 2251 1566 2288 est,
1591 2253 1624 2279 et
1645 2247 1679 2280 in

216 2300 312 2331 domo
326 2310 394 2331 mea
410 2300 533 2342 genitus
546 2306 641 2342 atque
655 2301 819 2333 educatus.
864 2302 919 2333 So.
942 2301 1083 2333 Attende
1105 2301 1211 2342 igitur,
1232 2311 1307 2332 num
1323 2301 1368 2332 illi
1385 2312 1550 2333 memorem
1566 2311 1606 2332 an
1621 2302 1679 2333 do-

215 2363 315 2386 ceam.
361 2354 461 2387 Meu.
485 2354 660 2386 Attendam
676 2360 771 2389 certe.
817 2355 873 2386 So-
898 2354 963 2387 Dic
978 2365 1048 2397 age,
1071 2365 1091 2386 ο
1116 2365 1205 2396 puer.
1220 2355 1424 2396 cognoscisne
1438 2355 1501 2386 tale
1524 2355 1585 2387 hoc
1606 2366 1677 2398 spa·

218 2407 296 2438 tium
311 2408 561 2450 quadrangulum
577 2409 668 2441 esse?
713 2409 778 2441 Pu.
802 2409 972 2451 Equidem.
1017 2409 1071 2440 So.
1094 2408 1241 2440 Habetne
1256 2409 1488 2451 quadrangulus
1501 2409 1557 2440 has
1570 2419 1679 2441 omnes

217 2466 351 2503 quatuor
364 2462 462 2493 lineas
476 2462 637 2504 aequales?
682 2464 745 2496 Pu.
768 2463 884 2496 Habet.
930 2463 988 2494 So.
1013 2462 1067 2494 An
1083 2474 1147 2494 non
1162 2468 1195 2495 et
1212 2464 1286 2495 istas
1300 2474 1370 2506 quae
1387 2474 1441 2505 per
1455 2464 1591 2495 medium
1605 2474 1678 2506 pro-

218 2515 393 2552 trahuntur,
412 2516 549 2558 aequales
567 2517 685 2548 habet?
730 2517 794 2550 Pu.
819 2518 862 2548 Et
889 2518 974 2549 istas.
1019 2518 1076 2550 So.
1096 2517 1214 2549 Nonne
1243 2522 1276 2549 et
1303 2517 1404 2560 major
1428 2523 1461 2549 et
1483 2518 1585 2549 minor
1608 2528 1678 2549 esse

216 2569 346 2611 potest?
391 2568 455 2601 Pu.
478 2569 599 2602 Potest.
645 2571 702 2604 So.
724 2571 758 2603 Si
772 2582 846 2614 ergo
861 2572 903 2603 sit
916 2573 977 2603 hoc
997 2572 1078 2603 latus
1101 2572 1232 2603 duorum
1248 2572 1377 2614 pedum,
1393 2576 1425 2603 et
1438 2572 1522 2603 istud
1549 2580 1677 2613 quoque

215 2621 359 2660 duorum,
373 2627 454 2664 quot
466 2623 584 2665 pedum
601 2628 701 2655 totum
716 2625 818 2667 ipsum
834 2625 916 2657 erit?
960 2626 1014 2657 Sic
1038 2630 1141 2658 autem
1157 2626 1331 2658 considera.
1375 2625 1410 2658 Si
1425 2625 1506 2657 latus
1519 2626 1580 2657 hoc
1595 2626 1677 2658 duo·-

214 2685 282 2707 rum
296 2682 378 2708 esset
393 2677 521 2718 pedum,
543 2676 623 2709 illud
639 2688 712 2710 vero
732 2680 836 2717 unius,
851 2684 974 2711 essetne
997 2680 1068 2722 plus
1089 2690 1182 2722 qoam
1208 2679 1302 2711 semel
1318 2680 1449 2711 duorum
1475 2680 1592 2721 pedum
1615 2679 1676 2711 hoc

215 2728 349 2771 spatium
367 2730 379 2760 ἓ
423 2728 488 2761 Pu.
510 2730 624 2764 Semel.
669 2731 726 2764 So.
749 2732 909 2770 Quoniam
927 2743 1000 2764 vero
1022 2733 1151 2765 alterum
1167 2743 1293 2776 quoque
1313 2733 1394 2765 latus
1409 2734 1540 2764 duorum
1557 2733 1675 2775 pedum

213 2787 273 2822 est,
297 2793 372 2814 num
398 2782 485 2815 aliud
509 2794 602 2826 quam
627 2785 675 2816 bis
697 2786 828 2818 duorum
851 2787 968 2829 pedum
992 2787 1051 2819 fit?
1095 2787 1160 2820 Pu.
1183 2787 1270 2819 Istuc
1293 2787 1407 2829 ipsum.
1452 2787 1507 2818 So.
1530 2786 1674 2818 Duorum

218 2847 293 2879 ergo
307 2835 356 2868 bis
372 2838 487 2879 pedum
500 2837 642 2871 efficitur.
689 2839 753 2871 Pu.
775 2839 837 2872 Ita.
882 2840 938 2872 So.
963 2841 1123 2878 Quotnam
1139 2846 1212 2873 sunt
1225 2841 1273 2873 bis
1287 2842 1351 2872 duo
1373 2841 1494 2883 pedes?
1517 2844 1675 2880 computa.

216 2889 280 2922 Pu.
303 2891 456 2929 Quatuor.
500 2891 557 2924 So.
582 2891 635 2924 An
649 2903 714 2924 non
729 2892 795 2925 fieri
808 2899 916 2936 posset
930 2895 1063 2936 spatium
1088 2895 1174 2927 aliud
1201 2896 1240 2927 ad
1267 2896 1327 2926 hoc
1342 2895 1486 2937 duplum,
1501 2894 1618 2924 habens
1634 2893 1675 2924 si-

215 2943 329 2977 militer
355 2955 462 2977 omnes
486 2946 622 2988 aequales
644 2946 752 2986 lineas,
769 2948 1030 2990 quemadmodum
1057 2949 1143 2981 istud
1160 2949 1273 2982 habere
1289 2949 1400 2981 vides?
1445 2949 1507 2979 Pu.
1532 2947 1671 2978 Prorsus.
