1846 3268
222 243 296 281 116
810 240 1077 281 PLATONIS
1585 245 1686 297 [144'

220 344 363 376 Atterum
379 343 528 387 quiddam
546 343 613 376 esse
630 353 755 375 necesse
771 349 818 374 cst
833 342 931 385 ipsius
941 336 1119 380 essentiam,
1131 342 1260 375 aiterum
1279 354 1350 375 vero
1365 343 1465 386 ipsum
1482 356 1489 376 ι
1514 345 1539 376 si
1555 345 1684 388 quidem

221 409 284 429 non
301 399 435 430 essentia
449 398 551 439 ipsum
568 408 677 432 unum,
704 397 757 428 sed
776 401 810 427 ut
824 407 920 427 unum
942 397 1078 428 essentia
1099 396 1278 439 participat.
1322 398 1461 429 Necesse
1482 403 1542 431 est.
1586 399 1683 436 Quod

224 452 250 482 si
263 451 394 483 aiterum
410 452 556 488 essentia,
573 451 703 482 aiterum
721 461 815 480 unum
830 461 838 482 ς
863 450 964 491 ipsum
982 461 1077 481 unum
1093 461 1157 482 non
1171 461 1210 482 ex
1224 462 1275 488 eo,
1294 452 1380 493 quod
1398 462 1507 488 unum,
1522 452 1562 483 ab
1579 463 1685 484 esseu-

221 505 266 535 tia
280 505 410 535 alterum
426 510 494 536 est:
518 515 621 545 neque
641 503 788 540 essentia,
813 503 846 534 in
870 509 1022 544 quantum
1043 505 1190 542 essentia,
1217 505 1258 535 ab
1278 516 1342 536 uno
1357 510 1405 536 est
1419 505 1536 536 attera:
1561 506 1615 536 sed
1631 516 1687 547 per

219 558 268 594 id,
294 559 378 599 qnod
401 563 450 589 est
470 558 572 599 ipsum
598 568 652 598 per
674 568 707 588 se
728 558 872 594 atterum,
891 562 924 588 et
945 557 1047 599 ipsum
1070 567 1124 598 per
1145 569 1178 589 se
1197 557 1296 594 aliud,
1324 558 1421 589 altera
1445 563 1518 589 sunt
1540 558 1684 591 invicem.

223 611 363 642 Prorsus.
409 611 619 648 Quamobrem
640 611 742 652 ipsum
766 610 896 641 atterum
921 620 980 642 nec
1005 611 1072 651 uni,
1094 621 1153 642 nec
1177 612 1320 642 essentiae
1345 611 1427 642 idem
1452 616 1510 643 est.
1556 611 1685 643 Verum.

224 664 312 701 Quid
327 675 401 706 ergo
414 665 426 695 ἶ
449 665 476 695 si
492 676 529 696 ex
544 665 612 696 istis
627 664 813 705 elegerimus
828 664 892 695 sive
907 664 1073 695 essentiam
1086 669 1119 695 et
1135 664 1278 700 aiterum,
1293 675 1346 695 seu
1359 664 1524 696 essentiam
1539 669 1572 696 et
1582 675 1692 706 unum,

223 717 287 748 sive
303 728 400 748 unum
418 723 451 750 et
475 717 631 749 alterum:
657 728 762 749 noune
789 718 821 748 in
845 717 986 759 qualibet
1000 718 1189 749 assumtione
1210 718 1371 749 elieiemus
1387 718 1505 760 aiiqua,
1531 728 1602 760 quae
1619 718 1691 760 jure

225 771 319 801 ambo
337 771 489 812 appellari
507 771 679 812 poterunt?
702 771 897 808 Quomodo?
932 770 1004 802 Hoc
1030 771 1139 807 modo,
1163 769 1304 812 inquam.
1327 770 1442 802 licetne
1456 771 1621 802 essentiam
1642 771 1691 802 di-

223 825 320 856 cere?
343 825 445 857 Licet.
470 825 654 867 Rursusque
666 825 771 856 dicere
788 824 907 855 unum?
930 824 974 855 Et
994 824 1091 856 istud.
1123 824 1240 855 Nonne
1257 828 1420 866 utrumqne
1432 823 1554 856 iliorum
1569 824 1688 856 dictum

224 879 293 909 cst?
317 878 449 911 Dictum
477 885 653 921 utrumque.
688 878 822 917 Quoties
840 878 1005 910 essentiam
1029 883 1062 909 et
1085 889 1181 909 unum
1203 878 1289 916 dico,
1317 888 1357 909 nn
1385 888 1451 909 non
1475 878 1568 909 ambo
1592 878 1692 909 dico?

226 931 329 964 Dicis.
375 933 418 963 Et
431 933 457 964 si
472 934 636 965 essentiam
652 938 747 975 atque
770 933 913 973 alterum,
927 933 994 963 sive
1010 932 1141 963 aiterum
1157 937 1252 973 atque
1267 942 1378 972 unum,
1403 942 1508 963 nonne
1523 931 1556 962 in
1572 932 1612 962 iis
1628 931 1692 962 sin-

226 985 307 1025 gulis
320 986 411 1016 ambo
428 986 524 1017 dieo?
548 987 688 1018 Prorsus.
710 986 791 1023 Quas
807 996 880 1016 vero
897 986 989 1016 ambo
1004 990 1088 1017 recte
1104 985 1264 1027 appeilata
1280 991 1365 1026 sunt,
1390 985 1542 1026 numquid
1561 990 1693 1027 possunt

226 1040 319 1069 ambo
334 1049 414 1076 esse,
428 1049 532 1081 neque
549 1044 652 1071 tamen
667 1050 735 1071 esse
752 1040 816 1070 duo
829 1039 841 1070 ?
873 1038 1096 1079 Nequaquam.
1131 1038 1176 1068 At
1199 1048 1270 1079 quae
1286 1039 1350 1069 duo
1366 1043 1449 1075 sunt,
1464 1039 1634 1080 cogitat-ine
1649 1039 1694 1071 ita

226 1097 372 1132 possunt,
398 1098 434 1123 ut
447 1104 511 1123 non
527 1093 649 1124 illorum
668 1098 832 1134 utrumque
848 1103 942 1122 unum
958 1091 1022 1122 sit?
1053 1090 1202 1122 Minime.
1237 1091 1394 1128 Quoniam
1410 1091 1504 1133 igitur
1517 1090 1578 1123 ista
1599 1092 1692 1123 simul

205 1179 211 1183 ,
226 1146 291 1176 duo
307 1150 392 1188 sunt,
406 1145 525 1178 idcirco
541 1147 787 1189 unumquodque
805 1156 900 1176 unum
916 1145 1047 1177 exsistit.
1093 1144 1239 1177 Videtur.
1284 1145 1319 1175 Si
1335 1155 1432 1176 unum
1456 1145 1621 1186 quodlibet
1637 1157 1693 1177 eo-

226 1209 294 1230 rum
309 1204 369 1237 est,
384 1205 417 1231 et
431 1205 596 1242 utrumque
612 1211 707 1230 unum
724 1205 833 1231 mutuo
848 1199 984 1241 quodam
1000 1197 1151 1240 conjugio
1167 1198 1300 1230 invicem
1316 1204 1365 1229 est
1379 1209 1567 1236 connexum,
1588 1209 1694 1230 nonne

227 1252 286 1284 tria
309 1253 454 1285 universa
481 1254 655 1285 resultant?
679 1254 831 1285 Maxime.
865 1253 940 1284 Tria
964 1263 1036 1283 vero
1059 1263 1166 1283 nonne
1190 1252 1336 1294 imparia,
1360 1252 1424 1283 duo
1449 1257 1555 1284 autem
1581 1252 1693 1295 paria?

228 1306 349 1343 Quidni
362 1307 375 1338 ἓ
417 1307 461 1338 Ει
474 1318 545 1339 cum
560 1308 624 1338 duo
641 1307 716 1345 sint,
732 1318 838 1339 nonne
854 1317 982 1338 necesse
997 1311 1058 1346 est,
1072 1306 1166 1337 etiam
1182 1306 1231 1337 bis
1246 1306 1356 1337 adesse
1370 1316 1377 1336 ε
1401 1311 1434 1337 et
1447 1317 1517 1338 cum
1534 1306 1602 1344 tria,
1621 1311 1668 1337 ter
1681 1307 1692 1336 ?

229 1361 256 1391 si
270 1360 398 1402 quidem
414 1361 538 1393 duobus
552 1361 636 1393 inest
645 1362 693 1393 bis
709 1372 817 1399 unum,
833 1361 932 1392 tribus
947 1371 1019 1391 vero
1035 1365 1081 1391 ter
1098 1371 1205 1392 uuum.
1228 1359 1380 1392 Necesse.
1403 1360 1540 1392 Duobus
1555 1361 1693 1402 denique

228 1414 449 1446 exsistentibus
464 1426 501 1447 ac
527 1415 590 1455 bis,
613 1426 740 1447 necesse
761 1420 809 1446 est
827 1416 892 1446 duo
918 1415 965 1446 bis
987 1425 1075 1446 esse:
1100 1419 1132 1445 et
1154 1414 1252 1445 tribus
1276 1414 1496 1445 exsistentibus
1522 1418 1616 1455 atque
1638 1418 1697 1451 ter,

229 1478 336 1500 nonne
351 1479 478 1500 necesse
493 1475 542 1501 est
556 1480 657 1500 rursus
677 1469 734 1500 tria
756 1474 803 1501 ter
826 1469 917 1500 esse?
954 1468 1098 1506 Quidni?
1132 1468 1221 1505 Quid
1237 1467 1334 1499 vero?
1357 1468 1454 1498 tribus
1475 1467 1696 1499 exsistentibus

226 1526 322 1564 atquc
339 1523 397 1562 bis,
411 1527 444 1553 et
459 1523 583 1555 duobus
598 1527 693 1564 atque
710 1527 756 1554 ter
770 1522 1006 1563 exsistentibus,
1032 1533 1160 1553 necesse
1181 1526 1229 1552 est
1244 1522 1302 1552 tria
1317 1521 1364 1552 bis
1380 1532 1459 1559 esse,
1484 1531 1522 1553 ac
1547 1521 1593 1552 bis
1610 1521 1694 1552 tria?

229 1575 370 1608 Necesse
386 1582 434 1608 est
449 1578 588 1610 omnino.
635 1577 736 1608 Erunt
750 1577 845 1618 igitur
861 1577 976 1619 pariter
992 1577 1091 1617 paria,
1107 1576 1326 1617 impariterque
1350 1575 1447 1616 [144]
1470 1575 1613 1617 imparia,
1636 1585 1696 1606 nec

231 1640 296 1660 non
313 1631 441 1672 imparia
464 1631 591 1673 pariter,
613 1635 647 1663 et
668 1631 826 1673 impariter
849 1631 945 1672 paria.
969 1630 1074 1662 Certe.
1097 1630 1129 1660 Si
1153 1631 1219 1661 ha’c
1244 1629 1287 1661 ita
1302 1640 1334 1662 se
1358 1630 1486 1671 habent,
1501 1639 1575 1660 num
1592 1634 1698 1671 putas,

231 1683 330 1714 nilum
357 1694 519 1715 numerum
543 1685 689 1726 relinqui,
714 1685 767 1727 qui
793 1695 858 1715 non
882 1684 1056 1715 necessario
1082 1683 1148 1714 illic
1162 1684 1261 1714 insit?
1284 1682 1429 1715 Nullum.
1450 1683 1586 1720 Idcirco,
1609 1683 1635 1714 si
1648 1689 1696 1714 est

231 1747 342 1774 unum,
357 1748 484 1769 necesse
499 1744 548 1769 est
561 1744 594 1770 et
613 1749 774 1769 numerum
798 1748 877 1770 esse.
908 1737 1024 1770 Procul
1052 1737 1162 1768 dubio.
1196 1737 1290 1774 Item,
1317 1737 1344 1768 si
1358 1747 1503 1768 numerus
1517 1741 1581 1774 est‚·
1599 1737 1697 1768 muita

233 1791 342 1833 utique
357 1797 442 1829 sunt,
458 1797 490 1823 et
505 1792 630 1823 infinita
644 1792 764 1823 entium
790 1792 958 1823 multitudo
974 1803 982 1823 z
1007 1797 1062 1822 aut
1084 1801 1149 1822 non
1171 1790 1312 1822 infinitus
1327 1801 1472 1822 numerus
1487 1790 1700 1831 multitudine,

231 1850 264 1875 et
280 1845 435 1886 particeps
449 1846 591 1876 essentiae
605 1847 665 1877 fit?
690 1845 842 1877 Maxime.
877 1846 974 1882 Quod
990 1845 1017 1876 si
1033 1850 1117 1876 totus
1133 1845 1202 1886 ipse
1219 1855 1364 1876 numerus
1380 1850 1428 1876 est
1442 1844 1586 1876 essentiae
1603 1844 1699 1886 parti-

231 1909 320 1940 ceps,
335 1909 534 1940 unaquaeque
549 1900 644 1931 etiam
662 1900 816 1941 particula
831 1900 950 1931 numeri
967 1899 1103 1931 essentia
1119 1898 1333 1940 participabit.
1356 1899 1496 1930 Prorsus.
1520 1898 1582 1929 Per·
1593 1897 1700 1928 omnia

232 1962 319 1994 ergo,
330 1962 401 1993 quae
418 1953 515 1983 multa
531 1958 615 1991 sunt,
630 1954 768 1985 essentia
782 1953 988 1989 distribuitur,
1003 1963 1062 1984 nec
1077 1953 1117 1983 ab
1133 1951 1239 1993 aliquo
1253 1962 1371 1989 eorum,
1397 1962 1469 1993 qua:
1491 1955 1575 1988 sunt,
1597 1951 1701 1991 abest,

232 2016 288 2037 seu
303 2005 464 2036 minimum
479 2006 540 2038 hoc
555 2006 608 2044 sit,
624 2006 689 2038 sive
706 2007 885 2037 maximum.
930 2006 1036 2048 Atque
1053 2007 1085 2036 id
1101 2005 1243 2037 dubitare
1268 2005 1435 2037 absurdum
1456 2009 1515 2036 est.
1538 2006 1698 2047 quomodo

232 2058 316 2090 enim
331 2060 468 2090 essentia
483 2060 523 2091 ab
538 2060 644 2102 aliquo
656 2071 775 2098 eorum,
799 2071 870 2102 quae
885 2065 970 2100 sunt,
992 2060 1099 2090 abesse
1118 2063 1223 2100 potest
1236 2058 1248 2089 ?
1271 2058 1381 2090 Nullo.
1403 2058 1516 2090 Divisa
1528 2063 1577 2089 est
1592 2057 1699 2100 igitur,

234 2113 339 2154 quoad
364 2113 429 2144 fieri
450 2117 566 2154 potest,
591 2114 623 2144 in
641 2113 767 2144 minima
782 2118 815 2144 et
830 2113 976 2154 maxima,
1003 2118 1098 2154 atque
1122 2113 1157 2144 in
1178 2112 1294 2150 onmia,
1318 2123 1389 2154 quae
1412 2112 1698 2155 quomodocunque

235 2171 319 2206 sunt,
344 2167 540 2208 maximeque
562 2167 701 2198 omnium
726 2167 904 2203 distributa,
928 2172 961 2197 et
987 2167 1119 2197 intiuitae
1135 2172 1208 2196 sunt
1222 2167 1364 2197 essentias
1380 2171 1496 2208 partes.
1539 2165 1592 2198 Sic
1607 2176 1640 2196 se
1654 2167 1703 2197 res

234 2220 341 2251 habet.
386 2220 532 2252 Plurimae
547 2220 644 2262 igitur
660 2220 744 2252 illius
761 2225 864 2262 partes
879 2225 962 2250 sunt.
987 2220 1135 2251 Plurimae
1149 2226 1246 2252 certe.
1280 2220 1366 2257 Quid
1382 2220 1479 2251 vero?
1502 2225 1591 2251 estne
1609 2219 1703 2260 quid-

236 2284 330 2315 quam
346 2285 383 2304 ex
400 2274 478 2312 istis,
494 2276 578 2316 quod
596 2274 723 2316 quidem
741 2285 812 2316 pars
826 2274 971 2305 essentias
985 2274 1037 2315 sit,
1056 2263 1248 2304 non‘tamen
1267 2284 1336 2315 pars
1349 2273 1420 2314 ipsa
1433 2283 1529 2304 unum
1552 2273 1701 2315 quiddam

236 2327 301 2358 sit?
347 2326 393 2358 At
407 2338 470 2369 quo
486 2333 579 2370 pacto
595 2329 627 2359 id
644 2328 756 2359 tieret?
800 2328 916 2359 Verum
933 2331 1110 2368 postquam,
1133 2332 1169 2358 ut
1193 2327 1332 2364 arbitror,
1354 2331 1414 2363 est,
1439 2336 1566 2358 necesse
1582 2331 1629 2356 est
1652 2326 1701 2367 ip-

237 2391 302 2411 sam
318 2391 450 2422 semper,
476 2383 627 2423 quamdiu
652 2387 712 2420 est,
733 2393 829 2413 unum
845 2381 965 2423 aliquid
980 2392 1068 2412 esse:
1093 2381 1172 2411 nihil
1197 2385 1302 2411 autem
1326 2391 1406 2420 esse,
1428 2379 1621 2420 impossibile
1641 2385 1700 2411 est.

240 2433 372 2476 Absque
388 2435 497 2466 dubio.
541 2435 617 2467 Non
634 2436 734 2467 solum
749 2447 824 2477 ergo
839 2435 990 2466 universae
1005 2435 1161 2471 essentiae,
1186 2435 1240 2464 sed
1258 2433 1340 2464 illius
1355 2434 1447 2464 etiam
1462 2433 1593 2474 singuiis
1609 2433 1704 2474 parti-

239 2488 297 2518 bus
311 2498 410 2518 unum
427 2489 527 2526 adest,
554 2495 674 2531 partem
700 2490 818 2520 nullam
841 2489 997 2525 deserens,
1021 2488 1086 2519 sive
1110 2487 1208 2528 major
1223 2487 1277 2517 illa
1291 2486 1432 2528 quidem,
1460 2497 1514 2517 scu
1531 2486 1630 2517 minor
1650 2486 1704 2523 sit,

239 2542 304 2572 sive
321 2543 606 2584 quomodocunque
622 2554 655 2574 se
670 2544 797 2576 habeat.
843 2542 896 2573 Sic
920 2547 978 2575 est.
1022 2541 1184 2583 Numquid
1202 2551 1272 2572 cum
1288 2541 1328 2571 sit
1344 2550 1452 2579 unum,
1475 2539 1592 2581 ubique
1612 2539 1701 2570 simui

240 2601 289 2625 est
305 2595 428 2625 totum?
453 2596 621 2637 diligenter
635 2597 667 2640 id
684 2597 817 2638 inspice.
863 2596 1005 2632 Intueor,
1019 2600 1113 2637 atque
1128 2596 1188 2626 hoc
1201 2605 1267 2625 csse
1285 2593 1477 2634 impossibiie
1491 2593 1597 2624 video.
1642 2593 1705 2624 Di-

240 2648 339 2678 visum
355 2648 473 2690 itaque,
485 2649 547 2680 nisi
561 2655 672 2681 totum.
694 2661 798 2693 neque
813 2650 896 2682 enim
913 2650 1000 2680 aiiter
1017 2649 1165 2680 universis
1177 2648 1267 2679 simul
1283 2648 1427 2679 essentia:
1445 2647 1594 2688 partibus,
1609 2657 1703 2688 quam

240 2701 387 2742 divisum,
403 2701 513 2735 aderit.
536 2702 587 2734 Sic
603 2708 661 2734 est.
684 2703 843 2740 Ceterum,
871 2703 955 2745 quod
973 2702 1116 2744 partibiie
1133 2707 1192 2743 est,
1210 2702 1382 2733 necessario
1398 2701 1529 2731 totidem
1544 2705 1604 2737 cst,
1625 2706 1705 2742 quot

240 2755 380 2796 partibus
395 2760 528 2786 constat.
550 2748 748 2789 Necessario.
771 2757 841 2788 Hac
857 2758 897 2788 de
913 2767 1007 2787 causa
1027 2756 1112 2787 haud
1137 2761 1221 2787 recte
1239 2755 1332 2796 paulo
1350 2760 1423 2785 ante
1439 2753 1631 2789 dicebamus,
1655 2764 1703 2784 es-

240 2810 371 2839 sentiam
389 2809 419 2839 in
436 2814 538 2850 partes
555 2810 701 2851 piurimas
716 2811 934 2843 distributam:
958 2810 1077 2851 quippe
1101 2821 1172 2841 cum
1196 2820 1259 2842 non
1286 2810 1317 2840 in
1343 2808 1458 2850 plures,
1484 2817 1576 2848 quam
1603 2807 1704 2847 ipsum

243 2873 351 2899 unum,
374 2863 427 2893 sed
456 2874 556 2903 pares,
576 2863 709 2894 discreta
736 2864 785 2895 sit.
809 2876 911 2907 neque
933 2865 1015 2896 enim
1039 2875 1094 2895 ens
1112 2864 1177 2899 uni,
1203 2874 1304 2904 neque
1321 2872 1417 2893 uuum
1433 2861 1499 2892 enti
1513 2861 1623 2897 deest;
1646 2861 1701 2891 sed

242 2916 305 2947 duo
321 2916 387 2948 haec
402 2917 506 2958 potius
521 2927 575 2959 per
591 2918 695 2949 omnia
711 2919 836 2960 penitus
849 2924 1060 2962 eoaequantur.
1107 2918 1244 2950 Omnino
1270 2916 1314 2949 siu
1331 2920 1471 2958 apparet.
1518 2914 1628 2957 Ipsum
1642 2914 1701 2945 ita-
