1846 3268
235 244 311 282 110
832 242 1100 284 PLATONIS
1604 247 1704 303 [134

230 347 301 389 quis
316 346 407 389 quasi
423 345 544 390 species
559 345 634 385 slnt,
658 346 742 388 ipsas
765 347 939 378 secundum
966 358 1000 379 sc
1014 346 1099 389 ipsas
1115 346 1309 391 distinguat?
1339 349 1397 382 ‘Et
1422 351 1568 389 maxime,
1591 352 1707 395 lnquit.

230 401 318 434 Scito
334 401 473 443 insuper,
486 406 517 432 te
532 401 686 438 nondum,
701 405 736 431 ut
750 399 797 431 ita
811 400 954 440 dixerim,
969 402 1246 444 comprehendere,
1273 409 1392 446 quanta
1407 405 1449 436 sit
1473 405 1653 444 difficultas,
1676 406 1704 438 si

230 456 479 498 unumquodque
494 454 692 487 existentium
708 464 802 486 unam
825 455 961 497 speciem
984 466 1105 497 semper
1127 456 1280 498 quiddam
1303 458 1528 500 distinguendo
1551 460 1706 502 posueris.

231 510 402 547 Quomodo
418 510 462 548 id,
478 509 604 552 inquit?
650 509 757 540 Multa
771 508 900 551 quidem
913 509 975 541 alia
988 515 1080 541 sunt:
1105 511 1159 542 sed
1182 511 1243 543 hoc
1258 515 1306 543 est
1323 513 1506 551 maximum,
1525 513 1552 544 si
1569 514 1638 557 quis
1654 516 1707 546 as'-

230 569 312 595 serat
324 562 394 595 illas
407 563 550 605 dignosci
566 573 631 594 non
647 573 752 605 posse,
774 573 846 595 cum
861 563 924 595 sint
938 564 1027 602 tales,
1050 565 1160 606 quales
1174 576 1242 597 esse
1258 566 1380 608 species
1397 571 1539 609 oportene
1553 567 1702 606 dicimus,

230 628 302 648 eum
316 628 403 655 sane,
423 617 480 660 qui
493 617 554 648 ista
568 617 699 656 diceret,
725 628 789 650 non
807 622 914 660 posset
928 617 1040 661 aliquis
1054 619 1250 667 redarguere,
1273 619 1334 651 nisi
1348 620 1514 653 multarum
1529 631 1628 654 rerum
1645 633 1703 664 pe-

229 671 306 703 ritus
321 671 371 709 sit,
398 671 453 714 qui
468 671 606 710 dubitat,
633 676 666 703 et
681 671 876 714 ingeniosus,
895 672 1034 715 velitque
1049 678 1200 715 praeterea
1216 674 1306 716 sequi
1325 675 1606 717 demonstrantem,
1628 676 1704 707 dum

230 725 365 768 plurima
379 725 475 767 Longo
488 726 598 758 ordine
614 725 778 768 transigit:
802 731 1007 759 veruntamen
1023 738 1082 759 nec
1104 727 1199 759 etiam
1224 728 1402 770 persuaderi
1425 729 1553 771 poterit,
1575 729 1631 772 qpi
1653 730 1702 771 ig-

230 784 322 811 notas
336 780 405 812 illas
420 790 488 812 esse
503 785 608 822 coget.
658 780 735 818 Cur,
758 791 777 813 o
801 781 1029 814 Parmenides?
1053 781 1097 813 ait
1113 782 1268 815 Socrates.
1314 783 1486 825 Quoniam,
1509 794 1528 815 o
1545 783 1709 820 Socrates,

230 835 361 866 arbitror
375 839 408 866 et
423 839 466 872 te,
482 839 515 866 et
530 834 796 877 quemvis'alium,
812 835 993 878 quicunque
1007 836 1175 868 essentiam
1197 837 1357 879 quandam
1373 836 1527 879 cujusque
1540 837 1640 879 ipsam
1654 847 1704 868 se-

229 888 370 920 cundum
391 895 425 920 se
444 889 544 931 ipsam
563 889 765 921 exsistentem
791 890 895 932 ponit,
915 890 1034 922 nullam
1055 890 1148 922 nobis
1172 890 1274 923 inesse
1295 890 1433 933 speciem
1469 901 1701 931 concessurum·

231 944 306 980 Quo
321 942 405 974 enim
421 948 530 984 pacto,
543 943 648 985 inquit
663 943 821 981 Socrates,
847 944 918 986 ipsa
936 946 1109 977 secundum
1125 955 1158 976 se
1173 945 1274 986 ipsam
1288 950 1371 977 esset
1384 945 1396 976 ?
1441 944 1544 978 Recte
1559 945 1706 987 loqueris.

231 996 349 1027 Nonne
364 997 459 1038 igitur
473 1001 678 1039 quotcunque
693 1007 731 1028 ex
745 996 828 1028 ideis
842 996 977 1029 invicem
989 998 1161 1039 respiciunt
1173 1008 1244 1040 quae
1261 1003 1344 1035 sunt,
1360 998 1436 1041 ipsae
1452 999 1491 1030 ad
1505 1009 1538 1030 se
1552 998 1637 1040 ipsas
1651 1009 1704 1030 es-

230 1051 364 1082 sentiam
375 1051 492 1082 habent
504 1050 516 1081 ?
528 1060 592 1081 non
609 1055 713 1082 autern
726 1050 766 1081 ad
779 1060 828 1087 ea,
840 1060 911 1092 qua:
923 1050 1006 1082 circa
1022 1061 1078 1082 nos
1094 1055 1178 1088 suut,
1191 1060 1246 1082 seu
1259 1050 1434 1088 simulacra,
1449 1050 1514 1082 sive
1528 1051 1705 1093 quomodo-

228 1115 356 1146 cunque
371 1104 427 1136 illa
437 1103 596 1147 quispiam
611 1104 764 1142 nominet,
779 1105 895 1147 quibus
909 1114 967 1136 nos
982 1104 1207 1146 participantes
1221 1104 1344 1146 singula
1359 1115 1426 1136 esse
1438 1105 1704 1137 denominamur?

229 1170 302 1202 quae
317 1170 390 1191 vero
406 1161 490 1191 circa
509 1169 567 1190 nos
589 1163 662 1189 sunt
683 1157 746 1190 illis
769 1158 943 1200 aequivoca,
967 1157 1039 1200 ipsa
1062 1157 1204 1189 similiter
1223 1158 1264 1190 ad
1280 1169 1313 1190 se
1327 1158 1410 1201 ipsa,
1434 1169 1497 1191 non
1514 1160 1554 1191 ad
1570 1160 1708 1202 species,

230 1219 315 1251 sunt,
331 1218 363 1245 et
376 1213 423 1244 sui
438 1213 589 1255 ipsorum,
602 1222 668 1243 non
684 1212 819 1249 illarum,
835 1221 1034 1255 quaecunque
1050 1222 1152 1243 rursus
1174 1211 1316 1244 similiter
1329 1218 1565 1255 nuncupantur.
1611 1214 1703 1252 Quo-

230 1268 326 1300 modo
339 1268 442 1299 dicis?
465 1266 571 1309 inquit
584 1266 739 1298 Socrates.
783 1265 894 1298 Veluti
917 1266 943 1297 si
965 1266 1035 1308 quis
1050 1271 1189 1298 nostrum
1204 1266 1341 1308 alicujus
1357 1267 1502 1299 dominus
1519 1272 1573 1299 aut
1596 1278 1704 1300 servus

230 1322 283 1360 sit,
299 1333 364 1354 non
377 1321 476 1365 ipsius
491 1320 623 1358 domini,
639 1321 725 1363 quod
741 1320 887 1352 dominus
902 1325 961 1359 est,
978 1331 1084 1352 servus
1100 1320 1221 1352 exsistit
1234 1332 1242 1352 ι
1266 1331 1371 1363 neque
1387 1321 1486 1364 ipsius
1500 1321 1593 1364 servi,
1618 1321 1707 1364 quod

231 1386 337 1408 servus
347 1381 407 1414 est,
421 1375 568 1407 dominus
582 1380 641 1412 est,
657 1375 712 1417 qui
726 1375 872 1406 dominus
886 1374 1002 1407 dicitur
1015 1386 1024 1407 z
1050 1375 1105 1407 sed
1121 1375 1190 1407 haec
1205 1380 1337 1418 utraque
1352 1381 1401 1407 est
1422 1381 1572 1418 tauquam
1597 1376 1704 1409 homo.

230 1430 302 1473 ipsa
316 1441 389 1463 vero
405 1429 590 1468 dominatio,
606 1429 763 1461 servitutis
783 1429 881 1471 ipsius
902 1429 1025 1461 exsistit
1039 1429 1086 1467 id,
1111 1430 1197 1472 quod
1222 1435 1291 1462 est:
1316 1434 1349 1462 et
1363 1430 1432 1472 ipsa
1445 1430 1558 1462 iterum
1573 1429 1706 1462 servitus

234 1485 348 1517 eodem
364 1485 477 1526 ruodo,
495 1484 594 1526 ipsius
609 1483 832 1515 dominationis
852 1489 901 1516 est
921 1484 1072 1516 servitus:
1097 1495 1157 1516 nec
1183 1494 1232 1521 ea,
1251 1494 1322 1526 quae
1345 1483 1436 1516 nobis
1450 1484 1569 1522 insunt,
1584 1483 1624 1515 ad
1641 1483 1710 1525 illa,

230 1550 290 1572 nec
305 1540 400 1572 etiam
415 1550 486 1582 quae
500 1538 564 1571 illic
579 1543 664 1576 sunt,
680 1538 721 1569 ad
736 1548 794 1570 nos
810 1539 1006 1579 referuntur3
1029 1539 1096 1576 sed,
1113 1544 1148 1570 ut
1163 1538 1242 1576 dixi,
1255 1539 1324 1580 ipsa
1336 1539 1384 1570 sui
1397 1537 1536 1580 ipsorum
1551 1542 1585 1570 et
1603 1538 1645 1569 ad
1671 1528 1706 1569 se

230 1594 300 1636 ipsa
314 1598 387 1625 sunt
399 1604 409 1633 3
433 1588 544 1635 [134]
555 1598 588 1624 et
602 1603 672 1635 quae
687 1593 740 1624 hic
754 1598 838 1631 sunt,
850 1593 993 1624 similiter
1007 1594 1048 1624 ad
1064 1604 1097 1625 se
1112 1593 1181 1635 ipsa
1195 1593 1378 1635 respiciunt.
1401 1592 1604 1634 intelligisne,
1615 1591 1705 1634 quod

230 1648 325 1680 dico?
371 1647 500 1679 Prorsus
515 1646 669 1689 intelligo.
713 1645 831 1678 Nonne
844 1651 877 1678 et
891 1646 1023 1678 scientia
1045 1647 1126 1688 ipsa,
1152 1648 1239 1689 quod
1255 1646 1386 1678 scieutIa
1408 1651 1467 1685 est,
1486 1645 1573 1678 illius
1593 1645 1706 1688 ipsius,

231 1702 320 1744 quod
343 1706 392 1734 est
407 1702 531 1740 veritas,
556 1701 689 1733 scientia
714 1701 783 1732 est?
830 1700 970 1732 Omnino
996 1701 1136 1744 quidem.
1182 1701 1343 1739 Quaelibet
1362 1711 1468 1732 rursus
1494 1700 1707 1737 scientiarum,

231 1767 303 1799 quae
318 1762 377 1794 est,
392 1757 477 1798 quod
492 1761 553 1797 est,
575 1755 710 1797 alicujus
725 1755 940 1787 exsistentium
955 1759 1003 1787 est
1018 1755 1163 1792 scientia,
1185 1765 1226 1786 an
1239 1765 1304 1786 non
1318 1755 1329 1785 ?
1365 1754 1525 1787 Profecto.
1561 1753 1704 1786 Scientia

232 1821 305 1842 vero
323 1811 441 1852 nostra,
462 1820 568 1841 nonne
581 1809 732 1848 veritatis,
760 1820 831 1852 quae
851 1809 934 1841 circa
956 1819 1030 1851 nos,
1054 1808 1188 1841 scientia
1207 1809 1286 1840 erit?
1310 1813 1343 1840 et
1367 1818 1482 1846 rursus,
1507 1812 1706 1850 unaquaeque

182 1857 185 1859 v
231 1870 337 1896 nostra
353 1865 495 1902 scientia,
511 1863 760 1909 uniuscujusque
776 1875 894 1902 eorum,
915 1874 987 1905 quae
1007 1863 1091 1896 circa
1113 1874 1171 1895 nos
1187 1869 1270 1901 sunt,
1287 1862 1442 1894 scientia?
1486 1861 1628 1895 Necesse
1642 1866 1705 1907 est.

231 1918 456 1951 Verumtamen
472 1918 555 1960 ipsas
570 1918 692 1960 species
707 1928 810 1960 neque
825 1928 883 1949 nos
897 1919 1024 1956 habere,
1039 1928 1143 1960 neque
1158 1917 1241 1950 circa
1254 1927 1312 1948 nos
1325 1926 1393 1949 esse
1403 1926 1510 1959 posse,
1517 1915 1674 1948 assentiris
1688 1915 1701 1947 ἶ

232 1971 309 2004 Non
324 1971 479 2014 profecto.
523 1971 807 2014 Cognoscunturne
822 1972 892 2014 ipsa
907 1972 1048 2003 scientiae
1063 1972 1170 2014 specie
1186 1982 1299 2014 genera
1312 1971 1383 2013 ipsa
1397 1981 1468 2014 quae
1483 1970 1608 2013 singula
1615 1969 1702 2002 sint?

233 2026 340 2059 Certe.
385 2026 490 2063 Quam
514 2026 652 2068 speciem
675 2037 732 2058 nos
752 2027 835 2058 haud
861 2026 1023 2059 habemus.
1068 2025 1145 2057 Non
1170 2030 1265 2058 certe.
1309 2025 1410 2056 Nulla
1430 2024 1529 2067 igitur
1548 2024 1669 2067 species
1683 2015 1705 2056 a

231 2083 323 2117 nobis
349 2083 559 2125 cognoscitur,
585 2092 656 2113 cum
684 2080 782 2123 ipsius
805 2080 944 2113 scientiae
969 2080 1136 2123 participes
1158 2080 1286 2112 minime
1311 2079 1420 2113 simus.
1434 2119 1438 2123 ι
1463 2078 1539 2110 Non
1561 2083 1705 2121 apparet.

231 2139 383 2181 Ignotum
396 2138 503 2179 itaque
518 2136 607 2168 nobis
621 2136 726 2178 ipsum
741 2135 905 2177 pulchrum
921 2140 953 2166 et
966 2135 1070 2177 ipsum
1086 2135 1202 2166 bonum
1227 2139 1285 2172 est,
1302 2139 1334 2166 et
1347 2133 1453 2165 omnia
1466 2131 1616 2175 denique,
1631 2143 1703 2175 quae

233 2199 270 2225 ut
283 2194 372 2225 ideas
387 2202 455 2224 esse
469 2190 689 2234 supponimus.
736 2190 884 2222 Videtur.
910 2227 912 2229 ‚
928 2189 1103 2222 Considera
1115 2194 1147 2221 et
1161 2190 1221 2222 hoc
1233 2189 1326 2221 etiam
1340 2188 1474 2230 gravius.
1517 2187 1676 2226 Quidnam
1691 2185 1705 2218 ἓ

234 2247 322 2279 Num
336 2247 455 2285 fateris,
470 2246 496 2277 si
511 2250 559 2277 est
572 2245 673 2287 ipsum
690 2243 840 2288 quiddam
856 2244 995 2277 scientiae
1011 2255 1124 2286 genus,
1148 2243 1247 2275 multo
1259 2243 1338 2275 illud
1353 2242 1550 2285 praestantius
1564 2252 1632 2274 esse
1646 2242 1706 2273 hac

233 2307 339 2333 nostra
361 2300 515 2333 scientia?
538 2304 571 2331 et
598 2299 698 2341 ipsam
723 2298 1002 2341 pulchritudinem,
1040 2309 1077 2330 ac
1108 2298 1239 2340 reliqua,
1278 2297 1390 2329 eodem
1424 2297 1542 2339 pacto?
1588 2296 1702 2329 Immo.

234 2357 353 2389 Nonne
368 2356 395 2388 si
410 2355 486 2398 quid
503 2354 588 2386 aliud
603 2359 651 2386 est
665 2354 766 2396 ipsius
781 2353 921 2386 scientiae
937 2353 1108 2396 particeps,
1133 2353 1254 2384 nullum
1277 2351 1336 2383 nisi
1358 2350 1464 2383 Deum
1486 2350 1574 2383 dices
1596 2359 1707 2392 supre-

233 2423 316 2444 mam
343 2411 456 2442 habere
475 2409 636 2442 scientiam
654 2409 665 2440 ?
710 2408 851 2441 Necesse
865 2414 924 2442 est.
969 2407 1056 2439 Num
1078 2407 1193 2449 poterit
1207 2406 1310 2447 Deus,
1335 2416 1407 2438 curn
1422 2405 1524 2447 ipsam
1539 2399 1703 2436 scientiam

232 2467 274 2499 sit
289 2465 461 2507 amplexus,
487 2465 555 2495 haec
570 2467 676 2495 nostra
690 2463 874 2504 dignoscere
887 2463 898 2494 ?
943 2462 1008 2494 Cur
1023 2462 1110 2493 non?
1157 2461 1328 2499 Quoniam,
1353 2458 1457 2501 inquit
1482 2458 1700 2500 Parmenides,

234 2519 370 2552 confessi
384 2529 502 2556 sumus,
516 2529 534 2550 o
551 2519 707 2556 Socrates,
722 2528 826 2559 neque
841 2516 961 2560 species
977 2516 1047 2548 illas
1062 2517 1102 2547 ad
1118 2520 1223 2547 nostra
1238 2515 1300 2546 vim
1314 2514 1441 2556 habere,
1454 2523 1549 2556 quam
1572 2513 1702 2551 habeut,

234 2585 338 2617 neque
360 2578 465 2604 nostra
487 2572 581 2604 etiarn
605 2573 644 2604 ad
668 2582 825 2615 superna3
848 2582 954 2603 verum
976 2576 1107 2612 utraque
1130 2569 1170 2601 ad
1187 2580 1220 2601 se
1235 2569 1303 2611 ipsa
1316 2568 1432 2600 referri.
1476 2567 1700 2600 Consensimus

235 2629 340 2671 plane.
386 2627 469 2668 Ergo
485 2626 511 2657 si
527 2627 610 2668 apud
628 2626 734 2657 Deum
749 2635 894 2668 suprema
907 2625 976 2667 ipsa
991 2623 1164 2656 dominatio
1190 2629 1250 2661 est,
1275 2628 1370 2665 atque
1391 2622 1461 2664 ipsa
1482 2628 1626 2664 suprema
1640 2621 1701 2654 sei-

235 2681 333 2718 entia,
355 2690 515 2721 nunquam
538 2684 594 2710 aut
608 2679 780 2711 dominatio
797 2679 867 2721 ipsa
881 2678 972 2710 nobis
985 2678 1210 2719 dominabitur,
1232 2682 1287 2709 aut
1310 2678 1380 2720 ipsa
1405 2676 1536 2721 scientia
1557 2686 1629 2717 nos,
1652 2675 1702 2708 vei

235 2735 322 2768 aliud
338 2739 512 2765 nostrorum
525 2733 710 2775 quidquam,
725 2739 915 2776 cognoscet:
940 2733 994 2765 sed
1020 2738 1053 2765 et
1066 2743 1124 2764 nos
1140 2732 1280 2764 similiter
1305 2731 1378 2763 Diis
1393 2730 1519 2763 minime
1531 2730 1702 2777 imperabi-

236 2801 306 2822 mus
321 2787 452 2830 imperio
468 2793 586 2825 nostro,
602 2799 704 2830 neque
721 2789 862 2820 divinum
878 2788 1050 2830 quidquam
1068 2787 1199 2819 scientia
1215 2791 1318 2818 nostra
1333 2785 1553 2829 percipiemus.
1599 2784 1642 2816 Et
1655 2784 1703 2816 illi

235 2845 312 2876 item
327 2842 437 2874 cadem
453 2841 573 2872 ratione
587 2852 646 2873 ncc
660 2843 756 2874 nostri
773 2848 864 2874 crunt
879 2841 1010 2881 domini,
1027 2852 1129 2884 neque
1145 2851 1191 2873 res
1207 2841 1370 2878 humanas,
1385 2850 1457 2872 cum
1473 2838 1531 2870 Dii
1544 2838 1620 2882 siut,
1635 2838 1704 2870 ani-

238 2897 443 2930 madvertent.
488 2895 534 2926 At
548 2906 654 2928 nonne
669 2897 760 2928 valde
777 2897 937 2935 mirabilis,
950 2896 1064 2939 inquit,
1088 2895 1139 2928 hic
1155 2906 1253 2928 sermo
1275 2894 1443 2932 videbitur,
1469 2893 1496 2925 si
1510 2893 1581 2935 quis
1596 2892 1703 2925 Deum

238 2950 422 2995 cognitione
436 2949 626 2992 privaverit?
671 2950 750 2984 llaec
766 2951 906 2994 quidem,
930 2963 948 2984 o
964 2952 1119 2989 Socrates,
1142 2949 1245 2994 inquit
1259 2947 1472 2987 Parmenides,
1487 2947 1608 2990 aliaque
1624 2957 1704 2990 prae·
