1846 3268
208 258 314 309 311]
815 254 1112 293 POLITICUS.
1591 258 1665 295 397

203 359 289 390 nulia
303 359 430 400 quidem
445 358 563 390 ratione
578 362 675 398 recta,
691 361 875 399 praesentem
889 356 1210 398 voiuptatemsecuti,
1226 360 1258 387 et
1272 360 1428 398 quatenus
1441 357 1504 388 suis
1515 357 1665 390 simiiibus

205 412 413 449 delectantur,
428 411 628 443 dissimilibus
645 421 716 441 vero
739 409 879 450 minime,
894 415 1023 441 eatenus
1039 409 1213 440 difficultati
1231 409 1397 450 plurimum
1415 410 1565 444 tribuunt.
1609 413 1665 443 So.

204 467 279 504 Quo
303 471 394 508 pacto
407 466 418 496 ?
462 465 566 496 HosP.
588 464 729 496 Modesti
755 464 910 506 siquidem
936 463 1076 495 homines
1103 474 1201 494 mores
1228 463 1277 494 sui
1304 463 1419 494 similes
1443 470 1598 505 quaerunt,
1622 471 1666 503 et,

203 519 309 561 quoad
322 523 463 561 possunt,
473 529 545 550 curn
563 518 675 549 talibus
692 522 754 549 tam
767 518 873 548 dando
888 528 980 559 quam
993 516 1179 558 accipiendo
1192 516 1423 548 matrimonium
1436 517 1560 549 ineunt.
1573 518 1667 550 fortes

205 583 333 614 quoque
346 577 456 603 natura
470 571 570 603 simile
583 572 643 603 sibi
656 582 753 612 genus
768 571 949 603 adsciscunt
962 582 971 604 ι
995 581 1065 602 cum
1081 575 1239 612 oporteret
1253 574 1362 602 contra
1379 571 1506 601 omnino
1522 570 1561 601 ab
1577 572 1666 602 utris·

204 636 267 667 que
281 624 329 656 his
343 625 507 666 generibus
533 625 610 657 fieri.
654 625 710 657 So.
733 624 926 662 Quomodo?
949 628 983 655 et
1004 633 1097 664 quam
1121 624 1161 654 ob
1183 624 1332 655 causam?
1376 623 1485 656 Hosr.
1509 624 1667 662 Quoniam

204 677 291 709 fortis
306 683 423 709 naturae
438 679 506 710 haec
519 684 567 710 est
581 678 734 716 conditio,
750 683 785 709 ut
800 678 832 708 in
849 676 953 708 multis
969 676 1221 718 generationibus
1232 687 1344 718 expers
1359 678 1575 719 temperantiae
1598 689 1667 719 per·

207 741 336 763 manens
350 731 503 773 principio
519 732 561 762 sit
576 732 741 768 robustior,
757 731 884 762 tandem
900 741 972 762 vero
988 730 1020 760 in
1036 730 1169 762 furorem
1179 740 1266 761 versa
1281 730 1420 761 deficiat.
1464 731 1521 762 So.
1544 731 1669 763 Conve-

207 785 267 816 nit.
309 785 415 818 Hosn.
436 784 556 816 Rursus
572 786 676 816 anima
690 785 810 826 pudore
825 785 1001 822 abundans,
1017 783 1148 815 audacia
1164 794 1237 814 vero
1254 784 1448 815 fortitudinis
1464 785 1602 827 undique
1617 796 1671 817 ca-

205 849 286 875 rens,
302 839 327 869 si
343 849 398 880 per
414 838 525 869 multas
539 838 680 869 similiter
691 838 905 880 generationes
920 842 1066 874 transeat,
1081 836 1205 879 segnior
1219 836 1254 867 fit
1269 847 1363 878 quam
1380 837 1484 878 decet,
1498 847 1534 868 ac
1545 838 1669 871 demum

206 896 343 923 extremo
368 892 505 934 quodam
531 897 654 934 torpore
679 891 895 933 submergitur.
939 891 994 922 So.
1018 890 1058 921 Id
1081 900 1208 932 quoque
1233 890 1280 921 ita
1302 890 1485 931 contingere
1510 891 1668 923 convenit.

208 945 316 978 Hosr.
340 945 410 983 His,
427 950 463 976 ut
476 945 622 983 diximus,
637 945 813 987 ligamentis
828 944 946 976 vincire
968 948 1100 985 utraque
1122 943 1286 974 hominurn
1310 953 1424 984 genera
1444 943 1536 975 facile
1560 954 1671 986 possu-

207 1010 288 1036 mus,
304 999 363 1031 hoc
386 1003 526 1031 exstante
551 1004 587 1030 ut
613 1004 741 1043 utraque
764 998 947 1040 opinionem
970 998 1011 1028 de
1034 997 1125 1029 bonis
1148 1002 1180 1028 et
1206 996 1343 1038 pulchris
1365 996 1498 1028 eandem
1522 997 1672 1032 habeant.

209 1053 281 1084 Hoc
296 1058 400 1085 nutem
415 1063 511 1084 unum
527 1058 560 1084 et
574 1053 726 1095 integrum
741 1052 835 1094 regiae
852 1056 982 1083 texturae
997 1057 1046 1082 est
1058 1061 1150 1094 opus,
1166 1055 1202 1082 ut
1213 1060 1374 1092 nunquam
1385 1051 1560 1082 moderatos
1571 1061 1670 1083 mores

208 1106 334 1138 seorsim
349 1117 367 1137 a
382 1106 512 1138 fortibus
529 1117 596 1138 esse
612 1106 769 1148 permittat
783 1117 793 1145 ;
816 1105 872 1137 s'ed
893 1110 1025 1147 utraque
1048 1105 1174 1146 ingenia
1200 1109 1370 1136 contexens
1385 1103 1518 1135 invicem
1533 1114 1589 1146 per
1603 1105 1672 1147 opi-

207 1159 310 1191 nionis
324 1159 465 1201 ejusdem
481 1160 731 1195 consensionem,
748 1169 804 1200 per
819 1159 951 1190 honores
966 1159 1287 1201 vituperationesque,
1303 1168 1358 1199 per
1372 1157 1491 1188 alterna
1509 1157 1670 1200 conjugia,

209 1213 304 1244 telam
319 1224 355 1244 ex
370 1213 417 1244 his
427 1212 527 1244 levem
553 1213 650 1255 [311]
675 1213 856 1254 optimeque
871 1217 1047 1244 contextam
1063 1212 1189 1249 efficiat,
1204 1212 1314 1254 hisque
1329 1211 1534 1243 communiter
1548 1221 1672 1253 semper

205 1266 316 1298 civiles
331 1266 525 1308 magistratus
536 1277 726 1308 muneraque
736 1266 922 1298 committat.
969 1266 1025 1297 So.
1048 1266 1121 1303 Quo
1134 1266 1252 1310 pacto?
1292 1265 1401 1296 Hosr.
1423 1264 1488 1296 Ubi
1504 1265 1596 1296 unius
1605 1266 1671 1296 sus-

209 1320 295 1352 ficiet
309 1319 505 1362 gubernatio,
521 1320 678 1352 hominem
691 1320 856 1362 praeditum
871 1320 1008 1351 moribus
1019 1320 1158 1361 utrisque
1174 1318 1343 1361 praeficiet:
1367 1318 1421 1349 ubi
1437 1317 1575 1359 pluribus
1592 1328 1672 1359 opus

209 1373 279 1411 erit,
293 1373 453 1415 utriusque
469 1373 591 1415 generis
606 1378 709 1415 partes
723 1373 842 1414 aliquas
858 1372 1082 1405 commiscebit.
1126 1373 1379 1415 Temperatorum
1395 1370 1479 1403 enim
1494 1371 1671 1413 principum

207 1437 308 1458 mores
322 1427 406 1458 cauti
421 1427 590 1458 admodum
613 1431 647 1458 et
662 1426 740 1468 justi
762 1431 795 1457 et
814 1426 975 1463 saiutares,
991 1425 1055 1457 acri
1070 1436 1142 1458 vero
1165 1425 1413 1467 promptitudine
1428 1429 1462 1455 et
1475 1424 1671 1455 vehementia

207 1481 342 1521 quadam
365 1481 404 1512 ad
429 1480 585 1522 agendum
606 1481 723 1511 idonea
746 1480 902 1521 indigent.
944 1479 1000 1511 So.
1025 1479 1075 1511 Ita
1098 1480 1139 1511 de
1163 1479 1212 1511 his
1233 1488 1360 1520 quoque
1384 1477 1517 1509 videtur.
1559 1477 1669 1509 Hosr.

208 1533 373 1565 Fortitudo
389 1538 492 1566 autem
507 1533 542 1566 in
557 1534 704 1565 cautione
715 1538 747 1565 et
758 1525 882 1575 justitia
897 1533 959 1564 illis
974 1533 1061 1566 cedit
1074 1544 1082 1564 ι
1105 1533 1138 1564 in
1151 1533 1242 1564 rebus
1256 1531 1385 1573 agendis
1400 1531 1566 1573 plurimum
1583 1535 1671 1562 ante-

208 1587 305 1619 cellit.
351 1587 464 1628 Neque
479 1597 552 1618 vero
574 1591 707 1628 possunt
729 1587 762 1617 in
788 1587 918 1618 civitate
939 1587 1045 1618 omnia
1065 1587 1146 1618 bene
1168 1585 1219 1628 agi
1241 1585 1383 1627 privatim
1397 1589 1430 1615 et
1445 1584 1584 1626 publice,
1608 1584 1672 1615 nisi

210 1641 303 1671 ambo
319 1641 387 1672 haec
401 1641 519 1673 adsint.
563 1641 617 1671 So.
639 1640 716 1671 Non
740 1645 834 1672 certe.
879 1640 987 1672 Hosr.
1009 1640 1118 1671 Finem
1133 1639 1228 1681 igitur
1242 1638 1342 1671 civilis
1362 1637 1496 1669 actionis
1510 1642 1595 1669 recta
1611 1637 1672 1679 pii-

209 1694 335 1726 catione
349 1699 532 1726 contextum
549 1699 624 1726 tnnc
648 1699 767 1726 exstare
786 1695 939 1732 dicamus,
953 1694 1080 1736 quando
1102 1693 1227 1725 fortium
1244 1698 1277 1724 et
1291 1691 1528 1733 temperantium
1543 1688 1672 1732 ingenia

209 1748 379 1779 concordia
394 1748 595 1790 amicitiaque
609 1749 781 1780 concilians
797 1759 993 1780 communem
1009 1748 1131 1780 illorum
1148 1747 1243 1779 efficit
1255 1746 1354 1777 vitam
1367 1757 1375 1777 ι
1391 1745 1444 1787 qui
1455 1755 1529 1776 sane
1542 1750 1671 1776 contex-

210 1805 261 1832 tus
277 1801 531 1842 praeclarissimus
547 1802 684 1834 omnium
706 1807 756 1834 est
775 1807 808 1834 et
822 1802 972 1844 optimu5‚
986 1802 1127 1844 aliosque
1148 1801 1276 1843 insuper
1290 1810 1399 1831 omnes
1413 1799 1449 1830 in
1462 1798 1590 1830 civitate
1605 1803 1666 1829 tarn

208 1866 315 1886 servos
330 1866 422 1896 quarn
438 1855 550 1887 liberos
565 1861 734 1898 protegens
749 1862 782 1888 et
794 1857 1019 1899 complectens,
1035 1857 1093 1888 hac
1118 1860 1239 1887 textura
1253 1854 1395 1896 serieque
1409 1851 1646 1894 comprehendit
1661 1863 1669 1883 ι

210 1914 306 1950 atque
320 1909 364 1940 ita
378 1910 558 1941 dominatur
571 1910 605 1942 et‘
625 1911 773 1952 prae-sidet
793 1910 926 1948 civitati,
942 1915 977 1941 ut
998 1910 1076 1941 nihil
1099 1908 1312 1952 praetermittat
1326 1917 1444 1944 eorum,
1459 1916 1543 1948 quae,
1566 1905 1671 1947 quoad

210 1963 276 1994 fieri
292 1967 408 2005 potest,
423 1964 544 1995 beatam
559 1964 698 1996 efficiunt
713 1965 883 1998 civitatem.
927 1965 985 1997 So.
1007 1963 1155 1997 Profecto
1170 1963 1271 2002 nobis,
1287 1962 1422 2004 Hospes,
1435 1961 1554 2003 regium
1569 1960 1671 2002 ipsum

207 2017 395 2060 civilemque
410 2017 506 2049 virum
523 2018 647 2061 egregie
655 2018 807 2051 definisti.
