1846 3268
209 223 287 261 208
814 223 1079 264 PLATONIS
1587 233 1686 284 [486

215 330 410 373 grandiorem
426 335 501 362 natu
519 330 797 373 philosophantem
816 331 1043 370 animadverto,
1058 343 1162 376 neque
1186 335 1262 366 dum
1285 334 1389 366 studia
1414 334 1572 377 ejusmodi
1587 335 1681 370 deae-

213 390 347 423 rentem,
370 385 550 417 verberibus
569 385 636 427 jam
661 386 745 417 hunc
761 385 871 424 virum,
895 397 915 417 o
939 385 1095 425 Socrates,
1117 388 1258 431 indigere
1279 399 1404 421 censen.
1448 389 1577 432 Quippe
1597 401 1686 432 cum,

215 440 480 483 quemadmodum
497 440 591 471 modo
606 440 764 480 dicebam,
778 441 852 473 huic
868 441 992 473 accidat
1007 441 1139 480 homini,
1154 448 1190 475 ut
1204 442 1326 475 etiamsi
1341 444 1486 486 ingenuae
1500 444 1618 476 indolis
1631 444 1685 483 sit,

216 499 322 526 tamen
339 493 459 525 servilis
472 495 597 526 evadat.
621 494 704 536 fugit
726 494 811 526 enim
834 495 969 526 mediam
986 495 1144 529 civitatem
1159 497 1360 539 forensesque
1375 499 1634 537 consuetudines,
1649 499 1683 530 in

216 548 330 590 quibus
354 553 450 590 poeta
473 548 577 590 inquit
593 548 674 580 viros
702 549 767 580 fieri
796 549 1088 591 praestantissimos:
1112 552 1309 584 abscondens
1333 563 1399 584 sese
1427 563 1499 584 cum
1523 552 1621 584 tribus
1635 552 1687 585 vel

217 608 353 644 quatuor
369 603 486 644 pueris,
497 611 530 634 et
544 603 579 634 in
593 603 717 646 angulis
745 604 933 635 susurrando
948 603 1045 636 vitam
1068 605 1199 644 ducens,
1216 606 1293 637 nihil
1318 617 1456 649 unquam
1482 606 1609 638 liberale
1630 612 1687 638 aut

218 656 419 698 magnificum
435 657 625 699 prolaturus.
671 657 739 700 Ego
755 663 859 689 autem
876 657 969 689 valde
985 663 1030 699 te,
1043 670 1062 690 o
1077 659 1231 697 Socrates,
1253 671 1336 692 amo.
1381 659 1495 702 Itaque
1511 661 1594 692 idem
1610 661 1687 692 mihi

219 710 326 741 evenit
339 720 413 752 erga
429 715 471 747 te,
487 711 572 753 quod
587 715 620 742 et
633 710 731 742 Zetho
746 722 820 753 erga
835 710 1049 752 Amphionem
1065 713 1149 754 apud
1166 713 1361 755 Euripidem,
1376 714 1466 756 cujus
1481 715 1576 746 modo
1599 725 1687 746 men-

219 764 338 796 tionem
354 763 427 796 feci.
451 764 528 796 talia
542 775 628 796 nunc
643 765 718 796 mihi
743 765 887 807 quaedam
913 766 1059 797 adversus
1084 771 1116 797 te
1142 767 1247 798 dicere
1270 767 1401 799 venitin
1418 773 1567 806 mentem,
1584 769 1692 811 qualia

218 819 366 850 adversus
380 819 504 850 fratrem
518 818 569 850 ille
585 818 674 851 dicit.
720 818 867 850 Profecto
879 829 927 855 ea,
944 829 963 850 o
975 818 1129 858 Socrates,
1147 820 1292 862 negligis,
1303 831 1374 862 quae
1386 821 1531 852 meditari
1541 821 1683 860 deberes,

217 878 313 915 atque
329 874 410 905 adeo
424 884 582 915 generosae
594 872 708 904 mentis
724 873 935 915 praestantiam
949 873 1054 915 specie
1069 874 1206 916 quadam
1232 874 1342 916 puerili
1357 874 1534 907 conformas
1547 887 1553 906 :
1577 886 1637 908 nec
1653 875 1687 907 in

214 927 347 969 judiciis
372 927 719 970 consultationibusque
744 927 841 970 [486]
873 928 967 959 verba
992 932 1078 960 recte
1103 928 1198 960 scires
1224 930 1339 966 facere,
1364 939 1468 971 neque
1496 928 1691 962 conveniens

218 982 386 1024 quicquam
403 982 625 1023 probabileque
647 981 777 1023 eligere,
793 990 852 1013 nec
871 981 941 1013 aliis
957 987 1100 1025 prompte
1116 983 1290 1015 consulere.
1314 994 1333 1014 o
1355 983 1454 1015 amice
1469 983 1625 1020 Socrates,
1647 994 1691 1016 no

219 1036 296 1066 mihi
311 1035 352 1067 sis
367 1035 521 1069 infensus.
546 1035 767 1068 benevolentia
777 1034 862 1067 enirn
877 1046 951 1076 erga
965 1040 998 1067 te
1013 1047 1081 1067 mea
1097 1037 1138 1067 ad
1151 1037 1220 1068 haec
1236 1036 1422 1078 proferenda
1438 1047 1523 1069 nunc
1537 1038 1689 1070 adducor.

218 1089 338 1121 Nonne
352 1094 443 1131 turpe
458 1090 548 1122 ducis
565 1090 609 1121 sic
626 1095 658 1121 te
673 1090 802 1130 habere,
824 1090 1092 1131 quemadmodum
1112 1101 1171 1132 ego
1199 1090 1330 1122 arbitror
1351 1091 1466 1123 habere
1492 1095 1523 1123 te
1548 1091 1690 1134 aliosque

217 1153 343 1179 omnesp
355 1142 410 1184 qui
437 1143 668 1185 philosophiam
694 1143 813 1174 diutius
843 1144 1098 1185 prosequuntur?
1143 1143 1270 1186 Nempe
1293 1144 1320 1175 si
1347 1150 1378 1176 te
1401 1155 1498 1183 nunc,
1514 1150 1570 1177 aut
1592 1144 1688 1177 alium

218 1197 398 1240 quempiam
415 1202 548 1228 vestrum
565 1197 635 1240 quis
658 1198 928 1239 comprehendens
954 1198 986 1229 in
1004 1208 1158 1229 carcerem
1175 1199 1321 1236 traheret,
1336 1209 1475 1231 asserens
1489 1203 1533 1237 te,
1548 1199 1691 1241 quamvis

218 1263 282 1284 nou
299 1252 408 1290 facias,
424 1256 530 1284 tamen
542 1252 689 1294 injuriam
705 1252 807 1284 facere
822 1263 830 1284 ε
855 1258 939 1284 certe
954 1252 1032 1294 quid
1048 1258 1174 1284 acturus
1189 1262 1272 1283 esses
1287 1253 1415 1284 omnino
1431 1253 1587 1295 ignorares
1601 1264 1611 1293 ;
1633 1253 1689 1285 sed

217 1307 379 1339 vacillares
393 1307 615 1349 oscharesque,
632 1306 825 1339 defensionis
842 1311 903 1338 tuae
928 1317 1050 1348 prorsus
1076 1307 1212 1348 ignarus
1236 1307 1368 1348 proinde
1383 1307 1540 1339 adductus
1555 1307 1588 1338 in
1597 1306 1690 1349 judi-

217 1362 314 1403 cium,
329 1362 378 1394 vel
394 1362 434 1393 ab
449 1361 565 1404 ignavo
581 1362 822 1404 spernendoque
837 1367 1029 1403 accusatore,
1045 1361 1156 1392 ultimo
1172 1361 1343 1404 supplicio,
1358 1362 1384 1392 si
1407 1362 1502 1393 modo
1515 1361 1563 1393 illi
1579 1361 1687 1403 place-

218 1421 276 1458 ret,
287 1416 463 1449 afficereris.
507 1415 578 1448 Jam
594 1427 666 1448 vero
682 1417 842 1459 quomodo
869 1415 904 1447 id
931 1416 972 1447 ad
995 1415 1182 1458 sapientiam
1206 1420 1340 1458 spectat,
1368 1426 1387 1447 o
1409 1415 1562 1453 Socrates,
1579 1415 1603 1446 si
1628 1426 1691 1458 qua

217 1482 266 1502 ars
280 1471 427 1513 ingenuae
443 1471 556 1502 mentis
580 1476 674 1503 nacta
688 1471 798 1508 virum.
813 1471 919 1502 reddit
941 1471 1148 1502 deteriorem:
1174 1471 1255 1502 adeo
1279 1475 1316 1501 ut
1339 1481 1399 1502 nec
1420 1470 1489 1512 ipse
1513 1469 1572 1502 sibi
1592 1480 1687 1512 opem

218 1526 297 1558 serre
312 1525 427 1563 valeat,
442 1535 502 1557 nec
517 1536 556 1556 ex
570 1525 756 1567 gravissimis
771 1525 919 1567 periculis
934 1535 966 1556 se
989 1530 1043 1556 aut
1069 1524 1163 1555 alium
1182 1535 1362 1567 quenquam
1388 1535 1508 1556 servare
1523 1535 1534 1565 ς
1555 1525 1611 1556 sed
1627 1524 1687 1556 ini-

219 1579 369 1611 micorum
383 1584 605 1622 raptorumque
620 1584 760 1622 exponat
770 1579 903 1621 injuriis,
914 1579 1080 1621 inglorium
1095 1579 1129 1611 in
1145 1579 1274 1611 civitate
1289 1579 1456 1622 degentem
1469 1579 1480 1610 ?
1523 1578 1596 1612 Jam
1611 1588 1685 1611 vero

218 1633 375 1676 ejusmodi
390 1634 503 1671 virum,
518 1634 576 1666 etsi
591 1635 678 1666 dictu
692 1635 734 1666 sit
749 1634 915 1676 agrestius,
932 1634 1005 1666 licet
1021 1644 1115 1676 super
1130 1644 1242 1676 genam
1263 1634 1393 1675 impune
1409 1633 1544 1676 pulsare.
1567 1634 1690 1671 Quam·

218 1689 336 1726 obrem,
352 1699 371 1719 ο
390 1689 474 1720 bone
488 1689 546 1727 vir,
561 1689 638 1721 mihi
654 1690 784 1721 credens
801 1689 910 1721 desine
922 1688 990 1731 jam
1005 1689 1037 1719 in
1055 1688 1141 1720 vanis
1158 1688 1271 1720 versari
1283 1688 1434 1730 argutiis3
1458 1689 1574 1720 decora
1587 1698 1687 1719 rerum

220 1743 424 1785 gerendarum
451 1754 560 1775 exerce
586 1743 700 1782 officia,
715 1749 810 1786 atque
834 1744 895 1775 hoc
921 1754 1031 1775 exerce
1056 1754 1095 1775 ex
1109 1743 1224 1784 quibus
1238 1753 1348 1784 sapere
1363 1742 1517 1775 videaris:
1541 1741 1600 1775 ista
1614 1752 1689 1775 vero

221 1803 342 1839 arguta,
356 1797 420 1829 sive
435 1797 642 1829 deliramenta
662 1798 814 1839 appellari
836 1802 963 1839 oportet
986 1798 1052 1828 sive
1078 1807 1192 1838 nugas,
1205 1807 1244 1828 ex
1269 1797 1384 1838 quibus
1398 1807 1514 1829 vacuas
1533 1795 1690 1829 habitabis

221 1852 345 1888 domos,
361 1851 432 1883 aliis
448 1851 588 1893 relinque
602 1863 610 1882 ε
633 1851 770 1893 denique
798 1851 920 1882 imitare
941 1861 1006 1881 non
1031 1861 1098 1892 eos,
1120 1851 1175 1893 qui
1189 1852 1258 1882 haec
1271 1850 1384 1892 exigua
1398 1856 1540 1893 captant,
1555 1851 1612 1882 sed
1626 1861 1693 1888 eos.

221 1905 336 1947 quibus
351 1905 414 1936 vita
429 1910 463 1937 et
478 1904 576 1947 gloria
591 1909 623 1937 et
638 1905 700 1936 alia
725 1906 807 1936 bona
822 1905 938 1935 adsunt
953 1904 1171 1946 complurima.
1217 1904 1275 1936 So.
1297 1904 1331 1935 Si
1346 1914 1441 1935 aurea
1455 1903 1543 1941 mihi,
1557 1915 1578 1935 o
1593 1903 1691 1936 Calli·

219 1960 296 1998 cles,
312 1959 417 1991 anima
431 1960 524 2000 foret,
538 1970 645 1991 nonne
657 1959 812 1990 arbitraris
830 1970 878 1990 me
895 1959 1029 1990 libenter
1044 1963 1236 2001 reperturum
1251 1958 1388 2001 aliquem
1411 1968 1448 1990 ex
1470 1958 1518 1989 his
1533 1957 1693 2000 lapidibus

221 2013 388 2056 optimum,
403 2024 461 2056 per
475 2024 554 2056 quos
569 2013 695 2056 probari
710 2024 818 2045 aurum
833 2013 925 2050 solet,
941 2013 981 2044 ad
998 2024 1092 2055 quem
1109 2013 1246 2054 lapidem
1268 2013 1406 2044 animam
1431 2012 1603 2044 admovens
1624 2021 1693 2044 me-

221 2078 306 2106 cum,
323 2068 349 2099 si
364 2069 404 2100 ab
419 2068 488 2110 ipso
503 2068 593 2111 quasi
608 2073 692 2100 recte
703 2068 837 2100 educata
852 2068 1088 2110 approbaretur,
1103 2072 1188 2098 certo
1205 2067 1313 2099 scirem
1336 2077 1387 2098 me
1401 2066 1476 2098 satis
1490 2067 1617 2104 habere,
1632 2076 1692 2099 neo

222 2123 407 2165 probatione
422 2122 551 2154 ulterius
567 2123 630 2154 alia
653 2122 817 2165 indigere?
863 2123 950 2155 Cn„
975 2122 1132 2160 Quorsum
1155 2123 1236 2159 haec,
1251 2133 1271 2152 o
1287 2122 1453 2154 Socrates?
1498 2121 1555 2153 So.
1578 2120 1693 2154 Dicam

221 2177 382 2219 equidem.
406 2188 521 2219 nempe
536 2178 676 2216 arbitror,
692 2189 764 2209 cum
781 2183 811 2209 te
831 2183 943 2209 nactus
957 2177 1082 2219 fuerim,
1097 2187 1146 2208 me
1164 2176 1231 2219 jam
1253 2176 1422 2218 pretiosum
1449 2177 1535 2208 hunc
1549 2175 1690 2218 lapidera

221 2243 290 2264 esse
305 2238 443 2265 nactum.
492 2233 579 2265 Car..
603 2232 707 2271 Quam
723 2233 764 2263 ob
778 2232 928 2264 causam?
975 2233 1032 2264 So.
1054 2232 1214 2270 Quoniam
1238 2235 1323 2263 certo
1346 2231 1423 2268 scio,
1440 2241 1477 2262 ea
1488 2241 1560 2273 quas
1577 2236 1609 2262 tu
1625 2241 1692 2263 me·

222 2297 294 2319 cum
310 2288 442 2319 senseris
455 2287 488 2318 in
504 2287 562 2324 his,
580 2298 651 2330 quas
676 2297 764 2318 meus
779 2286 901 2318 animus
924 2286 1082 2328 opinatur,
1098 2286 1164 2317 sore
1190 2285 1297 2327 procul
1321 2285 1419 2316 dubio
1436 2295 1518 2317 vera.
1563 2284 1689 2317 Censeo

223 2351 372 2384 namque,
397 2341 484 2373 illum
509 2341 564 2384 qui
588 2341 722 2384 alicujus
747 2341 936 2373 sufficienter
960 2340 1058 2382 [487]
1082 2341 1268 2382 probaturus
1283 2339 1324 2370 sit
1338 2338 1486 2376 animam,
1509 2344 1612 2370 utrum
1638 2338 1692 2370 illa

222 2395 350 2437 quidem
373 2401 457 2428 recte
480 2397 623 2428 instituta
645 2397 686 2427 sit
709 2406 822 2436 necne,
839 2396 898 2427 tria
921 2394 1116 2438 potissimum
1139 2394 1253 2425 habere
1270 2393 1397 2430 debere,
1413 2402 1484 2434 quaa
1503 2391 1571 2434 ipse
1595 2391 1693 2424 habes

222 2449 340 2487 omnia,
355 2450 518 2482 scientiam
535 2452 646 2493 primu,
662 2451 778 2483 deinde
794 2450 990 2493 opinionem,
1007 2448 1171 2491 prudentis
1187 2447 1310 2479 scilicet
1322 2452 1416 2489 atque
1432 2445 1588 2484 benevoli,
1600 2445 1694 2479 tertio

219 2503 394 2537 audaciam.
439 2504 523 2536 Nam
540 2506 653 2538 multos
667 2506 812 2548 equidem
829 2504 962 2548 reperio,
977 2503 1032 2546 qui
1046 2514 1096 2535 me
1115 2509 1281 2546 propterea
1295 2506 1381 2533 recto
1396 2500 1540 2533 examine
1557 2501 1688 2543 probare

221 2567 285 2589 non
301 2564 446 2600 possunt,
461 2560 547 2601 quod
564 2560 723 2602 sapientes
737 2571 801 2591 non
818 2564 903 2599 sunt,
919 2558 1185 2602 quemadmodum
1203 2561 1236 2588 tu
1252 2567 1320 2588 esse
1337 2555 1464 2589 videris.
1486 2555 1540 2589 alii
1554 2565 1628 2587 vero
1642 2565 1693 2587 sa-

222 2611 346 2654 pientes
361 2612 489 2654 quidem
505 2618 588 2651 sunt,
605 2614 660 2645 sed
677 2614 840 2647 veritatem
856 2613 933 2645 mihi
958 2613 1063 2644 dicere
1085 2611 1208 2649 nolunt,
1224 2622 1262 2642 ex
1276 2621 1313 2642 eo
1330 2611 1416 2653 quod
1431 2610 1492 2642 mei
1507 2620 1612 2642 curam
1626 2619 1692 2641 non

220 2662 349 2704 liabent,
366 2672 403 2698 ut
416 2672 449 2698 tu
466 2669 572 2700 habes.
617 2668 778 2711 Peregrini
795 2678 867 2701 vero
882 2667 946 2706 isti,
963 2667 1097 2709 Gorgias
1113 2671 1145 2698 et
1160 2665 1270 2704 Polus,
1284 2664 1585 2707 sapientesquidem
1604 2667 1690 2701 snat.

221 2731 335 2763 meque
351 2721 488 2764 diligunt
501 2734 510 2762 ;
535 2734 639 2754 verum
655 2723 744 2755 deest
759 2723 803 2755 eis
820 2721 965 2758 audacia,
980 2726 1187 2761 veremurque
1200 2719 1280 2750 ultra
1294 2729 1388 2761 quam
1403 2722 1557 2760 oporteat.
1592 2716 1689 2754 Quod

221 2775 349 2817 quidem
360 2776 484 2807 cuinam
501 2776 632 2808 dubium
649 2787 715 2809 esse
732 2778 852 2819 possit?
876 2776 996 2819 quippe
1010 2786 1081 2807 cum
1095 2785 1134 2806 eo
1150 2784 1248 2816 usque
1260 2772 1468 2816 processerint
1478 2771 1688 2812 verecundie,

222 2834 260 2861 ut
275 2829 398 2872 utrique
413 2831 455 2862 ob
481 2831 581 2873 ipsam
597 2831 819 2863 verecundiam
845 2831 880 2863 in
905 2830 1072 2873 praesentia
1099 2829 1265 2860 multorum
1292 2827 1453 2859 homiuum
1475 2825 1546 2858 ausi
1569 2825 1688 2857 fuerint

222 2883 375 2926 sibiipsis
399 2885 441 2916 de
466 2886 556 2917 rebus
578 2886 720 2918 maximis
743 2885 969 2918 contradicere.
1013 2884 1093 2916 Haec
1117 2889 1223 2915 autem
1237 2883 1344 2914 omnia
1367 2891 1439 2924 quae
1462 2879 1517 2912 alii
1544 2889 1608 2911 non
1631 2880 1688 2911 ha·

223 2938 310 2976 bent,
327 2939 394 2982 ipse
409 2939 516 2973 habes.
561 2940 722 2983 Principio
747 2951 781 2974 es
806 2941 932 2973 abunde
956 2940 1082 2978 doctus,
1098 2939 1183 2980 quod
1200 2937 1290 2970 multi
1310 2935 1529 2969 confirmarent
1553 2933 1690 2967 Atheni-
