1832 3256
198 204 253 241 44
797 196 1067 238 PLATONIS
1567 197 1668 254 [315

199 310 296 348 atque
310 304 508 348 perreximus.
554 302 597 334 Et
612 301 743 345 ingressi
757 301 945 333 vestibulum
962 311 1136 333 sermonem
1151 301 1322 343 quendam,
1338 301 1371 332 in
1388 311 1480 344 quem
1496 300 1577 333 inter
1588 311 1669 333 enn-

198 360 275 392 dum
291 360 369 392 forte
384 359 604 396 incideramus,
625 356 836 388 tractavimus.
881 366 922 388 ne
947 366 1020 397 ergo
1040 354 1243 397 imperfectus
1265 356 1503 398 relinqueretur,
1526 355 1558 386 in
1573 355 1668 387 vesti·

198 414 275 445 bulo
288 413 358 455 ipso
373 413 548 456 colloquuti
563 422 680 449 sumus,
695 411 800 452 quoad
824 410 857 441 in
881 410 1073 452 disputando
1089 410 1304 442 convenimus.
1349 410 1482 441 Audivit
1494 420 1551 440 nos
1566 419 1666 441 eunu-

197 469 278 500 chus
303 468 430 511 quidam
457 467 576 510 janitor
592 478 599 497 ι
635 466 689 496 sed
713 469 839 508 propter
862 464 1069 506 sophistarum
1093 464 1216 495 turbam
1240 464 1438 496 venientibus
1465 464 1668 496 irascebatur.

198 522 419 554 Pulsavimus:
443 520 576 564 aperuit.
623 520 705 552 Cum
732 530 789 550 nos
814 518 955 556 vidisset,
980 518 1061 556 Hui,
1089 518 1239 560 sophistae
1263 519 1357 550 etiam
1382 519 1415 550 hi
1443 522 1528 555 sunt,
1552 517 1668 560 inquit.

199 576 285 607 haud
300 575 398 608 otium
414 575 471 608 illi.
517 580 549 607 et
563 574 654 606 simul
669 574 806 616 utrisque
823 572 966 619 manibus
980 571 1071 604 nixus
1087 572 1200 603 ostium
1223 572 1345 604 clausit.
1389 572 1586 604 Pulsavinms
1607 572 1665 603 ite-

198 639 278 663 rum.
324 631 379 662 sed
401 630 455 661 ille
476 629 590 661 clausis
613 639 630 660 e
651 627 782 665 foribus,
806 627 836 659 Ο
862 627 938 658 boni
951 626 1022 664 viri,
1048 626 1163 668 inquit,
1188 637 1252 658 non
1271 627 1398 667 auditis,
1418 626 1517 658 otium
1537 625 1583 657 illi
1602 635 1668 657 non

198 684 289 715 esse?
335 683 364 715 Ο
382 684 464 715 bone
479 683 538 720 vir,
563 682 702 724 inquam,
728 692 831 724 neque
847 682 887 712 ad
911 681 1043 713 Calliam
1067 681 1220 718 venimus,
1246 691 1350 722 neque
1377 680 1524 722 sophistae
1550 689 1668 711 sumus.

199 738 253 769 sed
270 737 414 769 confide:
439 738 610 779 Protagora
625 736 812 777 indigemus,
830 736 936 766 videre
950 734 1038 765 illum
1051 734 1207 776 cupimus.
1249 735 1310 766 hoc
1326 734 1483 765 nuntiato.
1519 732 1582 764 Vix
1597 737 1667 764 tan—

199 791 271 823 dem
288 791 368 823 fores
383 791 543 834 patefecit.
588 791 737 832 Ingressi,
752 789 955 830 Protagoram
971 788 1159 819 offendimus
1186 788 1217 818 in
1235 788 1391 819 vestibulo
1407 787 1546 830 porticus
1560 787 1668 818 deam-

196 845 370 877 bulantem.
397 845 632 887 *Sequebantur
647 854 718 875 eum
730 843 834 883 multi,
847 843 920 873 hinc
935 842 1062 884 quidem
1079 841 1194 873 Callias
1209 842 1384 884 Hipponici
1399 842 1494 882 filius,
1503 845 1537 873 et
1547 850 1667 882 germa-

198 909 258 930 nus
272 899 342 941 ejus
357 910 395 930 ex
409 903 506 930 matre
521 897 650 929 Paralus
666 896 787 928 Pericle
802 901 905 933 natus,
918 901 951 927 et
966 894 1150 927 Charmides
1163 895 1354 927 Glauconis:
1383 895 1480 937 [316]
1503 894 1579 926 inde
1594 904 1668 926 vero

195 953 277 984 alter
287 953 417 984 Periclis
433 952 515 982 filius
530 951 748 992 Xanthippus,
767 955 800 982 et
815 950 1015 992 Philippides
1029 949 1211 990 Philomeli,
1222 954 1255 980 et
1276 948 1466 980 Antimoerns
1486 949 1669 989 Mendaens,

198 1006 253 1048 qui
273 1006 355 1038 inter
370 1016 478 1037 omnes
494 1005 674 1046 Protagorae
689 1004 848 1035 auditores
862 1003 1014 1045 insignior
1025 1003 1210 1040 habebatur,
1226 1003 1431 1045 discebantque
1445 1013 1483 1034 ea
1498 1008 1604 1034 mente
1618 1002 1667 1035 fa-

199 1060 349 1091 cultatem
365 1059 462 1102 illam,
475 1064 512 1091 ut
527 1064 560 1091 et
571 1058 639 1100 ipse
650 1058 789 1100 sophista
802 1058 927 1089 futurus
941 1058 1052 1089 eadem
1068 1057 1261 1099 quandoque
1277 1058 1416 1088 doceret.
1443 1056 1472 1087 A
1484 1060 1572 1098 tergo
1587 1066 1667 1097 prte-

197 1119 283 1146 terea
297 1114 509 1156 sequebantur
523 1112 577 1144 alii
590 1112 802 1144 auscultantes
820 1111 1035 1153 Protagoram,
1044 1121 1176 1153 quorum
1193 1109 1317 1152 plurimi
1332 1109 1488 1152 peregrini
1497 1120 1564 1142 esse
1578 1110 1667 1142 vide-

198 1169 325 1209 bantur,
341 1178 420 1209 quos
435 1178 472 1198 ex
487 1166 618 1208 singulis
633 1166 769 1203 urbibus,
794 1176 850 1208 per
871 1176 949 1208 quas
964 1166 1211 1208 circumvagatur
1225 1164 1293 1203 ille,
1319 1168 1502 1206 congregat,
1525 1163 1666 1196 mulcens

196 1231 254 1253 eos
268 1232 359 1261 voce,
374 1226 523 1262 tanquam
539 1220 697 1262 Orpheus,
711 1225 745 1251 et
758 1220 910 1251 alliciens.
953 1219 1001 1251 illi
1015 1230 1089 1251 vero
1105 1229 1215 1250 vocem
1231 1218 1344 1261 passim
1356 1217 1520 1260 permulcti
1530 1228 1667 1260 sequun-

199 1280 259 1307 tur.
303 1275 446 1308 Aderant
460 1280 494 1307 et
507 1279 658 1306 nostrates
673 1274 801 1316 quidam
817 1274 850 1306 in
869 1284 907 1305 eo
929 1275 1038 1306 choro.
1082 1273 1177 1304 Hunc
1197 1283 1257 1314 ego
1279 1273 1407 1304 chorum
1431 1282 1502 1304 cum
1523 1276 1666 1303 contem·
1723 1308 1725 1311 v

196 1329 313 1372 plan-er,
329 1330 405 1361 ordo
421 1340 471 1361 me
484 1328 568 1360 illius
582 1328 713 1360 mirifice
733 1328 923 1361 oblectabat.
968 1327 1114 1370 diligenti
1135 1327 1291 1369 siquidem
1314 1326 1462 1358 cautione
1477 1325 1592 1368 singuli
1606 1325 1665 1357 ob-

199 1384 374 1421 servabant,
400 1393 440 1415 ne
457 1393 548 1424 passu
566 1382 768 1424 Protagoram
782 1383 958 1414 anteirent:
983 1382 1038 1413 sed
1055 1392 1126 1414 curn
1142 1387 1221 1412 retro
1238 1381 1352 1423 pedem
1366 1385 1511 1418 verteret,
1527 1379 1667 1422 pedisse-

199 1438 252 1479 qui
270 1437 426 1469 auditores
439 1442 513 1479 apte
528 1436 671 1477 niminm,
685 1437 763 1468 etin
786 1436 935 1468 circulum
952 1437 1098 1477 utrinque
1119 1435 1222 1472 divisi,
1244 1435 1291 1466 ita
1306 1435 1474 1474 cedebant,
1499 1439 1535 1465 ut
1550 1433 1667 1476 posteri

199 1500 321 1534 semper
343 1496 458 1523 essent.
503 1491 598 1522 Hunc
614 1495 688 1532 post
702 1489 780 1531 vidi,
805 1495 840 1521 ut
855 1490 956 1521 verbis
971 1487 1101 1520 Homeri
1115 1489 1236 1531 loquar,
1262 1488 1415 1531 HippIam
1431 1488 1591 1520 Eliensem
1607 1488 1667 1519 sub

196 1545 348 1587 opposito
362 1545 501 1586 porticus
517 1543 670 1578 vestibulo
685 1543 717 1574 in
734 1544 845 1574 throno
861 1543 1035 1575 sedentem.
1081 1542 1164 1574 circa
1189 1553 1282 1584 quem
1305 1542 1336 1573 in
1353 1542 1508 1575 subselliis
1522 1542 1667 1574 nonnulli

193 1599 363 1639 sedebant,
377 1598 603 1640 Eryximachus
617 1597 775 1629 Acumeni
788 1598 883 1634 filius,
900 1597 1114 1639 Phaedrusque
1129 1596 1376 1639 Myrrhinusius,
1391 1595 1524 1629 Andron
1539 1596 1666 1628 Andro-

199 1653 285 1684 tione
301 1651 435 1694 genitus,
451 1651 568 1693 aliique
582 1651 726 1682 nonnulli
742 1650 851 1692 partim
868 1649 964 1692 cives,
985 1651 1100 1692 partim
1120 1649 1216 1681 etiam
1237 1651 1412 1692 peregrini:
1437 1650 1490 1692 qui
1513 1651 1554 1682 de
1574 1651 1668 1682 rebus

194 1711 318 1738 naturas
333 1706 531 1742 sublimibus,
547 1710 760 1746 astrorumque
775 1704 987 1746 progressibus
999 1704 1189 1746 interrogare
1205 1703 1359 1745 Hippiam
1372 1704 1569 1736 videbantur.
1611 1704 1668 1737 ille

195 1765 304 1793 autem
319 1760 352 1791 in
368 1760 479 1791 throno
494 1759 607 1791 sedens
621 1758 835 1790 dubitationes
855 1751 986 1799 ssngulis
1004 1758 1174 1789 enodabat.
1218 1757 1296 1789 Vidi
1314 1762 1465 1800 pra-‚terea
1487 1757 1668 1790 'Fannium-

178 1828 180 1831 ’
199 1815 308 1846 aderat
332 1824 424 1856 porro
446 1813 601 1846 Prodicus
627 1812 738 1849 Chius,
765 1811 868 1854 quiin
883 1811 1117 1844 tabernaculum
1139 1811 1298 1853 quoddam
1320 1817 1499 1850 secesserat,
1520 1822 1584 1854 quo
1609 1822 1668 1854 pro

199 1879 284 1910 penu
303 1868 347 1899 uti
363 1867 564 1909 Hipponicus
579 1870 803 1898 consueverat:
829 1866 885 1897 sed
901 1870 935 1897 ut
950 1865 1051 1897 omnis
1067 1865 1295 1897 confluentium
1317 1866 1476 1907 hospitum
1502 1867 1594 1899 turha
1613 1877 1669 1899 ex-

198 1922 368 1965 ciperetur,
383 1921 533 1963 angulum
548 1930 674 1962 quoquo
690 1919 777 1954 illum
792 1920 940 1951 extractis
962 1919 1100 1951 obsoniis
1124 1919 1243 1952 Callias
1265 1920 1442 1961 hospitibus
1460 1920 1668 1955 habitandum

200 1977 340 2008 dederat.
384 1975 549 2007 Involutus
575 1974 669 2016 igitur
692 1975 892 2006 recumbebat
917 1974 962 2005 ibi
988 1973 1142 2005 Prodicus
1168 1984 1262 2015 super
1280 1973 1398 2005 villosis
1422 1974 1611 2016 stramentis,
1635 1979 1668 2006 et

199 2030 328 2073 quidem
344 2029 461 2066 multis,
477 2033 513 2060 ut
526 2029 699 2060 videbatur.
744 2028 878 2061 Sedibus
893 2032 997 2060 autem
1019 2027 1166 2069 proximis
1186 2028 1282 2070 aliqui
1307 2028 1527 2071 considebant,
1549 2029 1669 2062 Pansa-

199 2086 268 2118 nias
283 2083 490 2120 Ceramensis,
510 2088 544 2115 et
558 2093 657 2124 penes
676 2093 747 2114 eum
768 2082 1021 2115 adolescentulus
1040 2082 1166 2124 quidam
1190 2082 1310 2124 optimo
1330 2083 1458 2125 ingenio
1473 2070 1671 2125 etgenerosa

200 2138 307 2172 indole
322 2137 484 2179 praeditus,
499 2136 640 2178 nornine,
667 2141 703 2168 ut
725 2136 843 2174 audivi,
860 2135 1028 2178 Agathou:
1053 2146 1157 2178 neque
1173 2136 1282 2167 mirum
1297 2137 1395 2168 videri
1410 2138 1518 2175 debet,
1540 2137 1567 2170 si
1581 2138 1667 2171 Pau-

195 2193 296 2225 sanias
309 2192 350 2224 sit
364 2191 550 2224 carissimus.
595 2195 661 2222 erat
675 2190 790 2223 ibidem
804 2195 839 2225 ,et
854 2190 1041 2222 Adimantus
1056 2194 1199 2232 uterque,
1215 2195 1280 2221 tum
1297 2191 1438 2232 Cepidis,
1465 2196 1530 2224 tum
1545 2191 1668 2225 Leuco-

194 2246 314 2288 ‚lophili
328 2245 423 2283 filius,
439 2245 557 2287 aliique
573 2245 728 2287 permulti.
773 2245 854 2282 Quae
870 2255 942 2276 vero
958 2245 1154 2282 dissererent,
1167 2245 1252 2276 haud
1267 2245 1341 2276 satis
1355 2245 1546 2278 extrinsecus
1567 2246 1668 2288 perei-

194 2311 275 2343 .pere
294 2305 444 2342 poteram,
460 2310 649 2341 quamquam
665 2300 865 2331 vehementer
883 2299 993 2331 audire
1014 2299 1184 2331 Prodicum
1199 2299 1399 2332 affectabam.
1423 2300 1518 2341 [316]
1540 2300 1667 2342 sapien-

192 2354 339 2387 ¹tissimus
354 2353 437 2390 enirn
453 2353 642 2395 divinusque
658 2353 704 2384 vir
722 2353 799 2385 mihi
818 2364 886 2386 esse
908 2353 1053 2387 videtur:
1077 2354 1133 2385 sed
1159 2354 1304 2384 reboatus
1319 2353 1448 2395 quidam
1463 2363 1501 2386 ex
1516 2354 1602 2386 vocis
1617 2355 1666 2396 ip.-

195 2409 264 2442 sius
276 2407 468 2441 rotunditate
484 2408 542 2438 sub
556 2408 676 2439 fornice
691 2408 841 2440 continue
856 2407 1026 2450 revolutus,
1040 2408 1133 2439 verba
1148 2407 1272 2450 singula
1286 2407 1511 2440 confundebat.
1553 2407 1583 2440 E
1597 2419 1668 2446 ves-

195 2462 279 2505 tigio
295 2468 368 2504 post
383 2461 553 2502 ingressum
567 2466 706 2493 nostrum
721 2461 849 2494 intravit
866 2461 1062 2499 Alcibiades,
1079 2466 1114 2493 ut
1128 2461 1173 2493 ais
1187 2462 1268 2503 ipse,
1284 2461 1424 2503 pulcher,
1439 2466 1472 2493 et
1485 2471 1545 2505 ego
1559 2463 1666 2501 credo,

195 2522 234 2553 ,et
249 2516 362 2550 Critias
378 2515 559 2547 Callaescliri
575 2515 672 2548 filius.
717 2516 786 2548 Nos
801 2522 920 2557 autem,
934 2527 1005 2548 cum
1020 2516 1153 2558 ingressi
1167 2516 1208 2547 de
1222 2515 1409 2557 quibusdam
1424 2526 1487 2547 una
1509 2516 1670 2550 disserui*

201 2580 316 2607 semus,
330 2579 430 2612 eaque
445 2579 581 2602 essemus
595 2571 776 2612 spectacula
791 2571 1009 2613 contemplati,
1022 2570 1209 2602 accessimus
1223 2570 1263 2601 ad
1278 2570 1490 2612 Protagoram.
1527 2570 1668 2615 Deinde,

202 2636 222 2657 o
251 2624 435 2665 Protagora,
460 2622 599 2665 inquam,
627 2629 710 2658 certa
736 2625 777 2657 de
801 2636 896 2658 causa
921 2626 961 2657 ad
991 2629 1023 2656 te
1044 2635 1103 2666 ego
1133 2629 1166 2656 et
1190 2624 1402 2666 Hippocrates
1430 2625 1492 2656 huc
1517 2627 1669 2659 venimus.

202 2678 312 2711 Pno‘r.
356 2677 523 2719 Numquid
539 2688 675 2711 seorsum
691 2679 730 2711 ab
745 2679 815 2711 aliis
837 2689 959 2711 mecum
983 2678 1069 2721 loqui
1084 2678 1200 2709 vultis?
1225 2688 1265 2708 an
1280 2688 1384 2709 coram
1400 2679 1565 2710 omnibus?
1609 2680 1668 2713 So.

194 2731 257 2767 Ad
271 2741 329 2763 nos
342 2731 469 2773 quidem
486 2731 564 2763 nihil
579 2732 672 2764 refert
686 2744 693 2763 ε
717 2734 772 2765 sed
788 2744 860 2765 cum
882 2733 1038 2765 audiveris
1061 2742 1155 2774 quam
1170 2732 1211 2763 ob
1226 2742 1350 2763 causam
1366 2731 1519 2770 venimus,
1541 2733 1608 2774 ipse
1622 2735 1668 2766 vi-

191 2785 296 2820 deris.
330 2785 440 2816 Pnor.
465 2785 553 2823 Quid
579 2796 654 2828 ergo
670 2787 753 2818 istud
768 2793 826 2826 est,
847 2787 938 2830 cujus
954 2787 1051 2830 gratia
1066 2787 1128 2818 hue
1139 2786 1334 2818 accessistis?
1379 2787 1434 2820 So.
1457 2786 1668 2829 Hippocrates

191 2839 254 2871 ,hic
269 2842 388 2870 nostras
402 2844 461 2876 est,
477 2839 670 2881 Apollodori
685 2840 778 2878 filius,
801 2841 899 2873 nobili
922 2847 1016 2884 atque
1038 2839 1122 2872 felici
1138 2850 1252 2883 genere
1274 2845 1370 2872 ortus.
1413 2839 1485 2881 ipse
1500 2850 1572 2872 vero
1594 2851 1666 2874 curn

204 2892 376 2935 &equalibus
389 2893 453 2925 suis
468 2894 667 2928 simulatione
683 2894 826 2928 concitus
842 2896 882 2928 de
900 2895 1012 2929 virtute
1027 2893 1205 2932 contendit,
1232 2894 1383 2937 cupitque
1396 2892 1431 2926 iu
1445 2894 1607 2936 republica
1622 2897 1668 2929 vir
