1846 3268
201 277 293 327 143]
729 271 1057 312 ALCIBIADES
1090 271 1142 311 ΙΙ.
1591 274 1662 317 181

195 393 275 420 rum,
289 393 326 414 ac
351 381 376 413 si
398 379 529 412 maxima
550 379 632 411 bona
651 388 735 410 esses
758 376 891 409 feliciter
918 381 1118 408 consecutus.
1161 375 1228 408 AL.
1251 375 1404 415 Arbitror,
1418 387 1438 407 o
1462 376 1619 416 Socrates,
1634 382 1668 410 et

196 446 415 478 quemcunque
441 433 550 471 aliurn,
576 432 718 475 quisquis
745 432 877 463 eandem
905 435 1019 462 sortem
1042 435 1268 472 assequeretur.
1313 429 1370 462 So.
1394 429 1471 462 Non
1490 435 1594 463 tamen
1609 431 1667 464 eli-

195 501 283 532 geres
305 490 416 521 animae
432 493 494 520 tuae
511 488 582 520 loco
608 487 718 519 adesse
743 486 799 518 tibi
826 485 1007 517 Graecorum
1025 484 1164 516 omniurn
1180 489 1276 526 atque
1292 484 1387 516 etiarn
1401 485 1599 516 barbarorum
1616 491 1669 529 ty-

196 543 381 575 rannidem?
427 542 492 574 Ar..
516 541 605 579 Non,
630 546 666 572 ut
688 540 822 583 opinor:
847 539 966 582 quippe
994 550 1066 571 cum
1091 538 1178 570 nullo
1197 539 1291 570 modo
1317 549 1428 571 usurus
1453 550 1565 572 essem·
1609 539 1667 572 So.

194 599 282 637 Quid
298 598 324 629 si
339 608 448 640 usurus
472 597 600 639 quidem
615 595 669 638 sis,
683 596 766 627 male
789 600 906 632 tamen,
923 600 956 626 et
981 605 1052 626 curn
1079 594 1294 626 nocumento?
1318 604 1422 636 neque
1446 592 1491 626 sic
1513 593 1667 636 quidem?

194 653 258 684 Ar..
281 651 357 683 Non
374 651 529 694 profecto.
574 650 631 682 So.
655 649 767 681 Cernis
778 659 864 691 ergo,
880 653 980 681 tutum
997 659 1060 679 non
1077 658 1158 689 esse,
1171 652 1227 680 aut
1249 658 1322 689 quae
1347 647 1533 687 offeruntur,
1550 653 1667 691 temere

191 711 370 748 acceptare,
386 711 440 737 aut
455 710 575 747 optare,
590 704 615 735 si
632 703 702 746 quis
720 698 884 745 propterea
900 703 1102 735 incommoda
1117 702 1274 733 subiturus
1290 702 1331 733 sit
1346 702 1395 734 vel
1411 701 1505 734 vitam
1521 702 1666 745 protinus

193 761 371 794 amissurus.
415 760 538 791 Multos
553 763 658 790 autem
674 757 786 789 referre
799 766 974 799 possemus,
998 756 1053 798 qui
1077 767 1148 788 curn
1173 756 1374 798 tyrannidem
1389 756 1603 794 affectassent,
1618 757 1668 788 in-

193 826 254 858 que
270 815 354 846 illius
370 813 572 855 adeptionem
588 812 711 844 ardenti
727 812 831 843 studio
847 811 1096 848 contendissent,
1110 816 1220 852 utpote
1237 811 1353 842 bonum
1370 810 1490 853 aliquid
1507 811 1667 853 adepturi.

193 875 320 911 propter
333 868 534 911 tyrannidem
549 866 751 899 circumventi
767 866 891 898 insidiis
902 866 1032 908 periere.
1078 865 1161 897 Puto
1172 865 1279 902 etiam,
1295 864 1453 898 audivisse
1470 869 1500 896 te
1513 865 1669 898 nonnulla

193 924 259 955 lieri
275 934 311 955 ac
323 922 493 954 novissime
509 926 608 964 gesta,
629 932 700 953 cum
720 919 908 952 Archelaum
923 919 1140 951 Macedonum
1165 925 1336 962 tyrannum
1358 919 1536 962 tyrannidis
1558 930 1666 951 aman-

192 984 254 1010 tem
269 977 414 1017 delicias,
427 976 541 1018 aliquis
551 975 770 1018 hujuscemodi
786 975 916 1007 delicias
930 985 996 1006 non
1012 974 1114 1006 minus
1129 985 1222 1016 quam
1237 974 1292 1005 ille
1307 974 1416 1006 sitiens
1441 973 1610 1013 interfecit,
1630 979 1668 1006 ut

193 1038 345 1074 tyrannus
362 1042 432 1062 mox
448 1031 620 1072 beatusque
645 1030 780 1061 futurus.
826 1029 907 1062 Cum
924 1039 997 1061 vero
1024 1028 1163 1060 triduum
1188 1033 1243 1060 aut
1269 1029 1471 1070 quatriduum
1496 1029 1666 1071 tyrannide

193 1085 313 1127 potitus
326 1090 421 1122 esset,
434 1095 536 1116 rursus
550 1085 590 1116 ab
610 1084 681 1116 aliis
695 1095 734 1116 ex
748 1083 872 1116 insidiis
889 1094 1058 1126 oppressus
1075 1083 1178 1125 periit.
1225 1082 1272 1115 Ut
1287 1088 1391 1115 autem
1408 1083 1577 1116 referamus
1593 1094 1664 1127 quae

192 1151 256 1171 non
281 1150 319 1171 ex
343 1139 453 1171 auditu
478 1138 687 1181 percepimus,
711 1139 766 1170 sed
791 1137 854 1180 ipsi
876 1148 933 1169 nos
959 1134 1129 1180 praes'entes
1155 1137 1362 1179 inspeximus,
1378 1137 1467 1170 vides
1482 1137 1610 1180 iusuper
1624 1148 1664 1170 ex

191 1194 305 1226 nostris
319 1194 441 1226 civibus
453 1193 634 1235 quicunque
650 1193 864 1235 praefecturam
878 1193 1031 1225 exercitus
1055 1192 1153 1234 [142]
1178 1192 1364 1224 affectantes
1379 1192 1466 1224 nacti
1481 1197 1554 1223 suut
1565 1192 1664 1230 illam,

193 1248 303 1290 partim
319 1248 413 1279 etiam
429 1248 476 1279 his
492 1248 683 1290 temporibus
696 1247 819 1280 exsules
834 1248 987 1285 oberrare,
1002 1247 1112 1289 partim
1127 1251 1225 1278 morte
1241 1247 1408 1277 damnatos
1422 1257 1502 1279 esse.
1522 1250 1556 1277 et
1570 1246 1596 1277 si
1607 1246 1665 1289 qui

190 1302 320 1333 forsitan
331 1302 366 1334 in
381 1303 526 1334 extremis
545 1302 693 1345 periculis
717 1307 750 1333 et
765 1301 928 1333 timoribus
943 1307 1069 1333 strenue
1083 1311 1147 1332 rem
1160 1300 1292 1343 gessisse
1308 1300 1366 1332 visi
1388 1305 1474 1338 suut,
1489 1310 1554 1332 non
1567 1300 1663 1331 modo

190 1356 223 1387 in
238 1356 306 1397 ipso
329 1356 479 1394 exercitu,
495 1367 600 1388 verum
626 1356 721 1388 etiarn
749 1361 916 1398 postquam
938 1356 971 1387 in
994 1356 1101 1387 urbem
1119 1356 1250 1396 rediere,
1267 1365 1332 1386 non
1348 1355 1518 1386 minoribus
1534 1354 1574 1385 ab
1589 1354 1664 1386 insi-

190 1409 363 1441 diatoribus
378 1410 512 1448 civibus,
539 1421 632 1452 quarn
659 1421 678 1441 a
706 1409 857 1441 militibus
882 1409 1048 1442 calumniiS
1074 1409 1181 1441 affecti
1207 1414 1302 1442 suut:
1326 1414 1363 1440 ut
1384 1408 1525 1451 plerique
1538 1408 1663 1441 illorum

190 1465 367 1506 optaverint
393 1465 543 1506 denique,
568 1476 601 1497 se
628 1465 765 1506 privatos
780 1461 893 1496 vixisse¹
909 1465 1013 1506 potius
1029 1475 1123 1506 quam
1139 1463 1172 1495 in
1188 1463 1315 1506 publico
1331 1473 1471 1496 munere.
1516 1463 1615 1501 Quod
1636 1462 1664 1495 si

189 1518 328 1560 pericula
339 1524 371 1550 et
387 1517 507 1551 labores
523 1519 704 1561 hujusmodi
719 1519 855 1561 aliquam
873 1519 963 1550 nobis
989 1519 1154 1550 utilitatem
1171 1518 1330 1561 afferrent,
1346 1517 1488 1560 profecto
1512 1518 1573 1550 hoc
1594 1523 1660 1550 stu-

188 1573 276 1604 dium
291 1573 437 1605 nonnihil
461 1573 589 1605 rationis
614 1575 754 1606 haberet.
776 1584 861 1605 nunc
883 1584 955 1605 vero
981 1573 1075 1614 longe
1099 1578 1208 1606 contra
1234 1583 1282 1604 res
1302 1583 1334 1604 se
1361 1572 1469 1606 habet.
1513 1571 1663 1614 Invenies

190 1632 339 1669 praeterea
354 1628 466 1660 eodem
482 1632 575 1670 pacto
591 1628 760 1659 nonnullos
777 1627 930 1666 homines,
958 1628 1012 1670 qui
1039 1627 1120 1659 filios
1136 1627 1217 1659 votis
1242 1631 1414 1669 exoptant:
1438 1631 1471 1657 at
1484 1636 1556 1658 curn
1579 1626 1662 1659 filios

189 1682 296 1723 adepti
324 1687 409 1719 sunt,
434 1682 467 1713 in
492 1682 687 1714 calamitates
713 1682 904 1724 doloresque
932 1682 1081 1713 maximos
1110 1681 1267 1714 incidunt.
1301 1691 1374 1712 nam
1402 1680 1556 1723 plerique,
1588 1691 1661 1712 curn

190 1735 257 1766 nati
282 1745 336 1776 per
370 1747 494 1768 omnem
522 1742 647 1768 aetatem
675 1737 810 1779 improbi
839 1741 1049 1779 perseverent,
1079 1737 1255 1768 universam
1279 1735 1375 1766 vitam
1404 1745 1534 1766 moerore
1561 1735 1661 1767 confi-

189 1789 294 1820 ciunt:
321 1789 376 1831 qui
400 1800 472 1821 vero
500 1791 614 1832 probos
639 1790 723 1822 filios
751 1791 836 1822 nacti
860 1790 990 1822 adverso
1018 1791 1157 1832 quodam
1184 1799 1258 1822 casu
1283 1789 1344 1820 illis
1370 1789 1530 1828 orbantur,
1559 1789 1660 1821 nihilo

190 1843 290 1874 minus
314 1854 406 1885 quam
435 1845 608 1886 superiores
635 1844 681 1876 illi
708 1844 809 1876 miseri
835 1851 928 1877 sunt:
953 1850 989 1876 ut
1009 1855 1132 1886 prorsus
1150 1844 1304 1887 eligerent
1325 1853 1486 1886 nunquam
1517 1854 1550 1875 se
1577 1843 1660 1876 filios

188 1897 344 1938 genuisse.
389 1898 431 1929 Et
455 1899 598 1940 quamvis
623 1899 690 1930 baec
716 1903 811 1940 atque
841 1899 904 1930 alia
926 1899 1026 1929 multa
1055 1898 1276 1940 hujuscemodi
1303 1898 1470 1929 manifesta
1495 1897 1570 1936 sint,
1589 1909 1658 1930 raro

187 1957 291 1983 tamen
324 1952 525 1991 inveniretur,
552 1954 605 1995 qui
623 1953 671 1984 vel
695 1963 714 1984 a
737 1953 818 1984 datis
844 1953 1026 1991 abstineret,
1043 1954 1092 1984 vel
1118 1953 1144 1984 si
1170 1953 1290 1986 orando
1316 1953 1536 1995 impetraturus
1562 1958 1658 1992 esset,

187 2010 292 2046 votum
310 2005 479 2039 omitteret.
504 2007 650 2050 permulti
666 2007 760 2039 etiarn
776 2018 880 2050 neque
895 2009 934 2040 ab
949 2008 1104 2050 acquisita
1120 2008 1288 2050 tyrannide
1314 2018 1417 2050 neque
1441 2017 1461 2038 a
1475 2013 1562 2050 parta
1578 2018 1658 2050 prae-

187 2063 255 2090 tura
269 2060 371 2102 neque
386 2062 426 2092 ab
442 2061 511 2092 aliis
525 2061 708 2101 innumeris,
732 2073 803 2104 quse
818 2073 889 2094 cum
906 2062 1120 2114 pqssidentur,
1135 2062 1255 2094 lae'dunt
1270 2062 1389 2104 potius,
1413 2072 1507 2104 quarn
1523 2062 1658 2104 prosint,

186 2113 405 2146 discederent:
429 2116 507 2157 quin
522 2117 626 2158 potius
642 2122 765 2148 orarent
786 2116 847 2149 sibi
861 2116 915 2148 illa
930 2116 1075 2155 concedi,
1093 2116 1118 2148 si
1133 2117 1261 2159 quando
1276 2127 1340 2150 non
1362 2116 1477 2148 adsint.
1498 2116 1657 2148 interdum

186 2168 279 2199 breve
295 2174 367 2210 post
381 2174 506 2212 tempus
522 2170 677 2212 praeterita
693 2176 768 2202 vota
789 2172 952 2208 damnant,
968 2171 1008 2202 ad
1023 2170 1178 2203 contraria
1193 2175 1396 2202 recurrentes.
1444 2169 1656 2207 Quamobrem

187 2233 294 2254 vereor
308 2224 468 2265 equidem,
494 2235 535 2256 ne
549 2225 691 2257 homines
706 2230 821 2258 temere
837 2227 914 2258 deos
928 2226 1086 2262 incusent.
1100 2225 1190 2267 quasi
1205 2225 1285 2256 mala
1299 2225 1340 2256 ab
1358 2223 1398 2256 iis
1417 2223 1609 2256 inferantur:
1633 2223 1658 2256 ii

187 2286 273 2316 vero,
287 2288 342 2310 seu
360 2278 559 2320 protervitate
575 2280 711 2321 quadam
727 2281 792 2312 sive
811 2280 1007 2322 insipientia,
1034 2279 1093 2311 sibi
1108 2278 1183 2321 ipsis
1199 2278 1323 2310 dolores
1339 2282 1436 2310 morte
1451 2277 1584 2310 acriores
1597 2288 1655 2320 pa-

186 2331 280 2364 riunt.
326 2333 432 2370 Quare
449 2334 586 2375 prudens
602 2334 677 2365 mihi
694 2334 817 2366 videtur
831 2334 930 2376 poe'ta
945 2334 1010 2371 ille,
1036 2334 1091 2376 qui
1117 2333 1225 2365 amicis
1239 2332 1463 2374 insipientibus
1477 2342 1563 2369 usus,
1578 2332 1655 2364 dum

186 2395 241 2416 eos
255 2386 376 2422 videret
395 2391 428 2418 et
453 2392 581 2429 agentes
606 2393 639 2419 et
661 2394 796 2426 orantes,
823 2399 894 2431 quae
919 2388 983 2421 illis
1008 2388 1136 2420 minime
1151 2388 1385 2425 conducebant,
1401 2397 1472 2419 cum
1489 2391 1594 2418 tamen
1608 2386 1656 2418 eis

186 2440 277 2471 utilia
292 2441 483 2479 viderentur,
494 2452 551 2484 pro
567 2443 712 2474 omnibus
729 2443 773 2475 sic
785 2443 851 2476 ait:
879 2443 976 2486 [143]
1000 2442 1150 2484 Juppiter
1163 2452 1233 2480 rex,
1249 2442 1367 2484 optima
1383 2442 1509 2484 quidem
1520 2441 1610 2474 nobis
1623 2445 1655 2474 et

186 2494 370 2527 voventibus
390 2499 420 2528 et
445 2505 508 2528 non
533 2498 717 2530 voventibus
733 2498 858 2531 tribue.-
880 2500 962 2531 mala
983 2501 1088 2530 atatem
1107 2497 1305 2540 poscentibus
1319 2507 1436 2539 quoque
1450 2497 1557 2530 abesse
1562 2496 1654 2538 J’ube.

187 2548 290 2580 Recte
312 2549 406 2591 igitur
420 2556 453 2582 et
466 2558 558 2584 caute
582 2553 669 2595 loqui
683 2554 779 2596 poeta
796 2555 873 2586 milii
884 2555 1030 2587 videtur:
1059 2559 1093 2586 tu
1112 2565 1197 2596 vero,
1220 2555 1247 2585 si
1267 2554 1347 2596 quid
1360 2554 1457 2586 habes
1479 2554 1513 2585 in
1534 2555 1654 2592 animo,

187 2603 272 2644 quod
288 2604 435 2635 adversus
457 2606 525 2637 haec
550 2606 699 2648 proferas,
723 2619 764 2639 ne
786 2608 889 2641 silete.
936 2608 1001 2640 Ar..
1026 2607 1164 2640 Difficile
1177 2614 1237 2646 est,
1262 2619 1281 2640 o
1303 2609 1460 2646 Socrates,
1474 2607 1508 2640 in
1523 2608 1561 2640 iis
1580 2619 1653 2651 quae

187 2660 267 2690 bene
283 2658 368 2690 dicta
382 2665 466 2697 sunt,
483 2661 707 2694 contradicere.
751 2662 836 2694 Illud
852 2668 958 2695 autem
974 2663 1092 2704 cogito,
1115 2669 1268 2706 quantum
1286 2663 1401 2695 malum
1419 2663 1459 2695 sit
1473 2663 1653 2695 hominibus

184 2713 381 2755 ignorantia:
405 2715 660 2757 quandoquidem
677 2722 804 2758 propter
819 2718 901 2749 hanc
915 2728 972 2748 nos
988 2717 1076 2756 latet,
1093 2729 1163 2750 curn
1180 2717 1262 2750 male
1277 2718 1355 2761 quid
1366 2718 1500 2760 agimus,
1511 2723 1554 2756 et,
1566 2718 1653 2760 quod

185 2766 383 2800 deterrimum
399 2773 457 2804 est,
474 2769 514 2802 ob
529 2779 599 2800 eam
615 2770 748 2810 pessima
769 2771 862 2802 nobis
885 2772 1077 2814 quandoque
1099 2782 1272 2814 precamur.
1296 2773 1382 2815 quod
1405 2773 1535 2815 quidem
1559 2783 1652 2805 nemo

186 2825 332 2861 putaret:
355 2821 411 2852 sed
428 2821 505 2852 illu‘d
520 2821 656 2864 quilibet
671 2822 867 2864 opinaretur,
883 2835 974 2866 posse
991 2825 1139 2857 videlicet
1151 2836 1183 2857 se
1199 2826 1258 2858 sibi
1274 2826 1333 2868 ipsi
1348 2837 1412 2858 non
1427 2826 1572 2868 pessima,
1595 2827 1651 2858 sed

186 2875 306 2916 optima
321 2880 446 2917 petere:
472 2876 532 2907 hoc
548 2876 631 2907 enim
655 2887 687 2908 re
704 2887 777 2908 vera
799 2879 1023 2911 exsecrationis
1047 2879 1226 2921 cujusdam,
1251 2892 1315 2912 non
1331 2881 1410 2919 voti,
1435 2881 1536 2913 simile
1556 2886 1650 2913 esset.

185 2927 241 2963 So.
263 2927 309 2960 At
323 2929 414 2968 sorte,
436 2941 454 2960 o
479 2929 611 2972 optimc,
632 2930 750 2963 diceret
773 2931 930 2974 quispiam
955 2937 987 2966 te
1006 2933 1100 2966 vsimul
1121 2945 1158 2968 ae
1186 2946 1233 2967 me
1260 2935 1445 2978 sapientior,
1467 2936 1551 2968 haud
1574 2934 1649 2968 satis
