1846 3268
219 256 298 299 376
832 254 1101 305 PLATQNJS
1582 263 1681 316 [272

214 359 346 402 singulm
359 358 457 400 ipsius
472 361 575 401 partes
590 368 610 390 a
621 357 681 390 diis
695 357 892 402 principibus
906 360 1080 394 distributas
1093 366 1177 393 sunt.
1221 361 1414 394 Animalium
1426 373 1553 406 quoque
1569 373 1683 408 genera

216 413 366 456 gregatim
381 412 530 446 distincta
542 412 702 445 daemones
717 417 866 455 tanquam
892 413 993 446 divini
1008 418 1146 457 pastores
1161 414 1262 448 sortiti
1276 421 1369 448 sunt:
1395 428 1525 460 quorum
1548 418 1682 461 quisque

215 468 372 501 sufficiens
387 473 454 501 erat
467 468 508 500 ad
524 467 630 499 omnia
644 468 812 510 praebenda
826 467 970 510 singulis,
985 468 1098 510 quibus
1113 475 1244 511 praeerat
1268 471 1350 513 ipse.
1396 472 1608 510 Quamobrem
1631 473 1681 505 ni-

215 522 259 554 hil
274 528 341 554 erat
351 527 484 564 agreste,
498 521 664 564 omnisque
679 521 834 565 rapacitas
849 527 882 554 et
902 533 1017 565 vorago
1032 523 1140 566 procul
1157 524 1282 557 aberat:
1299 526 1405 557 aberat
1417 526 1532 558 bellum
1555 525 1682 568 penitus

212 582 308 619 atque
331 576 465 609 seditio:
488 581 592 608 cetera
613 575 752 619 insuper,
777 586 848 619 quae
872 577 1086 610 conditionem
1112 577 1234 611 illorum
1256 583 1430 622 temporum
1458 580 1681 622 sequebantur,

211 630 451 663 innumerabilia
476 634 561 663 sunt.
605 630 702 668 Quod
729 641 802 664 vero
827 632 869 664 de
891 631 993 665 victus
1007 632 1160 665 facilitate
1185 638 1218 666 et
1243 633 1387 667 libertate
1410 635 1482 666 vitas
1507 635 1615 674 fertur,
1637 635 1679 666 ob

212 685 244 717 id
261 690 309 717 est
323 684 454 722 dictum,
469 684 556 727 quod
571 683 661 716 Deus
682 695 736 717 eos
752 685 911 727 pascebat,
925 686 994 728 ipse
1016 685 1139 719 illorum
1155 691 1259 729 pastor
1280 692 1312 719 et
1325 693 1452 720 custos:
1476 688 1680 731 quemadmo-

211 740 287 772 dum
300 739 443 772 homines
456 749 553 775 nunc,
577 749 708 782 quorum
725 744 836 772 natura
850 739 998 778 divinior,
1021 740 1179 772 brutorum
1201 746 1342 783 pastores
1357 746 1439 775 sunt.
1483 741 1557 774 Deo
1571 741 1679 784 itaque

212 794 410 826 custodiente
421 793 582 826 civitatum
593 793 835 826 constitutiones
847 793 942 826 nullae
952 799 1052 832 erant,
1064 805 1167 837 neque
1177 795 1306 827 marium
1320 795 1415 838 [272]
1430 795 1679 838 feminarumque

211 848 252 879 ad
266 847 347 880 filios
362 848 570 890 procreandos
585 847 745 891 conjugia.
789 848 909 880 Omnes
923 849 1007 880 enim
1028 859 1065 880 ex
1082 854 1161 881 terra
1175 849 1412 891 reviviscebat,
1427 860 1527 881 rerum
1541 850 1680 892 praeteri-

210 908 310 934 tarum
323 902 532 936 immemores.
556 902 684 934 aberant
699 907 804 935 autem
817 902 1015 944 ejuscemodi
1040 904 1156 936 omnia.
1179 903 1298 936 fructus
1321 915 1394 936 vero
1413 903 1475 936 illis
1489 909 1523 936 et
1536 915 1631 946 poma
1645 909 1679 936 et

209 956 315 998 fruges
336 957 464 988 abunde
479 957 602 988 arbores
625 961 659 989 et
681 956 784 989 fertile
808 957 909 989 solum
934 963 1048 999 sponte
1072 968 1127 990 sua
1142 959 1260 1000 absque
1269 958 1465 1000 agriculturae
1488 968 1584 1000 opera
1603 968 1677 1000 sug-

209 1010 368 1053 gerebant.
413 1010 503 1042 Nudi
527 1010 604 1051 quin
627 1010 723 1042 etiam
748 1017 781 1042 et
806 1011 947 1053 expediti
971 1017 1004 1043 et
1028 1012 1194 1044 errabundi
1211 1017 1246 1043 ut
1271 1012 1436 1054 plurimum
1459 1012 1677 1054 pascebantur.

209 1063 294 1096 Nam
310 1064 476 1107 temperies
505 1065 567 1096 illis
581 1065 721 1103 innoxia,
743 1065 852 1098 mollia
873 1076 1000 1109 quoque
1023 1066 1136 1108 passim
1161 1071 1269 1108 parata
1290 1066 1419 1104 cubilia,
1440 1065 1678 1108 quamplurimis

206 1130 244 1151 ex
282 1123 362 1151 terra
397 1118 500 1151 herbis
536 1118 809 1160 repullulantibus.
856 1119 975 1157 Vitam,
998 1130 1018 1151 o
1055 1120 1210 1158 Socrates,
1246 1120 1409 1152 hominum
1446 1120 1504 1151 sub
1540 1119 1675 1151 Saturno

206 1172 379 1204 viventium
409 1173 518 1205 audis:
555 1173 637 1205 hanc
664 1183 751 1215 vero,
778 1183 871 1216 quam
901 1173 992 1206 Jovis
1021 1185 1089 1206 esse
1118 1175 1260 1215 tradunt,
1290 1185 1425 1216 praesens
1450 1174 1519 1217 ipse
1547 1174 1676 1206 novisti.

205 1231 277 1259 utra
302 1238 375 1259 vero
400 1227 443 1260 sit
467 1211 600 1267 felicior,
626 1226 813 1269 judicarene
839 1228 887 1260 vis
912 1239 950 1260 ac
977 1229 1092 1270 potes?
1137 1229 1194 1260 So.
1217 1227 1352 1260 Minime
1373 1228 1525 1261 omnium.
1568 1227 1677 1261 How.

206 1280 306 1312 Visne
321 1281 425 1322 igitur,
437 1291 496 1323 ego
512 1282 746 1324 quodammodo
770 1281 828 1313 tibi
843 1281 1044 1324 dijudicem?
1089 1282 1146 1314 So.
1170 1281 1212 1313 Et
1228 1282 1359 1314 maxime
1381 1282 1521 1325 quidem.
1565 1281 1676 1314 Hosn.

205 1335 240 1368 Si
269 1335 395 1368 Saturni
423 1336 583 1378 quondam
614 1335 733 1367 alumni
761 1335 795 1368 in
823 1341 911 1367 tanto
941 1336 1006 1368 otio
1037 1341 1070 1368 et
1091 1337 1234 1368 libertate
1261 1337 1346 1373 vitm.
1376 1336 1584 1379 potentiaque
1610 1346 1677 1368 non

208 1390 308 1423 solum
324 1390 405 1422 inter
420 1401 465 1427 se,
491 1390 547 1422 sed
561 1389 657 1422 etiam
672 1400 744 1422 cum
760 1389 867 1422 bestiis
883 1389 1097 1433 colloquendi,
1119 1390 1205 1422 hisce
1221 1391 1365 1422 omnibus
1387 1391 1427 1422 ad
1443 1390 1674 1434 philosophiam

205 1446 386 1483 utebantur,
400 1444 484 1476 inter
498 1455 531 1476 se
546 1449 577 1477 et
593 1455 664 1477 cum
681 1444 787 1476 bestiis
802 1444 955 1482 viventes,
971 1444 1227 1487 sciscitantesque
1243 1446 1282 1477 ab
1297 1445 1383 1476 omni
1393 1452 1675 1489 naturaâ€šquaecun-

206 1510 269 1542 que
285 1499 442 1541 propriam
465 1498 622 1531 sentiendi
648 1499 710 1530 vim
726 1498 865 1541 aliquam
881 1499 1077 1530 differentem
1101 1499 1141 1531 ab
1155 1499 1224 1531 aliIs
1238 1500 1333 1531 habet
1348 1500 1388 1531 ad
1405 1500 1603 1542 prudentiam
1621 1510 1676 1531 ae-

205 1554 389 1597 quirendam
407 1565 415 1585 :
437 1552 532 1586 facile
551 1553 690 1596 judicari
713 1558 832 1596 potest,
857 1554 927 1586 illos
951 1554 1046 1595 longo
1071 1554 1207 1596 quodam
1234 1553 1398 1586 intervallo
1425 1564 1483 1586 nos
1511 1554 1551 1585 ad
1582 1554 1674 1585 beate

204 1608 376 1640 vivendum
391 1619 604 1650 exsuperasse.
648 1607 705 1639 Sin
720 1612 825 1639 autem
841 1608 943 1650 epulis
959 1608 1078 1640 affatim
1094 1613 1127 1640 et
1142 1608 1264 1651 poculis
1279 1608 1374 1640 saturi
1388 1608 1468 1640 inter
1483 1618 1527 1645 se,
1553 1612 1586 1640 et
1599 1618 1671 1640 curn

205 1662 315 1695 bestiis
339 1662 418 1694 tales
441 1662 563 1695 fabulas
585 1662 802 1704 conferebant,
823 1661 933 1704 quales
956 1662 997 1694 de
1012 1661 1074 1694 illis
1089 1673 1172 1695 nunc
1189 1663 1374 1704 referuntur,
1388 1663 1449 1694 hoc
1466 1673 1593 1705 quoque
1613 1662 1672 1700 its,

203 1722 239 1750 ut
254 1728 324 1750 mea
338 1717 397 1750 fert
412 1716 535 1760 opinio,
549 1717 642 1750 facile
657 1717 829 1749 admodum
840 1716 1046 1759 judicaretur.
1078 1717 1141 1749 Sed
1156 1718 1223 1749 haec
1238 1717 1428 1755 omittamus,
1445 1717 1546 1749 donec
1561 1716 1674 1759 aliquis

205 1773 314 1804 horum
341 1772 474 1804 idoneus
497 1777 649 1814 appareat
673 1772 814 1810 nuntius,
841 1772 896 1814 qui
916 1772 1008 1804 nobis
1032 1772 1156 1810 referat,
1180 1776 1281 1803 utrum
1304 1772 1447 1803 homiues
1469 1771 1518 1803 illi
1532 1771 1672 1803 scientiis

204 1833 237 1860 et
249 1826 557 1860 confabulationibus
579 1836 707 1868 operam
729 1826 886 1858 dederint.
931 1825 1032 1868 Cujus
1058 1831 1163 1857 autem
1179 1825 1278 1868 gratia
1292 1826 1430 1859 fabulam
1445 1826 1526 1858 hanc
1541 1825 1674 1868 ingressi

203 1893 322 1920 sumus,
337 1882 369 1913 id
391 1881 458 1924 jam
483 1881 665 1919 dicendum,
693 1885 728 1912 ut
751 1881 916 1923 sequentia
937 1891 1008 1912 cum
1030 1880 1289 1913 antecedentibus
1303 1880 1545 1923 conjungamus.
1589 1880 1672 1912 Cum

204 1936 344 1969 omnium
359 1936 483 1968 illorum
498 1940 622 1978 tempus
635 1939 718 1967 esset
728 1935 901 1977 expletum,
912 1935 1181 1977 mutationemque
1193 1935 1340 1967 circuitus
1350 1935 1416 1966 fore
1423 1934 1491 1976 jam
1503 1939 1674 1976 oporteret,

204 1996 326 2023 terreno
342 2001 456 2033 genere
481 1990 567 2022 omni
583 1995 792 2032 consumptoÍ¾
814 1989 935 2032 quippe
947 2001 1018 2022 cum
1033 1989 1183 2032 quaelibet
1205 1989 1309 2020 anima
1331 1989 1548 2031 generationes
1563 1997 1672 2019 omnes

203 2046 377 2088 implesset,
402 2050 544 2088 quotque
567 2045 715 2076 mandata
737 2049 826 2077 erant
847 2044 975 2087 cuique,
999 2044 1130 2076 totidem
1154 2053 1351 2086 unaquaeque
1372 2042 1406 2074 in
1427 2047 1538 2076 terram
1552 2041 1673 2073 semina

204 2099 412 2143 projecisset:
430 2104 506 2132 tunc
519 2099 652 2131 universi
665 2099 853 2141 gubernator
863 2098 965 2137 Deus,
980 2098 1070 2141 quasi
1085 2097 1364 2140 gubernaculorum
1379 2096 1514 2128 dimissis
1528 2096 1671 2139 habenis,

201 2155 235 2188 iu
250 2155 299 2187 sui
315 2154 413 2197 ipsius
427 2154 520 2187 rediit
545 2153 818 2196 circumspectum.
862 2153 1022 2185 Mundum
1039 2163 1111 2185 vero
1125 2152 1276 2194 deinceps
1299 2153 1398 2183 fatum
1415 2151 1546 2183 revolvit
1560 2150 1671 2182 iterum

203 2215 238 2242 et
262 2210 372 2241 inuata
396 2209 565 2252 cupiditas.
610 2208 730 2240 Omnes
755 2208 833 2251 quin
858 2208 952 2239 etiam
977 2207 1035 2245 dii,
1063 2207 1174 2239 summi
1196 2206 1348 2238 daemonis
1373 2205 1515 2248 collegae,
1538 2204 1671 2247 singulis

203 2263 366 2307 praepositi
380 2263 570 2306 regionibus,
585 2263 671 2305 quod
686 2263 861 2304 contigerat
872 2262 1083 2304 advertentes,
1097 2260 1206 2293 mundi
1219 2266 1321 2303 partes
1335 2260 1555 2292 destituerunt.
1572 2258 1671 2302 [2â·8]

202 2318 348 2351 Mundus
370 2318 487 2349 deinde
509 2317 664 2349 contraria
686 2316 834 2360 principii
857 2316 991 2359 finisque
1016 2327 1085 2348 sese
1101 2316 1274 2358 agitatione
1290 2315 1465 2350 reflectens,
1481 2318 1567 2345 terroe
1583 2318 1671 2344 motu

203 2373 327 2417 ingenti
342 2372 490 2405 interiora
505 2372 702 2413 concutiens,
715 2371 862 2404 animalia
877 2381 979 2404 rursus
995 2370 1149 2413 cujusque
1165 2368 1285 2412 generis
1298 2373 1332 2399 ut
1342 2367 1507 2410 plurimum
1521 2365 1672 2410 perdidit.

203 2429 249 2461 At
260 2438 333 2460 vero
343 2428 435 2459 certis
448 2433 622 2470 temporum
634 2425 751 2458 exactis
759 2425 931 2463 curriculis,
944 2423 1109 2456 concussio
1120 2422 1372 2466 perturbatioque
1383 2421 1532 2459 cessavit,
1541 2426 1674 2453 etmun-

204 2484 265 2515 dus
276 2493 295 2514 a
309 2482 489 2514 turbulento
505 2482 626 2524 fragore
640 2480 794 2513 desistens
809 2479 902 2511 solita
912 2478 961 2511 sui
975 2478 1074 2520 ipsius
1086 2477 1298 2520 progressione
1310 2474 1458 2512 cucurrit,
1470 2474 1550 2507 etin
1563 2474 1672 2507 ordine

205 2538 314 2570 debito
330 2536 518 2569 constitutus
527 2536 746 2568 auctoritatem
758 2533 1121 2575 administrationemque
1131 2537 1164 2564 et
1175 2531 1224 2563 sui
1235 2531 1332 2572 ipsius
1344 2535 1504 2567 eteorum,
1515 2539 1586 2571 quas
1595 2529 1628 2560 iu
1640 2539 1674 2560 se

205 2597 289 2630 sunt,
307 2591 456 2634 suscepit,
473 2590 607 2622 auctoris
623 2590 780 2633 patrisque
795 2588 842 2620 sui
858 2587 1114 2630 gubernationem
1130 2596 1187 2629 pro
1202 2586 1318 2618 viribus
1333 2584 1508 2617 memoriter
1522 2583 1673 2617 imitatus.

207 2645 369 2689 Principio
383 2645 481 2687 igitur
494 2645 663 2687 perfectius
677 2649 827 2676 executus
842 2648 908 2675 est:
933 2642 987 2674 sed
1005 2643 1044 2674 ab
1059 2653 1096 2673 ea
1110 2642 1236 2673 demum
1251 2640 1426 2672 imitatione
1439 2637 1563 2681 longius
1575 2638 1674 2680 dege-

207 2701 340 2734 neravit.
385 2699 486 2742 Cujus
500 2699 630 2742 quidem
645 2698 788 2732 desectus
811 2707 906 2730 causa
920 2702 969 2728 est
990 2701 1100 2729 natura
1122 2705 1284 2738 corporea,
1307 2694 1414 2737 priscae
1429 2698 1548 2725 naturai
1562 2692 1673 2724 fomes.

206 2755 291 2788 Nam
306 2754 464 2798 quondam
481 2753 573 2784 valde
589 2753 728 2785 deforme
741 2757 807 2784 erat
821 2757 853 2784 et
867 2751 986 2784 ordinis
1001 2761 1123 2793 experSâ€š
1139 2754 1306 2792 antequam
1331 2747 1477 2791 praesenti
1490 2751 1600 2779 ornatu
1616 2746 1672 2778 de-

207 2815 375 2842 coraretur.
412 2807 466 2840 Ab
480 2819 519 2839 eo
535 2818 621 2845 sane,
636 2807 689 2850 qui
706 2808 808 2850 ipsum
824 2806 1008 2844 construxit,
1023 2806 1106 2838 bona
1122 2805 1227 2837 omnia
1242 2804 1401 2847 possidet:
1425 2813 1444 2834 a
1458 2801 1551 2844 priori
1565 2805 1670 2833 autem

212 2863 411 2897 deformitate
436 2862 635 2895 incommoda
649 2868 681 2894 et
706 2861 825 2904 injusta
841 2860 957 2898 onmia,
973 2871 1043 2904 quae
1066 2860 1148 2892 intra
1163 2859 1276 2892 coelum
1299 2862 1480 2894 nascuntur,
1494 2854 1675 2888 eimundus

209 2920 278 2963 ipse
293 2918 427 2950 sustinet
439 2922 472 2949 ct
486 2917 694 2949 animantibus
710 2917 829 2951 inserit.
852 2917 938 2948 Dum
954 2915 1048 2958 igitur
1062 2915 1209 2947 animalia
1231 2924 1287 2946 sua
1302 2923 1364 2945 una
1378 2922 1450 2945 cum
1465 2910 1672 2952 gubernatore

210 2973 320 3012 nutrit,
345 2972 426 3005 mala
448 2971 575 3015 quidem
603 2982 709 3014 parva,
736 2972 819 3005 bona
842 2982 914 3004 vero
937 2970 1078 3014 ingentia
1101 2970 1200 3014 parit:
1223 2979 1294 3010 cum
1318 2971 1423 3000 autem
1437 2964 1623 3008 sejungitur,
1638 2963 1673 2996 in
