1832 3256
159 244 255 296 254]
584 206 586 208 ’
747 238 1036 281 PHAEDRUS.
1572 244 1621 282 15

158 347 370 384 considerant,
384 349 488 379 utrum
501 344 544 378 ad
558 343 789 387 philosophiam
804 349 839 376 et
851 344 1021 387 imperium
1032 346 1143 377 natura
1157 342 1198 375 sit
1212 347 1327 386 aptus:
1343 347 1376 375 et
1390 343 1519 386 quando
1533 345 1621 378 illum

159 407 266 435 aurant
280 401 452 437 inventum,
467 400 553 431 omni
568 409 663 441 opere
678 399 887 436 contendunt,
902 409 965 441 quo
981 398 1034 430 illc
1047 397 1121 430 talis
1135 398 1259 430 evadat.
1283 397 1333 429 Ac
1347 398 1408 429 nisi
1422 400 1518 440 prius,
1534 402 1624 441 quod

159 460 320 497 exoptant,
334 455 464 496 ingressi
479 454 596 486 fuerint
609 454 716 485 studio
729 464 798 491 suo,
815 458 891 485 tunc
907 452 1106 484 contendunt
1120 452 1304 492 admodum,
1319 452 1508 494 discuntque
1522 456 1623 486 unde-

155 518 284 550 cunque
298 508 420 550 aliquid
434 512 579 550 possunt,
593 511 689 549 atque
704 507 762 549 ipsi
778 507 873 538 etiam
888 507 928 538 ad
944 508 1004 539 hoc
1019 517 1099 548 opus
1112 506 1367 549 progrediuntur.
1390 506 1623 549 Investigantes

157 572 195 593 ex
210 573 244 594 se
259 562 337 603 ipsis
349 562 414 593 Dei
427 562 476 593 sui
489 566 645 598 naturam,
664 561 761 603 [253]
779 561 844 592 voti
859 562 985 592 tandem
1000 566 1165 602 compotes
1179 560 1271 597 fiunt,
1286 570 1324 591 ex
1347 571 1385 592 eo
1401 561 1486 601 quod
1502 571 1625 594 summa

159 616 294 658 quadam
311 614 486 647 attentione
501 615 614 646 mentis
634 615 733 646 aciem
757 614 789 645 in
805 614 912 646 Deum
934 614 1051 656 erigere
1073 614 1322 656 compellantur3
1345 613 1463 645 deinde
1482 625 1552 647 eum
1570 627 1627 658 per

159 670 340 701 memoriam
377 669 465 701 illum
504 669 672 710 attingant,
700 667 865 700 divinitate
892 669 1047 710 afflantur,
1075 674 1170 710 atque
1193 679 1231 699 ex
1256 678 1296 699 eo
1319 678 1421 699 mores
1450 673 1483 700 et
1510 670 1627 711 studia,

157 729 311 765 quatenus
338 723 458 754 homini
493 723 568 754 licet
597 722 662 753 Dei
698 722 884 764 participem
921 722 999 759 fieri,
1036 722 1178 763 capiunt.
1222 721 1370 764 quoniam
1406 732 1478 753 vero
1514 723 1626 754 horum

158 777 296 809 omnium
321 787 429 808 causas
455 776 594 808 referunt
617 775 651 807 in
677 781 826 816 amatum,
852 776 1023 807 dilectione
1047 775 1206 807 ardentius
1231 775 1457 807 accenduntur.
1518 776 1570 808 Ac
1601 778 1626 808 si

157 833 199 863 ab
222 832 303 864 Jove
332 831 487 868 hauriant,
517 830 735 862 bacchantium
766 831 961 862 sacerdotum
986 840 1084 867 ruore,
1108 830 1142 862 in
1167 829 1263 861 amati
1291 829 1430 861 animum
1467 831 1624 862 transfun—

155 887 279 927 dentes,
292 885 419 927 proprio
434 884 517 922 Deo,
534 885 637 926 quoad
656 889 797 926 possunt,
813 884 1005 916 simillimum
1020 884 1167 916 reddunt.
1214 883 1405 926 Quicunque
1427 894 1500 916 ver-o
1523 886 1626 918 Juno-

157 950 230 971 nem
244 938 344 971 secuti
358 943 442 976 sunt,
458 938 575 980 regium
592 943 756 979 quaerunt:
780 949 843 980 quo
869 937 1010 975 invento,
1033 936 1174 969 similiter
1194 937 1300 969 affecti
1324 938 1435 970 eadem
1450 949 1524 980 erga
1537 939 1625 971 illurn

157 992 263 1026 omnia
277 992 407 1024 faciunt.
453 991 613 1033 Apollinis
635 997 784 1032 praeterea
808 991 1037 1033 reliquorumve
1060 991 1196 1023 cultores
1219 991 1359 1023 Deorum
1381 992 1509 1034 singuli,
1536 993 1626 1025 Deos

157 1046 298 1088 singulos
320 1046 488 1083 imitantes,
510 1047 620 1078 eodem
642 1047 737 1077 modo
763 1046 911 1077 affectum
940 1051 1051 1077 natura
1076 1046 1308 1078 adolescentem
1335 1052 1479 1088 quaerunt
1492 1059 1500 1079 ε
1525 1058 1628 1090 eoque

158 1105 352 1142 comparato,
366 1105 399 1132 et
413 1100 473 1141 ipsi
488 1099 659 1137 imitantes,
674 1105 707 1131 et
721 1100 974 1133 adolescentibus
988 1100 1213 1142 persuadentes
1234 1101 1506 1143 moderantesque,
1520 1102 1554 1132 in
1567 1113 1627 1134 nu-

157 1155 251 1186 minis
264 1154 364 1196 ipsius
377 1154 515 1185 studium
532 1160 564 1186 et
578 1154 682 1185 ideam
708 1165 764 1196 pro
787 1155 902 1186 viribus
925 1159 1043 1196 agunt:
1062 1164 1132 1195 *non
1147 1154 1278 1191 invidia,
1293 1165 1357 1185 non
1372 1154 1517 1186 illiberali
1531 1155 1628 1188 male-

158 1209 297 1240 volentia
311 1209 345 1239 in
361 1208 577 1239 adolescentes
593 1219 666 1239 suos
682 1213 824 1246 utuntur,
847 1209 903 1239 sed
925 1208 1011 1239 omni
1033 1208 1139 1239 studio
1158 1208 1229 1239 illos
1244 1208 1284 1238 ad
1301 1208 1470 1250 perfectam
1486 1213 1551 1241 tum
1568 1209 1628 1247 sui,

158 1267 224 1294 tum
241 1261 319 1302 Dei,
332 1272 424 1303 quem
440 1261 561 1301 colunt,
577 1262 811 1294 similitudinem
837 1263 968 1294 formare
993 1267 1157 1294 conantur.
1203 1262 1286 1294 Cura
1301 1262 1396 1304 igitur
1410 1262 1543 1304 finisque
1557 1273 1629 1294 vere

156 1315 340 1356 amantium,
354 1315 379 1347 si
395 1316 502 1356 modo,
517 1315 603 1356 quod
619 1315 895 1357 cupiunt,fuerint
909 1316 1056 1353 assecuti,
1081 1316 1151 1347 talis
1174 1320 1222 1347 est
1245 1316 1398 1358 profecto,
1421 1317 1546 1358 qualem
1572 1316 1628 1348 de-

156 1370 334 1412 scripsimus
348 1381 356 1401 :
379 1375 412 1401 et
422 1369 552 1411 insignis
563 1370 733 1400 admodum
745 1370 882 1412 felixque
897 1370 937 1401 ab
952 1369 1053 1402 amico
1069 1374 1196 1411 propter
1210 1380 1345 1402 amorem
1361 1370 1496 1412 furente,
1511 1371 1628 1404 dilecto

156 1435 226 1461 suo,
241 1424 266 1455 si
282 1429 393 1465 captus
407 1424 513 1462 fuerit,
534 1425 689 1466 provenit.
714 1425 991 1467 comprehenditur
1004 1430 1121 1462 autem,
1137 1424 1278 1466 quisquis
1294 1424 1428 1466 capitur,
1444 1425 1504 1457 hoc
1520 1430 1627 1467 pacto.

157 1478 340 1516 Quamlibet
354 1479 488 1510 animam
505 1479 544 1510 ab
559 1479 649 1510 initio
664 1478 758 1520 hujus
773 1479 888 1510 fabulae
905 1479 1052 1510 trifariam
1068 1479 1230 1510 divisimus
1242 1483 1369 1520 z-atque
1391 1489 1540 1520 equorum
1556 1478 1628 1521 qui-

157 1533 229 1564 dem
254 1533 366 1564 formas
392 1534 543 1575 geminas,
571 1533 649 1564 duas
676 1534 829 1575 quasdam
853 1532 976 1574 species
998 1533 1182 1575 posuimus3
1213 1532 1352 1574 aurigam
1376 1543 1464 1573 vero,
1489 1533 1627 1575 speciem

157 1587 280 1618 tertiam
294 1597 303 1619 ι
329 1587 502 1629 eademque
528 1587 618 1618 nobis
644 1588 677 1618 in
703 1588 869 1629 praesentia
895 1592 1055 1620 maneant.
1100 1586 1263 1629 Equorum
1287 1592 1391 1619 autem
1415 1586 1493 1618 alter
1516 1588 1630 1630 bonus,

158 1640 235 1672 alter
249 1651 325 1673 non.
370 1641 452 1678 Quae
476 1646 580 1672 autem
602 1647 657 1672 aut
682 1642 758 1673 boni
783 1643 858 1684 equi
878 1642 988 1679 virtus,
1001 1647 1056 1673 aut
1070 1641 1143 1673 mali
1160 1641 1295 1683 pravitas
1310 1641 1362 1678 sit,
1377 1641 1518 1671 nondum
1534 1641 1629 1683 plane

158 1695 292 1726 diximus
305 1706 314 1726 :
338 1705 423 1726 nunc
437 1705 510 1725 vero
526 1695 707 1725 dicendum.
751 1694 863 1725 Bonus
884 1695 1096 1727 excellentiori
1112 1695 1223 1726 habitu
1238 1694 1316 1726 situs
1330 1699 1389 1732 est,
1405 1695 1510 1736 specie
1526 1700 1629 1727 rectus

156 1753 190 1779 et
211 1748 396 1780 articulatim
421 1748 600 1787 distinctus,
625 1748 722 1779 ardua
744 1747 878 1787 cervice,
897 1747 1023 1779 naribus
1048 1748 1173 1780 modIce
1200 1747 1358 1788 aquilinis,
1381 1747 1484 1779 nitido
1511 1748 1628 1788 colore,

153 1801 253 1843 ‚nigris
267 1801 379 1843 oculis,
394 1801 520 1832 honoris
536 1800 680 1841 cupidus,
697 1799 910 1841 temperantiae
926 1801 1117 1842 pudorisque
1138 1802 1311 1843 particeps,
1322 1811 1359 1833 ac
1375 1811 1455 1833 verae
1469 1802 1629 1843 opinionis

153 1856 286 1893 amicus,
301 1855 395 1886 nullis
410 1854 540 1886 stimulis
554 1854 713 1896 indigens,
729 1855 850 1886 scilicet
865 1855 1079 1887 cohortatione
1095 1855 1162 1886 sola
1177 1855 1360 1896 rationeque
1374 1855 1500 1896 regitur.
1537 1855 1630 1888 Alter

155 1910 288 1942 intortus
311 1913 345 1940 et
368 1908 544 1950 multiplex,
571 1913 750 1950 temereque
774 1908 910 1950 delatus,
924 1908 1086 1950 fususque,
1103 1914 1136 1941 et
1149 1909 1280 1940 confuse
1295 1909 1502 1950 compositus,
1515 1909 1630 1951 rigenti

156 1968 190 1995 et
202 1964 279 1995 dura
294 1963 426 2005 cervice,
440 1969 535 2005 atque
550 1962 685 1994 demisso
700 1963 794 2001 collo,
810 1962 887 1994 simo
902 1963 1004 2001 vultu,
1029 1963 1120 1995 fusco
1141 1962 1258 2003 colore,
1273 1963 1372 1996 oculis
1387 1963 1487 1995 caesiis
1501 1964 1628 2006 sangui-

156 2027 260 2059 neque
275 2017 411 2054 suffusis,
427 2027 563 2048 morosus
581 2021 613 2048 et
627 2022 806 2054 contumax,
829 2017 955 2050 hirsutis
982 2018 1108 2049 auribus
1125 2022 1220 2060 atque
1235 2017 1348 2055 surdis,
1363 2017 1415 2048 vix
1430 2018 1556 2059 flagello
1573 2017 1627 2050 sti-

155 2071 310 2113 mulisque
325 2072 554 2113 obtemperans.
600 2072 737 2110 Quando
753 2072 847 2113 igitur
860 2072 979 2114 auriga,
994 2073 1179 2107 amatorium
1195 2072 1351 2114 aspiciens
1367 2072 1499 2114 vultum,
1513 2077 1628 2103 totam»

156 2136 219 2168 que
233 2136 326 2159 sensu
340 2125 534 2163 inflammans
559 2126 695 2159 animam
721 2126 908 2159 titillationis
928 2132 962 2160 et
988 2127 1134 2159 desiderii
1160 2126 1293 2158 stimulis
1316 2126 1504 2167 concitatur,
1526 2125 1626 2168 [254]

157 2185 224 2212 tum
247 2179 304 2221 qui
328 2179 443 2221 aurigae
458 2179 610 2213 obediens
636 2186 684 2212 est
707 2191 871 2223 equorum,
897 2186 934 2213 ut
959 2182 1135 2219 consuevit,
1159 2181 1280 2223 pudore
1303 2180 1461 2213 cohibitus
1476 2191 1508 2211 se
1523 2179 1627 2222 ipsum

157 2233 312 2276 continet,
326 2244 368 2266 ne
382 2235 524 2277 prosiliat
536 2235 570 2272 in
586 2240 734 2268 amatum.
778 2235 872 2269 Alter
893 2246 995 2279 neque
1019 2235 1164 2274 stimulis,
1178 2246 1282 2277 neque
1295 2234 1475 2266 verberibus
1490 2233 1641 2266 coerceri

156 2292 275 2329 potest,
289 2289 344 2320 sed
359 2290 490 2331 exultat,
507 2300 544 2321 ae
559 2289 709 2323 violentia
723 2290 860 2332 delatus,
876 2289 1080 2333 conjunctum
1097 2289 1157 2321 sibi
1167 2300 1283 2331 equum
1294 2289 1494 2330 aurigamque
1507 2292 1627 2330 pertur-

157 2342 222 2380 bat,
237 2343 381 2386 rapitque
394 2344 435 2376 ad
450 2344 581 2377 Veneris
595 2345 802 2387 voluptatem.
846 2344 892 2378 At
906 2345 952 2376 illi
967 2345 1006 2376 ab
1021 2344 1113 2376 initio
1126 2344 1339 2380 adversantur,
1355 2342 1524 2384 indignati,
1539 2342 1626 2384 quod

158 2396 200 2427 ad
224 2396 329 2437 gravia
353 2401 391 2431 et,
410 2397 520 2439 iniqua
545 2398 727 2430 trahantur:
752 2398 892 2436 tandem,
915 2409 987 2430 cum
1010 2398 1126 2429 malum
1151 2398 1185 2431 id
1201 2397 1329 2428 minime
1343 2400 1456 2437 cesset,
1470 2395 1627 2438 compulsi

156 2449 309 2487 feruntur,
328 2451 508 2492 ceduntque
527 2450 608 2492 jam,
630 2455 663 2482 et
678 2451 891 2488 consentiunt,
907 2451 992 2493 quod
1004 2450 1087 2492 jussi
1101 2455 1175 2482 sunt
1188 2451 1302 2484 facere.
1326 2451 1399 2482 bi-nc
1413 2451 1534 2481 haerent
1546 2448 1626 2491 igui-

158 2502 242 2539 culo,
256 2509 480 2547 aspectumque
496 2505 594 2547 ipsius
614 2515 778 2537 coruscum
794 2505 979 2547 inspiciunt.
996 2516 1089 2548 quem
1101 2505 1235 2537 intuitus
1250 2505 1369 2547 auriga,
1386 2503 1627 2546 pulchritudinis

158 2555 256 2597 ipsius
269 2561 411 2590 naturam
425 2560 572 2591 memoria
586 2560 711 2602 repetit,
733 2571 900 2602 rursusque
926 2560 1011 2592 illam
1038 2570 1109 2592 curn
1136 2559 1343 2601 temperantia
1365 2558 1474 2595 cernit,
1490 2557 1524 2588 in
1538 2562 1627 2589 casto

158 2611 365 2643 fundamento
388 2612 514 2645 firmiter
535 2614 731 2647 collocatam.
757 2615 870 2646 videns
892 2619 998 2647 autem
1023 2614 1148 2652 metuit,
1175 2624 1213 2645 ac
1235 2624 1299 2655 prae
1321 2612 1494 2645 reverentia
1514 2610 1626 2643 recidit

157 2665 309 2707 supinus:
335 2665 389 2697 ubi
410 2666 562 2709 simulque
577 2668 699 2710 cogitur
712 2679 812 2711 usque
826 2670 907 2702 adeo
922 2670 1060 2701 habenas
1075 2669 1239 2708 retrahere,
1254 2673 1290 2699 ut
1304 2667 1379 2710 equi
1393 2667 1485 2698 ambo
1500 2664 1627 2698 femori-

158 2718 218 2750 bus
233 2723 287 2750 aut
300 2719 425 2751 natibus
439 2720 526 2751 humi
541 2721 696 2754 resideant
709 2733 720 2763 ;
741 2723 796 2755 sed
822 2723 899 2755 alter
923 2723 1054 2765 quidem
1074 2727 1200 2764 sponte,
1215 2722 1289 2764 quia
1304 2721 1432 2753 minime
1445 2720 1626 2755 reluctatur,

157 2781 271 2813 procax
286 2778 390 2805 autern
405 2783 505 2815 equus
519 2773 596 2806 alter
610 2785 732 2816 prorsus
746 2775 877 2809 invitus.
920 2776 1060 2818 Longius
1081 2786 1154 2808 vero
1178 2776 1391 2812 discedentes,
1403 2775 1481 2807 alter
1495 2773 1623 2815 quidem

158 2830 287 2868 propter
300 2828 516 2859 verecundiam
532 2828 831 2872 admirationemque
846 2831 958 2862 sudore
974 2835 1073 2862 totam
1088 2830 1221 2862 animam
1233 2829 1425 2862 madefacit:
1450 2828 1527 2860 alter
1539 2836 1624 2863 vero,

159 2890 178 2911 a
199 2879 307 2911 dolore
330 2880 487 2918 liberatus,
512 2892 604 2923 quem
631 2886 665 2913 et
686 2882 806 2914 frenum
820 2889 852 2915 et
867 2895 956 2916 casus
971 2884 1153 2921 incusserat,
1168 2884 1219 2915 vix
1233 2884 1359 2916 tandem
1374 2882 1516 2924 respirat,
1529 2885 1627 2920 atque

157 2933 352 2974 resipiscens,
366 2933 582 2976 indignatione
598 2940 700 2967 motus
714 2936 851 2978 aurigam
862 2947 1040 2979 equumque
1051 2937 1257 2979 conjunctum
1270 2937 1424 2979 increpat,
1440 2934 1527 2977 quod
1541 2932 1623 2965 timi-
