1846 3268
231 265 308 301 360
830 258 1095 299 PLAToms
1598 265 1695 317 [2³6

225 364 407 407 quicunque
423 374 569 406 magnum
585 362 713 405 aliquod
729 372 807 404 opus
823 362 947 404 fingunt
961 367 1015 394 aut
1031 362 1188 405 pingunt?
1212 364 1238 395 si
1261 363 1345 396 enim
1363 374 1464 396 veram
1490 365 1691 408 pulchrorum

232 419 565 451 commensurationem
588 416 758 449 simulacris
782 416 966 458 praeberent,
987 417 1107 448 minora
1131 428 1224 459 quam
1249 419 1342 450 decet
1368 419 1526 461 superiora
1548 420 1706 462 inernbraj·

235 471 334 513 [236]
357 471 475 514 majora
490 482 562 503 vero
584 481 655 513 quae
677 470 758 502 infra
781 475 867 510 sunt,
881 475 1089 512 apparerent:
1113 476 1277 513 propterea
1301 474 1388 515 quod
1416 473 1470 504 illa
1485 473 1696 514 eminusfista

231 526 375 558 cominus
397 536 416 557 a
441 526 532 557 nobis
553 525 798 567 conspiciantur.
842 523 931 557 Tan.
951 523 1102 556 Omnino.
1147 525 1212 558 Ηο.
1236 525 1320 568 Ergo
1347 526 1494 567 artifices,
1507 528 1636 559 veritate
1651 527 1702 559 ‹ti-

233 579 338 617 missa,
353 590 417 611 non
432 590 486 611 eas
499 590 571 621 quae
585 590 618 611 re
632 590 704 611 vera
719 584 803 616 sunt,
819 579 875 610 sed
889 589 962 620 quae
983 578 1128 610 videntur
1152 579 1290 621 pulclirae
1303 581 1635 619 commensurationes,
1659 580 1703 612 si·

234 633 377 664 mulacris
391 633 467 674 ipsis
479 633 730 668 accommodant.
773 633 862 665 Tun.-
883 632 1024 664 Prorsus.
1070 631 1137 664 Ho.
1159 632 1277 664 Nonne
1292 634 1386 676 igitur
1401 635 1521 676 species
1537 635 1604 666 liaec
1618 633 1696 666 assi·

234 687 379 718 muiatrix
404 687 617 729 nuncupanda
639 691 687 719 est
703 686 715 717 ?
759 686 847 719 Tur..
871 686 977 718 Certe.
1022 685 1088 718 Ho.
1112 686 1237 718 Partem
1270 687 1367 729 igitur
1407 688 1599 730 geometriae,
1628 698 1699 730 quae

237 741 321 773 circa
350 741 582 778 istaversatur,
604 740 872 778 assimulatricem,
901 745 938 772 ut
962 751 1056 782 supra
1081 741 1229 780 diximus,
1253 741 1495 783 appellabimus.
1538 741 1624 774 Tua.
1648 741 1703 774 Sic

240 805 377 837 prorsus.
423 795 490 827 Ho.
513 795 602 832 Quid
618 806 708 837 porro
723 795 808 837 quod
827 799 958 837 apparet
971 795 1101 837 quidem
1118 795 1248 836 pulchro
1267 795 1378 834 simile,
1395 806 1432 826 cx
1447 806 1485 827 eo
1507 796 1592 838 quod
1616 796 1700 827 haud

237 849 402 892 pulchrum
418 849 576 891 respiciat,
592 849 754 891 possitque
770 849 882 891 aliquis
898 849 960 880 tale
975 849 1053 891 quid
1068 860 1192 881 cernere
1209 850 1460 892 sufficienterque
1475 850 1594 887 videre,
1609 860 1702 893 quam

235 903 367 946 pulchro
383 903 482 935 simile
498 913 562 934 non
575 903 626 941 sit,
642 903 906 945 quemadmodum
922 903 1096 940 dicebatur,
1112 913 1175 945 quo
1186 903 1267 934 illud
1283 903 1674 945 nominenuncupabimus
1689 905 1700 934 ?

236 967 279 988 an
302 968 380 998 non,
397 957 473 999 quia
495 962 626 999 apparet
650 958 792 999 quidem,
821 968 923 999 neque
951 961 1055 988 tamen
1082 962 1130 988 est
1155 957 1271 998 simile,
1295 958 1482 999 phantasma
1505 957 1700 989 dicendum?

234 1011 323 1042 Τιιε.
345 1010 505 1043 Profecto.
549 1011 615 1043 Ho.
641 1011 821 1042 Secundum
845 1011 1010 1052 picturam>
1025 1021 1095 1052 pars
1121 1011 1192 1054 ista,
1208 1016 1240 1043 et
1266 1011 1442 1043 universum
1459 1011 1642 1043 imitationis
1656 1015 1705 1042 est

237 1065 359 1107 genus?
402 1064 490 1097 Tira.
514 1065 652 1107 Nempe.
698 1065 765 1099 Ho.
788 1064 900 1096 Artem
927 1076 1001 1096 vero
1026 1065 1126 1103 illam,
1157 1076 1218 1107 qua
1249 1065 1435 1107 phantasma
1466 1064 1606 1107 fingitur,
1635 1075 1706 1096 non<

235 1120 354 1161 imago,
384 1119 613 1161 phantasticam
643 1119 752 1151 merito
782 1119 1004 1150 nominandam
1035 1124 1192 1161 putamus.
1246 1119 1333 1151 Tria.
1355 1119 1614 1151 Consentaneum
1644 1125 1703 1151 est.

238 1173 306 1205 Ho.
329 1173 396 1204 Has
411 1173 558 1215 equidem
574 1174 652 1204 duas
667 1172 859 1215 imaginariae
874 1173 1032 1206 facultatis
1046 1174 1166 1215 species
1189 1184 1283 1215 supra
1304 1174 1461 1216 ponebam
1476 1185 1483 1204 :
1507 1183 1614 1211 unam,
1629 1183 1703 1215 quas

238 1226 458 1259 similitudines
488 1227 608 1267 efficit3
631 1228 772 1265 alteram,
797 1237 869 1269 quae
895 1228 1125 1269 phantasmata.
1172 1227 1260 1260 Tua.
1284 1226 1398 1259 Recte.
1443 1227 1511 1259 Ηο.
1533 1226 1641 1269 Atque
1670 1227 1705 1259 id

238 1285 288 1312 est
301 1281 387 1323 quod
402 1281 611 1323 ambigebam,
628 1286 694 1312 utra
709 1280 741 1312 in
757 1281 863 1323 specie
879 1281 919 1313 sit
933 1281 1074 1324 sophista
1088 1282 1268 1323 ponendus,
1282 1291 1387 1323 neque
1402 1281 1476 1312 dum
1490 1281 1568 1315 satia
1589 1291 1704 1323 agnos-¹

239 1345 290 1367 co.
313 1345 345 1365 rc
361 1345 433 1366 vera
449 1334 607 1366 mirandus
622 1334 741 1366 viriste
768 1334 962 1377 cognitoque
987 1335 1144 1366 difficilis:
1168 1335 1425 1377 quandoquidem
1450 1339 1484 1367 et
1501 1345 1586 1367 nunc
1610 1345 1706 1377 qnam

239 1388 401 1430 aptissime
417 1389 648 1430 tergiversatus,
663 1388 697 1419 in
712 1388 852 1421 obscurae
870 1389 990 1430 speciei
1010 1389 1144 1420 latebras
1157 1389 1297 1420 secessit.
1340 1388 1428 1422 Tus.
1449 1389 1597 1435 Yidetur.
1639 1388 1709 1421 110.

239 1442 394 1484 Nunquid
409 1442 513 1485 ipsum
529 1452 722 1484 cognoscens
738 1442 814 1474 mihi
829 1453 915 1474 nunc
929 1443 1086 1474 assentiris
1100 1443 1110 1473 ?
1135 1452 1175 1473 an
1190 1443 1325 1484 impetus
1340 1443 1468 1484 quidam
1482 1447 1610 1485 propter
1620 1443 1704 1474 hunc

239 1507 413 1528 sermonem
428 1496 473 1527 ita
488 1501 518 1528 te
533 1501 717 1528 consuetum
731 1495 868 1534 induxit,
884 1501 919 1527 ut
934 1501 1062 1538 repente
1075 1496 1287 1528 confitereris?
1331 1496 1418 1527 Tun.
1441 1495 1597 1533 Quorsum
1613 1497 1680 1529 haec
1694 1497 1707 1528 ?

240 1550 310 1583 Ho.
332 1550 372 1581 In
383 1551 511 1582 arduam
529 1550 668 1592 profecto
683 1550 964 1582 considerationem
980 1550 1160 1582 incidimus.
1205 1550 1336 1592 Semper
1351 1550 1443 1582 enim
1466 1555 1530 1582 tam
1544 1549 1576 1581 in
1591 1556 1704 1592 praete-

239 1604 298 1636 rito
313 1614 407 1647 quam
434 1604 583 1646 praesenti
602 1609 741 1646 tempore
763 1603 896 1635 maxime
921 1603 1051 1634 dubium
1076 1609 1124 1634 est
1146 1604 1232 1646 quod
1248 1604 1362 1635 dicitur
1375 1614 1386 1635 t
1411 1613 1560 1645 apparere
1570 1605 1705 1646 quidem

241 1659 304 1690 hoc
317 1663 412 1701 atque
425 1658 535 1696 videri,
551 1669 619 1690 esse
634 1669 705 1690 vero
721 1668 918 1700 nequaquam
935 1668 943 1690 ι
969 1663 1000 1689 et
1010 1657 1149 1699 'aliquem
1164 1657 1250 1699 loqui
1263 1657 1420 1699 quaedam,
1433 1668 1498 1689 non
1511 1663 1614 1689 tamen
1625 1669 1706 1690 vera.
1755 1692 1758 1696 ,

242 1713 418 1745 mirandum
430 1713 560 1755 quippe,
574 1712 748 1755 Theaetete,
763 1712 788 1743 si
803 1712 831 1743 is
847 1712 905 1743 sibi
922 1722 986 1743 non
1001 1712 1237 1750 contradixerit,
1252 1712 1306 1753 qui
1321 1711 1429 1743 asserit
1443 1711 1528 1754 quod
1543 1722 1574 1743 re
1590 1722 1661 1744 vera
1675 1717 1718 1745 et>

241 1767 347 1800 dicere
369 1773 403 1799 et
426 1767 548 1809 opinari
569 1767 648 1798 falsa
672 1766 838 1808 contingit.
862 1766 960 1809 [237]
984 1766 1073 1797 Tmz.
1098 1766 1186 1798 Cur?
1232 1766 1298 1798 Ho.
1322 1765 1406 1803 Quia
1433 1764 1505 1797 talis
1530 1765 1661 1804 locutio,
1675 1765 1710 1798 id

242 1822 328 1865 quod
340 1832 403 1854 non
420 1828 477 1859 est,
494 1833 561 1853 esse
576 1821 724 1853 admittit.
746 1821 856 1852 falsum
873 1831 1009 1862 namque
1021 1821 1105 1852 haud
1129 1821 1218 1852 aliter
1239 1821 1326 1863 quod
1349 1825 1397 1852 est
1418 1819 1518 1852 fieret.
1565 1820 1715 1862 Magnus-

243 1882 348 1908 autem
365 1876 580 1913 Parmenides,
596 1886 615 1906 ο
637 1886 727 1918 puer,
741 1875 815 1906 dum
835 1875 924 1916 pueri
944 1875 1048 1907 adhuc
1069 1885 1219 1913 essemus,
1241 1875 1344 1906 statim
1360 1875 1400 1907 ab
1415 1875 1506 1907 initio
1520 1874 1710 1917 assidueque

245 1930 277 1961 id
303 1929 506 1972 praedicabat.
530 1930 574 1961 sic
597 1929 679 1960 enim
702 1929 890 1961 carminibus
915 1928 1030 1970 passim
1052 1929 1189 1971 jocatur.
1234 1929 1420 1971 Nunquam,
1434 1929 1550 1972 inquit,
1564 1935 1598 1961 et
1619 1929 1709 1961 nullo

246 1984 341 2015 modo
357 1989 430 2015 sunt
444 1984 496 2015 illa
512 1994 583 2026 quae
598 1994 662 2014 non
677 1988 761 2016 sunt.
806 1983 869 2015 Sed
886 1988 920 2014 tu
937 1984 998 2014 hoc
1015 1983 1135 2014 tramite
1161 1994 1303 2025 quaerens
1330 1988 1466 2015 mentem
1489 1983 1614 2019 cohibe.
1631 2006 1634 2009 -
1657 1984 1711 2015 Ab

245 2038 300 2070 illo
315 2038 420 2079 itaque
437 2037 650 2069 testimonium
663 2030 842 2079 perhibetur
856 2049 863 2068 :
888 2047 1052 2079 sermoque
1064 2037 1260 2079 hujusmodi,
1273 2037 1298 2068 si
1309 2038 1506 2069 mediocriter
1515 2038 1714 2075 discutiatur,

246 2103 310 2124 reni
327 2092 507 2134 patefaciet.
552 2091 636 2134 Age,
651 2093 711 2123 hoc
726 2091 758 2122 in
775 2091 892 2133 primis,
909 2091 935 2122 si
957 2091 1016 2122 tibi
1040 2090 1156 2132 placet,
1171 2091 1385 2133 inspiciamus.
1427 2091 1514 2122 Tua.
1537 2091 1615 2123 Mea
1639 2091 1711 2133 qui.-

246 2147 319 2177 dem
336 2145 414 2176 nihil
430 2146 560 2176 interest
573 2157 580 2176 ε
605 2146 672 2187 ipse
688 2145 814 2183 videris,
829 2150 862 2176 et
876 2154 939 2187 qua
954 2151 1098 2187 praestarc
1114 2150 1217 2187 putas,
1233 2155 1271 2176 ea
1286 2150 1318 2176 et
1334 2150 1367 2176 tu
1381 2155 1490 2187 pergas
1503 2150 1532 2176 et
1545 2155 1593 2177 me
1601 2144 1711 2178 ducas.

249 2201 316 2232 Ho.
339 2200 388 2231 Ita
406 2210 530 2242 prorsus
546 2200 725 2241 agendum:
749 2205 781 2230 et
797 2199 873 2231 mihi
889 2201 1057 2241 responde,
1071 2210 1144 2230 num
1168 2200 1369 2241 pronuntiare
1391 2199 1476 2241 quod
1504 2199 1591 2230 nulio
1617 2200 1711 2234 modo

247 2260 309 2292 cst,
321 2255 501 2289 audeamus.
546 2254 632 2285 Tim.
657 2253 802 2291 Quidni?
847 2253 915 2286 Ho.
939 2253 972 2284 Si
992 2253 1119 2295 quidem
1135 2254 1250 2284 nullius
1265 2253 1477 2285 contentionis
1492 2259 1544 2284 aut
1557 2252 1625 2294 joci
1640 2263 1708 2295 graf

249 2309 291 2340 tia
308 2309 511 2351 quaerendum
527 2308 567 2339 dc
583 2308 649 2339 istis
664 2308 712 2339 vel
729 2308 982 2350 respondendum
999 2307 1156 2345 sit,imm0
1168 2307 1362 2339 audientium
1377 2307 1554 2349 quempiam
1566 2312 1711 2349 oporteat

250 2363 329 2395 serio
345 2363 434 2394 nobis
448 2373 562 2394 nomen
579 2363 639 2394 lioc
654 2361 729 2393 Non
745 2373 800 2393 ens
816 2362 972 2394 declarare
989 2372 1051 2404 quo
1067 2362 1263 2393 referendum
1278 2361 1338 2401 sit;
1361 2361 1558 2402 cogniturum
1569 2371 1639 2392 cum
1651 2372 1710 2403 pu·

251 2422 363 2455 tamus,
378 2427 442 2459 quo
458 2427 490 2448 se
506 2422 615 2454 vertat,
636 2417 752 2459 quidve
775 2422 808 2448 et
832 2427 894 2459 quo
922 2417 1017 2447 modo
1042 2416 1245 2457 interroganti
1265 2415 1476 2446 demonstret?
1519 2415 1606 2447 Tuis.
1629 2415 1712 2448 Rem

249 2471 376 2502 arduam
393 2471 567 2508 sciscitaris,
584 2471 721 2513 miliique
735 2470 789 2502 uni
805 2481 926 2513 prorsus
941 2471 1090 2512 ignotam.
1135 2469 1202 2501 Ho.
1224 2469 1295 2501 Hoc
1310 2469 1419 2500 saltem
1435 2474 1568 2507 constat,
1583 2471 1712 2512 quodid

252 2536 365 2557 nomen
382 2525 456 2556 Non
483 2535 539 2557 ens
563 2526 640 2557 nulli
665 2536 771 2557 eorum
795 2536 864 2566 quae
888 2531 972 2562 sunt,
993 2524 1239 2555 attribuendum.
1284 2523 1372 2555 Tun.
1397 2524 1565 2562 Quomodo
1581 2524 1663 2556 enim
1679 2525 1715 2556 id

249 2579 359 2611 fieret?
404 2579 471 2611 Ho.
496 2579 578 2611 Cum
595 2590 665 2611 vero
681 2581 720 2611 ad
737 2579 813 2617 Ens,
831 2586 863 2611 ut
878 2579 924 2610 ita
938 2579 1080 2616 dixerim,
1095 2578 1198 2609 referri
1224 2587 1286 2608 non
1309 2577 1420 2618 possit,
1434 2588 1538 2619 neque
1561 2579 1653 2610 etiam
1670 2578 1712 2610 ad

249 2631 384 2675 Aliquid
399 2633 608 2671 referendum.
651 2633 738 2666 Tim.
763 2633 909 2671 Quonam
927 2633 1048 2675 pacto?
1093 2632 1160 2664 Ho.
1185 2632 1224 2662 Id
1247 2642 1374 2674 quoque
1397 2632 1486 2663 nobis
1511 2636 1611 2673 patet,
1625 2632 1712 2674 quod

249 2687 347 2720 dictio
369 2686 429 2718 ista
444 2686 576 2728 Aliquid
599 2687 680 2718 circa
706 2698 762 2719 ens
786 2688 916 2729 aliquod
943 2687 1059 2729 ubique
1076 2686 1312 2728 pronuntiatur:
1337 2690 1432 2727 atque
1447 2684 1641 2727 impossibile
1655 2690 1714 2723 est,

248 2741 350 2783 ipsum
363 2739 493 2782 Aliquid
509 2741 608 2772 solum
624 2746 656 2772 et
670 2742 759 2783 quasi
770 2742 922 2773 nudatum
936 2741 975 2772 ab
991 2741 1136 2772 omnibus
1151 2740 1198 2771 his
1214 2750 1284 2781 quae
1298 2745 1381 2776 sunt,
1393 2749 1528 2777 seorsum
1538 2738 1713 2777 enuntiare.

247 2795 335 2826 Tun.
358 2793 556 2836 Impossibile
580 2799 674 2826 certe.
719 2795 787 2828 Ho.
811 2795 968 2826 Numita
991 2795 1193 2827 considerans
1219 2794 1377 2826 confiteris
1402 2792 1609 2824 necessarium
1635 2803 1718 2830 esse,

251 2860 321 2881 cum
337 2848 389 2890 qui
406 2847 524 2890 aliquid
541 2847 631 2886 dicit,
645 2859 739 2880 unum
754 2849 874 2891 aliquid
891 2850 1017 2881 dicere?
1061 2849 1147 2880 Tun.
1169 2848 1232 2880 Ita.
1280 2847 1346 2879 110.
1369 2846 1470 2879 Unius
1487 2855 1576 2888 porro
1591 2845 1715 2888 signum

250 2903 354 2945 ipsum
372 2901 504 2944 Aliquid
522 2913 587 2934 csse
604 2902 702 2940 dices,
718 2904 849 2935 duorum
866 2910 897 2936 ct
914 2903 1048 2946 plurium
1065 2903 1207 2944 Aliqua?
1252 2902 1339 2933 Tua.
1362 2901 1476 2933 Dicam
1498 2899 1603 2942 plane.
1648 2900 1715 2932 Ho.

252 2957 332 2990 Eum
350 2967 421 2991 vero
437 2957 491 2999 qui
517 2955 591 2989 Nou
605 2957 724 2999 aliquid
741 2957 828 2996 dicit,
846 2969 972 2991 neccsse
989 2964 1035 2991 cst
1051 2967 1153 3000 neque
1169 2967 1264 2990 unuin
1281 2954 1370 2998 quid,
1386 2954 1418 2987 id
1434 2959 1480 2986 cst
1496 2953 1572 2986 nihil
1590 2954 1692 2987 dicere
1706 2954 1719 2988 ἰ
