1846 3268
192 270 290 323 316]
547 229 774 310 INCERTI
803 260 1077 315 AUQTORIS
1109 263 1298 315 M-INOS.
1580 271 1656 313 175

188 371 325 406 civitatis
339 371 440 414 legem
451 378 518 403 esse
532 369 688 403 diximus?
733 368 825 403 Mm.
846 367 1003 401 Diximus.
1047 367 1104 403 So.
1126 368 1245 402 Nonne
1259 369 1388 403 decreta
1401 369 1548 412 qu‘aedarn
1561 372 1660 412 bona.

189 426 344 459 nonnulla
365 426 459 460 etiam
473 425 555 457 mala
580 424 677 456 sunt?
722 422 815 455 Mm.
838 422 921 454 Sunt
945 427 1041 455 certe.
1086 422 1143 456 So.
1164 422 1230 456 Lex
1253 428 1359 456 tamen
1383 424 1467 456 mala
1489 435 1556 457 non
1581 432 1659 460 erat.

191 481 284 515 Mm.
305 480 380 512 Non
394 484 488 512 certe.
531 478 589 511 So.
611 478 689 510 Non
714 477 812 520 igitur
837 478 884 509 ita
908 477 1093 520 simpliciter
1116 478 1317 510 asserendum
1333 482 1392 517 est,
1408 478 1510 522 legem
1524 479 1660 513 civitatis

189 536 367 568 institutum
390 545 470 566 esse.
513 534 605 566 Mm.
638 532 848 575 Nequaquam
884 531 962 563 mihi
986 530 1123 563 videtur.
1168 531 1225 565 So.
1263 531 1379 574 Neque
1404 534 1488 565 enim
1515 536 1661 577 congruit

188 590 328 632 iniquam
343 588 600 622 constitutionem
624 588 725 629 legem
747 597 825 618 esse.
869 586 961 619 Mm.
983 585 1071 617 Non.
1115 586 1173 619 So.
1198 587 1424 619 Verumtamen
1450 587 1559 630 opinio
1574 599 1661 632 quae-

189 643 263 677 darn
292 644 341 675 lex
364 643 442 675 mihi
463 653 591 686 quoque
614 642 761 674 videtur:
785 651 920 683 cumque
945 650 1043 682 prava
1070 640 1181 682 opinio
1205 640 1333 673 minime
1358 642 1411 679 sit,
1436 653 1477 674 an
1499 653 1565 674 non
1592 654 1663 685 per-

187 697 334 741 spicuum
361 703 420 736 est,
443 697 469 729 si
492 697 620 739 quidem
644 701 693 728 est
719 695 841 737 opini0‚
880 695 1009 737 probam
1035 695 1220 736 opinionem
1245 695 1334 727 esse?
1379 696 1471 728 Mm-
1517 697 1662 730 Constat.

190 753 247 785 So.
280 752 385 784 Proba
406 762 480 783 vero
507 751 630 793 opinio,
654 760 760 782 nonne
792 760 865 781 vera
890 748 999 790 opinio
1027 749 1096 780 cst?
1143 749 1235 782 Mm.
1268 749 1337 782 Est.
1384 750 1481 792 [315]
1515 751 1571 784 So.
1616 751 1663 783 At

189 806 301 848 opinio
325 816 398 838 vera
422 806 561 838 veritatis
585 804 740 837 inventio.
783 803 876 835 Mm.
899 803 1004 836 Certe.
1050 803 1108 835 So.
1131 803 1197 834 Lex
1223 803 1330 845 itaque
1354 804 1493 835 veritatis
1517 805 1662 838 inventio

190 871 259 896 esse
273 860 354 894 vult.
398 860 491 892 M1N.
513 859 559 891 At
573 860 744 902 quomodo,
757 870 776 890 o
786 859 946 896 *Socratem
961 858 988 890 si
1002 858 1052 889 lex
1066 857 1204 889 veritatis
1228 858 1368 889 inventio
1394 863 1453 896 est,
1468 869 1535 890 non
1551 859 1661 892 iisdem

190 925 314 957 semper
327 914 448 957 legibus
463 915 546 947 circa
562 915 670 946 eadem
687 914 814 951 utimur,
829 923 900 944 curn
914 923 1014 944 rerum
1026 912 1138 944 veritas
1153 911 1285 943 inventa
1300 913 1364 944 sit?
1409 912 1466 945 So.
1491 912 1522 943 N
1526 912 1664 946 ihilomi-

190 980 250 1001 nus
276 969 325 1001 lex
343 969 483 1001 veritatis
507 969 646 1000 inventio
670 979 738 1000 esse
755 967 833 1000 vult.
879 967 976 1005 Quod
1002 967 1028 998 si
1048 977 1112 998 non
1128 966 1254 1008 iisdem,
1271 971 1305 998 ut
1320 967 1455 1008 videtur,
1470 966 1592 1009 legibus
1606 968 1666 999 ho-

190 1023 290 1055 mines
306 1028 445 1061 utuntur,
461 1033 526 1054 non
541 1033 663 1064 semper
678 1022 853 1061 veritatem,
869 1031 963 1063 quam
976 1021 1026 1052 lex
1044 1021 1176 1062 expetit,
1189 1021 1323 1063 reperire
1338 1026 1482 1062 possunt.
1526 1021 1590 1053 Sed
1605 1033 1664 1064 age

191 1077 364 1115 videamus,
381 1087 420 1108 an
436 1077 510 1109 hinc
524 1077 614 1108 nobis
629 1076 779 1117 liquidius
803 1079 924 1117 pateat,
949 1075 1015 1106 sive
1038 1074 1150 1106 iisdem
1177 1085 1311 1116 semper,
1328 1075 1393 1106 sive
1409 1074 1484 1106 alias
1497 1075 1564 1106 aliis
1579 1076 1664 1107 vira-

191 1141 261 1162 mus
285 1131 427 1173 legibus:
450 1136 483 1162 et
507 1142 581 1162 num
597 1131 703 1163 cuncti
729 1130 872 1161 homines
895 1130 1026 1170 eisdem,
1041 1134 1096 1160 aut
1110 1129 1178 1160 aliis
1193 1129 1258 1162 alii.
1302 1129 1394 1162 Mm.
1418 1129 1537 1161 Verum
1561 1141 1666 1173 neque

191 1185 226 1218 id
241 1186 371 1227 cognitu
387 1186 514 1218 difficile
539 1191 598 1222 est,
620 1196 638 1217 ο
654 1185 809 1222 Socrates,
826 1185 912 1226 quod
928 1183 1142 1226 neque-iidem
1159 1193 1281 1224 semper
1296 1182 1426 1221 eisdem,
1444 1194 1502 1216 nec
1518 1184 1569 1216 alii
1585 1195 1666 1216 sem-

191 1250 249 1281 per
263 1239 332 1271 aliis
346 1240 468 1272 vivunt.
512 1239 626 1281 Neque
641 1239 724 1270 enim
741 1238 826 1279 leges
850 1242 965 1269 nostrae
990 1237 1133 1268 homines
1158 1237 1334 1269 sacrificare
1359 1237 1556 1278 permittunt.
1579 1240 1666 1280 apud

190 1293 455 1335 Carthaginenses
470 1298 574 1324 autern
587 1292 707 1334 justum
725 1298 930 1334 sanctumque
946 1293 1089 1329 habetur,
1106 1292 1186 1322 adeo
1203 1296 1239 1322 ut
1253 1302 1359 1323 eorum
1370 1292 1516 1323 nonnulli
1531 1293 1666 1325 Saturno

190 1347 273 1379 filios
289 1347 382 1379 litent
397 1359 405 1378 ε
429 1348 516 1389 quod
529 1347 598 1389 ipse
623 1347 753 1378 forsitan
780 1346 941 1379 audivisti.
986 1345 1058 1377 Nec
1073 1347 1167 1377 modo
1184 1346 1305 1377 barbari
1318 1346 1461 1377 homines
1477 1347 1613 1378 diversas
1629 1358 1666 1381 ac

190 1412 248 1433 nos
264 1401 350 1444 leges
365 1406 538 1445 sequuntur
553 1413 562 1434 ς
586 1412 692 1432 verum
708 1401 802 1432 etiam
819 1401 872 1443 qui
888 1400 1021 1443 Lyciam
1036 1400 1192 1438 incolunt,
1214 1400 1248 1431 hi
1272 1400 1427 1443 siquidem
1444 1406 1476 1432 et
1490 1400 1668 1434 Athaman-

191 1455 231 1487 tis
245 1466 439 1488 successores
461 1455 567 1499 qualia
592 1466 679 1488 sacra
703 1456 852 1497 offerunt,
877 1466 947 1487 cum
963 1460 1069 1486 tamen
1090 1454 1194 1487 Groeci
1218 1455 1306 1486 sint?
1351 1454 1420 1487 Nos
1436 1465 1562 1498 quoque
1578 1457 1667 1488 audi-

190 1509 276 1547 visti,
292 1510 400 1551 quales
415 1511 574 1552 quondam
602 1510 687 1552 leges
708 1510 790 1542 circa
815 1510 944 1541 inferias
971 1509 1205 1547 servaverimus,
1231 1509 1347 1540 hostias
1370 1509 1554 1552 jugulantes
1577 1515 1666 1542 ante-

191 1573 285 1605 quam
300 1563 461 1595 efferretur
475 1564 619 1606 cadaver,
634 1575 751 1606 eosque
766 1564 820 1605 qui
837 1575 930 1596 urnas
945 1565 1097 1596 ducerent
1112 1564 1314 1596 advocantes.
1339 1569 1372 1595 et
1397 1564 1453 1606 qui
1478 1564 1515 1595 iis
1530 1566 1668 1607 antiqui-

192 1627 273 1658 ores,
295 1618 462 1650 defunctos
477 1614 571 1649 etiam
593 1619 679 1649 domi
700 1618 896 1660 sepeliebant
911 1631 918 1649 ι
942 1629 1073 1660 quorum
1090 1629 1146 1649 nos
1162 1618 1209 1648 his
1226 1618 1418 1659 temporibus
1433 1619 1513 1650 nihil
1525 1621 1667 1657 omnino,

190 1681 359 1704 servamus.
404 1672 650 1704 Innumerabilia
665 1677 815 1714 praeterea
827 1673 866 1703 ad
883 1673 967 1704 idem
983 1671 1126 1713 exempla
1141 1671 1252 1703 referre
1269 1682 1441 1713 possemus.
1463 1671 1569 1714 ampla
1583 1672 1667 1704 enim

191 1726 354 1768 provincia
367 1731 456 1768 patet
476 1728 516 1758 ad
541 1727 784 1765 ostendendum,
810 1728 896 1769 quod
923 1737 982 1758 nec
998 1737 1056 1757 nos
1067 1726 1179 1757 iisdem
1203 1736 1326 1767 semper
1345 1725 1520 1765 nobiscum,
1537 1736 1596 1758 nec
1611 1727 1669 1758 ho-

193 1780 295 1811 mines
309 1779 444 1812 invicem
459 1780 581 1822 legibus
597 1781 692 1812 vitam
717 1785 829 1822 agunt.
873 1781 930 1814 So.
952 1780 1011 1812 Nil
1035 1780 1147 1811 mirum
1175 1784 1234 1817 est,
1250 1791 1268 1811 o
1285 1779 1331 1811 vit
1346 1780 1478 1821 optime,
1493 1780 1519 1811 si
1535 1786 1568 1811 tu
1585 1786 1669 1814 recte

191 1833 340 1876 loqueris,
357 1844 406 1866 me
422 1845 494 1866 vero
509 1835 544 1866 id
561 1835 662 1867 latuit.
709 1834 829 1866 Verum
855 1835 958 1866 donec
983 1834 1052 1876 ipse
1077 1845 1132 1876 per
1154 1839 1185 1866 te
1209 1834 1312 1875 ipsum
1337 1845 1408 1876 quae
1430 1835 1487 1865 tibi
1511 1835 1669 1874 videntur,

191 1888 311 1930 prolixa
327 1889 466 1920 oratione
483 1890 632 1926 narrabis,
648 1900 771 1930 egoque
787 1900 890 1920 rursus
904 1889 989 1920 idern
1012 1889 1141 1931 faciam,
1165 1899 1338 1930 nunquam,
1362 1893 1398 1919 ut
1424 1889 1566 1927 arbitror,
1593 1900 1668 1922 con·

191 1943 372 1974 sentiemus.
395 1947 428 1974 at
442 1943 469 1974 si
489 1943 662 1975 communis
677 1943 866 1985 disceptatio
893 1948 1101 1986 proponatur,
1126 1943 1256 1974 forsitan
1283 1954 1508 1984 congruemus.
1552 1943 1669 1986 Itaque

191 1996 219 2028 si
233 1996 265 2027 'rd
281 1997 337 2034 vis,
353 1996 547 2038 interrogans
562 1997 631 2039 ipse
647 2009 695 2029 me
711 1997 918 2029 communiter
933 2008 997 2029 una
1010 2008 1132 2029 mecum
1148 1997 1312 2029 considera
1325 2008 1334 2028 t
1359 1997 1408 2029 sin
1418 2003 1522 2029 autem
1538 2009 1668 2040 respon-

191 2050 267 2090 dere
283 2051 393 2092 mavis,
414 2052 582 2093 responde.
626 2051 719 2083 Mm.
741 2052 826 2084 Volo
843 2052 1003 2094 equidem,
1020 2063 1039 2083 o
1055 2052 1210 2092 Socrates,
1227 2051 1266 2082 ad
1293 2051 1505 2094 quodcunque
1529 2052 1669 2095 libuerit,

194 2105 399 2147 respondere.
444 2105 502 2139 So.
526 2105 598 2148 Age
620 2106 730 2148 igitur,
752 2117 827 2137 num
845 2105 935 2147 justa
961 2111 1055 2148 putas
1070 2105 1201 2147 injusta,
1217 2104 1399 2147 injustaque
1409 2106 1498 2147 justa
1510 2108 1603 2138 esse?
1627 2118 1669 2140 an

188 2157 278 2200 justa
293 2159 398 2201 potius
410 2157 510 2200 justa,
526 2158 644 2201 injusta
658 2170 731 2191 vero
747 2160 901 2190 duntaxat
925 2159 1067 2202 injusta?
1110 2159 1204 2192 MrN.
1226 2159 1383 2202 Equidem
1398 2171 1469 2203 quae
1480 2160 1568 2202 justa
1583 2167 1668 2205 sunt,

189 2212 297 2254 justa:
321 2223 380 2244 nec
403 2223 468 2244 non
487 2211 617 2255 injusta,
642 2223 843 2256 quaecunque
867 2212 986 2254 injusta
1012 2218 1095 2244 sunt.
1140 2213 1198 2245 So.
1220 2212 1278 2244 An
1293 2223 1370 2251 non,
1395 2213 1493 2256 [316]
1517 2217 1668 2256 quemad-

193 2267 322 2300 modum
344 2266 408 2305 hic,
437 2267 481 2299 sic
497 2272 530 2299 et
552 2267 669 2310 ubique
684 2269 826 2310 gentium
841 2267 1057 2300 existimatur?
1100 2267 1193 2298 Mm.
1215 2267 1277 2300 Ita.
1321 2267 1378 2300 So.
1400 2268 1443 2299 Et
1457 2269 1543 2310 apud
1558 2269 1670 2303 Persas

193 2322 322 2354 nonne?
367 2322 460 2355 Mm.
483 2322 526 2354 Et
538 2323 623 2365 apud
639 2322 761 2356 Persas.
806 2323 862 2355 So.
886 2322 941 2354 An
955 2333 1021 2354 non
1036 2326 1070 2354 et
1081 2322 1228 2364 semper?
1271 2322 1365 2354 Mm.
1388 2321 1432 2354 Et
1446 2333 1578 2366 semper.
1613 2324 1669 2356 So.

193 2375 306 2408 Utrum
321 2387 392 2418 quae
407 2376 478 2419 plus
500 2378 640 2418 trahunt,
666 2377 807 2419 graviora
832 2377 883 2408 hic
909 2380 1098 2409 censentur:
1125 2387 1196 2418 quae
1211 2376 1325 2413 minus,
1342 2376 1484 2408 leviora?
1506 2378 1557 2409 vel
1574 2378 1668 2421 hujus

193 2430 395 2472 oppositum?
442 2431 534 2463 Mm.
558 2430 647 2463 Non.
669 2431 764 2463 immo
790 2431 861 2473 plus
887 2431 1044 2463 trahentia
1064 2431 1220 2472 graviora:
1245 2430 1347 2462 minus
1370 2431 1526 2463 trahentia
1538 2431 1668 2464 leviora.

191 2484 246 2523 So.
269 2484 355 2515 Num
370 2489 404 2516 et
424 2485 458 2516 in
487 2485 589 2528 Lycia
614 2490 648 2517 et
672 2485 862 2529 Carthagine
886 2486 996 2518 idem?
1040 2485 1135 2518 Mra.
1157 2485 1260 2518 Idem.
1304 2485 1359 2517 So.
1382 2485 1519 2518 Pulchra
1533 2486 1667 2529 quippe,

193 2543 230 2571 ut
244 2539 378 2576 videtur,
405 2540 520 2581 ubique
543 2540 674 2582 pulchra
699 2546 867 2583 putantur3
890 2541 995 2583 turpia
1020 2544 1142 2582 contra,
1166 2540 1294 2582 turpia:
1318 2550 1385 2572 nou
1406 2545 1511 2572 autem
1536 2541 1668 2583 pulchra

194 2593 310 2635 turpia,
327 2593 376 2625 vel
393 2594 495 2635 turpia
521 2595 661 2636 pulchra·
705 2596 796 2628 Mm.
819 2595 871 2627 Ita
897 2601 955 2627 est.
998 2595 1058 2627 So.
1083 2594 1200 2627 Nonne
1216 2606 1271 2637 per
1285 2595 1392 2627 omnia
1406 2595 1578 2638 generatim
1593 2605 1682 2637 quae‘

192 2657 266 2678 vera
279 2651 364 2684 sunt,
380 2658 449 2679 esse
464 2654 650 2681 censentur:
673 2660 738 2682 non
750 2655 856 2682 autem
872 2661 943 2692 quae
959 2649 1088 2681 minime
1102 2660 1187 2688 vera,
1212 2654 1280 2681 turn
1295 2650 1381 2691 apud
1396 2660 1468 2688 nos,
1491 2655 1557 2682 tum
1579 2652 1667 2691 apud

191 2701 335 2732 homines
351 2701 512 2734 universos
526 2703 538 2733 ?
583 2703 676 2736 Mm.
698 2704 847 2737 Videtur.
893 2705 950 2737 So.
973 2704 1057 2746 Ergo
1073 2704 1215 2746 quisquis
1230 2715 1248 2735 a
1263 2715 1336 2736 vero
1346 2704 1478 2741 aberrat,
1493 2714 1513 2735 a
1527 2704 1667 2745 legitimo

193 2765 320 2797 quoque
347 2756 478 2789 aberrat.
523 2756 616 2790 Mm.
638 2758 821 2795 Secundum
850 2759 1004 2790 rationem
1033 2764 1131 2796 tuam,
1157 2770 1181 2790 vo
1209 2759 1364 2800 Socrates,
1390 2759 1502 2790 eadem
1527 2757 1668 2800 legitima

192 2819 315 2851 semper
328 2813 361 2840 et
374 2809 457 2841 inter
479 2820 536 2841 nos
556 2816 589 2842 et
612 2811 693 2844 inter
707 2817 827 2844 ceteros
842 2824 909 2845 esse
925 2813 1083 2845 videntur.
1106 2818 1139 2845 at
1154 2824 1225 2845 cum
1241 2823 1298 2845 nos
1314 2813 1528 2844 animadverto
1547 2812 1665 2853 absque

194 2863 256 2894 fine
272 2863 414 2905 quotidie
439 2864 523 2906 leges
538 2875 656 2896 sursum
673 2866 881 2909 deorsumque
905 2872 1073 2904 mutantes,
1100 2868 1195 2899 fidem
1212 2868 1269 2899 tibi
1286 2872 1430 2909 praestare
1445 2876 1509 2897 non
1525 2876 1665 2907 possum.

194 2917 252 2949 So.
276 2917 369 2950 Forte
395 2929 459 2950 non
486 2919 634 2962 percipis,
660 2921 745 2962 quod
769 2921 837 2952 haec
857 2909 1055 2963 *transposita
1069 2922 1179 2954 eadem
1197 2925 1407 2964 perseverant.
1452 2919 1598 2951 Ceterum
1621 2919 1667 2951 sic

197 2971 267 3017 ipsa
281 2982 402 3005 mecum
420 2972 555 3007 intuere.
602 2973 771 3018 Librumne
797 2981 934 3018 unquam
958 2976 998 3008 de
1023 2975 1185 3010 curatione
1208 2976 1383 3008 morborum
1405 2973 1541 3018 sliquem
1556 2977 1669 3009 nactui
