1846 3268
219 252 300 289 460
806 255 1072 295 PLATONIS
1597 264 1695 316 [112
1754 242 1760 249 ’

222 354 308 385 modi
324 366 330 385 :
357 366 435 386 uuus
463 357 575 399 aliquis
590 368 626 388 ex
643 362 730 389 terrae
746 358 882 390 hiatibus
905 364 953 391 est
968 359 1110 403 profecto
1134 369 1226 402 quam
1252 362 1413 402 maximus,
1430 374 1548 407 perque
1563 365 1689 399 uuiver-

223 418 287 439 sam
305 413 413 440 terram
431 411 578 453 trajectus
603 412 700 453 [112]
724 418 757 444 et
781 418 904 455 patens.
927 414 967 445 de
991 425 1054 456 quo
1077 413 1245 453 Homerus,
1268 417 1380 458 Longe
1393 418 1489 451 nimis
1509 419 1693 453 barathrum

222 465 289 494 stat
299 464 355 495 sub
364 465 475 497 tellure
484 465 686 507 profundum.
699 467 783 508 quod
795 467 900 508 etipse
910 466 996 504 alibi,
1004 472 1037 498 et
1046 467 1134 498 multi
1143 468 1304 510 poetarum
1313 470 1472 503 Tartarum
1481 473 1691 515 appellarunt.

224 515 264 546 In
290 517 349 548 hoc
376 518 483 560 utique
500 520 731 561 receptaculum
758 521 864 551 omnia
890 521 1054 552 confluunt
1070 521 1211 560 flumina,
1227 527 1321 566 atque
1342 525 1419 557 inde
1434 536 1536 558 rursus
1550 527 1694 561 effluunt.

225 569 315 601 Talia
329 581 402 602 vero
415 577 488 603 sunt
502 573 636 615 singula,
652 584 708 616 per
717 574 825 616 quales
837 574 985 606 labuntur
994 579 1101 608 terras.
1138 575 1233 614 Quod
1244 582 1348 610 autem
1363 579 1436 611 hinc
1446 580 1575 613 effluant
1589 581 1696 613 omnia

224 634 390 666 rursusque
409 626 554 668 refluant,
576 628 644 660 haec
663 634 711 660 est
729 639 837 668 causa,
853 629 939 671 quod
962 629 1014 662 hic
1027 630 1138 662 humor
1151 641 1210 663 nec
1230 631 1363 664 fundum
1385 634 1481 666 habet
1502 645 1562 667 nec
1579 635 1694 668 funda-

215 682 375 710 mentum.
388 680 494 723 itaque
503 681 653 724 elevatur,
663 687 695 714 et
702 693 820 714 sursum
834 683 1043 725 deorsumque
1054 684 1221 716 redundat.
1242 684 1396 729 Idemque
1403 686 1480 720 facit
1491 688 1546 721 abir
1557 694 1590 721 et
1601 690 1694 732 spiri-

222 736 286 769 tus,
299 733 354 775 qui
366 733 447 765 circa
459 735 561 777 ipsum
573 742 722 768 versatur.
746 737 893 779 Sequitur
907 738 990 770 enim
1004 738 1120 780 ipsum,
1135 744 1169 771 et
1180 741 1308 782 quando
1322 742 1363 773 ad
1379 741 1538 784 superiora
1551 747 1652 787 terrae,
1661 749 1696 776 et

223 789 352 830 quando
368 789 490 828 adhaec
506 795 610 822 nostra
636 792 815 833 perlabitur.
860 791 903 823 Et
929 793 1194 834 quemadmodum
1216 794 1251 825 in
1266 785 1487 837 respirantibus
1508 797 1601 829 flatus
1615 808 1693 830 con-

224 843 314 874 tinue
329 843 466 885 exspirat
480 848 575 886 atque
598 846 738 887 respirat,
754 846 798 877 sic
815 850 847 878 et
862 846 905 877 ibi
919 846 1046 889 spiritus
1063 858 1127 879 una
1141 858 1212 879 cum
1235 849 1365 881 humore
1379 850 1480 882 elatus
1492 851 1694 884 vehementes

225 898 377 939 quosdam
393 902 504 929 ventos
518 903 551 929 et
565 898 763 930 incredibiles
778 905 966 937 commovet,
981 899 1046 931 sive
1062 900 1174 932 influat
1188 901 1252 933 sive
1264 902 1380 948 effluat.
1411 904 1613 946 Quapropter
1621 915 1694 937 curu

225 961 307 992 aqua
327 951 360 981 in
384 952 489 982 locum
504 951 680 984 inferiorem
696 953 862 990 delabitur,
888 964 942 995 per
965 958 1085 985 meatus
1101 959 1188 986 terrae
1198 954 1290 997 juxta
1313 955 1468 998 ejusmodi
1482 957 1564 990 rivos
1576 958 1694 998 influit,

224 1004 406 1047 passimque
421 1015 477 1047 per
492 1016 546 1037 eos
561 1007 700 1038 exundat
715 1013 748 1039 et
762 1008 885 1050 implet,
902 1008 988 1039 velut
1001 1008 1046 1045 hi,
1061 1009 1115 1051 qui
1132 1009 1290 1043 hauriunt.
1336 1009 1418 1042 Cum
1440 1022 1514 1044 vero
1527 1012 1616 1045 illinc
1631 1014 1694 1046 hue

221 1059 368 1100 erumpit,
381 1060 448 1091 haec
459 1070 586 1102 quoque
596 1061 706 1093 iterum
722 1062 792 1094 loca
807 1062 956 1105 complet.
981 1062 1081 1094 Plena
1097 1074 1170 1095 vero
1185 1074 1257 1095 cum
1273 1069 1358 1107 sunt,
1372 1075 1429 1107 per
1442 1065 1525 1098 rivos
1538 1071 1691 1110 terraeque

222 1117 344 1144 meatus
369 1114 529 1147 exuberat.
558 1120 590 1146 et
604 1126 674 1147 cum
701 1117 846 1149 humores
864 1117 976 1159 singuli
1000 1116 1077 1149 illuc
1103 1117 1318 1161 profluxerint,
1331 1129 1395 1161 quo
1417 1119 1548 1162 quisque
1563 1121 1693 1164 profluit

224 1168 445 1208 opportunius,
460 1170 568 1207 maria,
584 1169 684 1211 lacus,
699 1170 839 1209 flumina,
854 1171 957 1203 fontes
980 1171 1129 1205 efficiunt.
1174 1172 1315 1204 Proinde
1336 1183 1439 1205 mrsus
1460 1174 1535 1206 hine
1548 1175 1692 1206 relaben-

226 1225 274 1251 tes
297 1231 352 1262 per
367 1226 489 1260 terram,
506 1223 617 1265 partim
633 1225 761 1267 quidem
784 1235 840 1267 per
854 1215 1008 1267 longiores
1031 1226 1199 1269 pluresque
1221 1227 1393 1270 anfractus,
1406 1227 1520 1270 partim
1541 1238 1615 1261 vero
1637 1238 1694 1271 per

230 1275 393 1316 pauciores
409 1282 503 1319 atque
519 1279 672 1311 breviores
696 1290 799 1311 rursus
820 1279 855 1311 in
876 1279 1036 1312 Tartarum
1059 1281 1244 1321 confluunt:
1269 1281 1324 1313 alii
1338 1286 1421 1314 certe
1443 1277 1542 1314 multo
1565 1282 1696 1324 profun-

228 1329 299 1361 dius
315 1340 408 1372 quam
424 1332 527 1363 hausti
550 1333 677 1372 suerint,
702 1334 756 1365 alii
779 1345 852 1366 vero
875 1335 970 1376 paulo
983 1346 994 1376 3
1016 1346 1124 1367 omnes
1149 1340 1254 1368 autem
1280 1336 1409 1368 inferius
1434 1336 1582 1375 influunt,
1600 1347 1694 1380 quam

229 1383 404 1416 effluxerint
417 1397 424 1416 τ
448 1391 481 1417 et
496 1387 550 1417 alii
566 1398 622 1429 per
637 1389 821 1420 contrariam
839 1394 957 1431 partem
973 1390 1150 1428 elabuntur,
1165 1401 1258 1434 quam
1273 1389 1376 1434 illapsi
1392 1390 1508 1423 fuerint
1520 1403 1530 1432 ;
1552 1391 1606 1423 alii
1621 1401 1694 1423 vero

225 1448 284 1479 per
298 1443 418 1479 partem
431 1441 576 1473 eandem.
599 1446 632 1472 at
647 1442 775 1484 quidam
792 1443 904 1485 passim
921 1443 1171 1476 circumfluentes
1186 1449 1242 1476 aut
1255 1444 1351 1476 semel
1370 1449 1426 1477 aut
1439 1444 1566 1487 saepius,
1580 1445 1695 1488 spiras-

223 1502 286 1533 que
300 1492 383 1524 circa
398 1494 502 1525 orbem
529 1500 675 1527 terrarum
700 1497 796 1528 instar
820 1497 970 1539 anguium
994 1498 1193 1540 replicantes,
1219 1503 1372 1541 quantum
1401 1499 1467 1532 fieri
1482 1504 1598 1542 potest,
1613 1499 1694 1531 infra

220 1546 335 1588 relapsi
350 1546 461 1578 itemm
487 1549 749 1590 commiscentur;
772 1551 847 1582 licet
862 1555 967 1583 autem
993 1552 1139 1594 utrinque
1162 1557 1281 1594 partem
1303 1553 1343 1584 ad
1360 1553 1498 1585 medium
1520 1563 1619 1595 usque
1633 1554 1690 1585 de-

220 1601 330 1642 fluere,
351 1601 432 1632 ultra
456 1612 527 1634 vero
556 1614 766 1646 nequaquam.
800 1605 928 1638 ulterior
955 1616 1028 1638 nam
1055 1607 1219 1648 prolapsus
1248 1607 1394 1650 utrinque
1422 1607 1504 1639 foret
1530 1617 1690 1641 ascensus.

222 1654 363 1686 Proinde
389 1661 462 1687 sunt
486 1659 520 1688 et
545 1657 607 1688 alia
631 1658 742 1696 multa,
763 1663 796 1690 et
818 1669 931 1701 magna
956 1660 1104 1702 variaque
1129 1660 1271 1701 fluenta3
1293 1662 1348 1693 sed
1373 1661 1533 1704 praecipua
1547 1667 1692 1706 quatuor.

219 1718 352 1750 quorum
368 1710 496 1752 quidem
512 1711 680 1743 maximum
697 1717 790 1755 atque
806 1714 955 1746 extimum
971 1719 1082 1746 terram
1107 1714 1305 1747 circumdans
1327 1715 1476 1753 Oceanus
1497 1717 1689 1759 appellatur.

220 1763 251 1795 E
273 1765 426 1796 contraria
448 1776 521 1797 vero
546 1766 641 1808 hujus
664 1767 791 1808 regione
816 1768 885 1805 fluit
907 1767 1079 1800 Acheron:
1104 1769 1158 1811 qui
1182 1780 1237 1811 per
1252 1770 1374 1801 deserta
1387 1770 1448 1802 alia
1469 1770 1568 1813 [us]
1588 1771 1690 1803 fluens

221 1818 305 1855 loca,
320 1823 414 1861 atque
431 1830 487 1861 per
508 1820 706 1852 subterranea
722 1821 754 1852 in
771 1823 920 1864 paludem
935 1823 1047 1855 defluit
1063 1823 1266 1856 Acherusiam
1279 1836 1288 1856 t
1313 1835 1377 1867 quo
1399 1825 1542 1868 plerique
1556 1825 1689 1857 defunc-

220 1877 322 1903 torum
338 1873 512 1905 deveniunt
536 1874 645 1912 animi,
661 1875 767 1917 ibique
783 1886 839 1917 per
853 1876 961 1907 fatalia
975 1877 1120 1919 quaedam
1139 1882 1313 1920 temporum
1330 1878 1480 1911 curricula
1496 1878 1691 1917 commorati,

219 1926 334 1967 partim
350 1926 477 1968 quidem
505 1928 659 1970 longiora,
682 1929 795 1971 partim
818 1940 891 1961 vero
917 1930 1069 1969 breviora,
1091 1942 1193 1963 rursus
1214 1932 1249 1964 in
1272 1934 1488 1975 generationes
1509 1934 1689 1966 animalium

218 1981 411 2015 relabuntur.
454 1982 579 2014 Tertius
603 1993 677 2014 vero
692 1983 804 2015 fluvius
819 1984 929 2015 horum
951 1985 1074 2017 medius
1095 1987 1227 2017 duorum
1248 1987 1421 2019 interfluit:
1445 1998 1506 2020 nec
1520 1988 1690 2021 admodum

220 2035 315 2077 longe
332 2047 510 2078 progressus
525 2037 557 2067 iu
573 2037 677 2069 locum
694 2039 780 2070 cadit
794 2044 927 2076 vastum,
943 2040 1043 2071 multo
1066 2041 1140 2082 igne
1158 2041 1353 2083 flagrantem,
1368 2042 1527 2084 efficitque
1540 2043 1689 2084 paludem

219 2094 326 2121 nostro
343 2090 419 2121 mari
434 2090 594 2132 majorem,
610 2103 692 2135 aqua
718 2093 850 2136 lutoque
873 2094 1055 2126 ferventem.
1101 2094 1187 2127 Hinc
1208 2106 1283 2127 vero
1300 2096 1441 2128 tin-bidus
1454 2096 1690 2140 lutulentasque

217 2144 403 2176 circumfluit
416 2156 426 2186 ;
449 2150 590 2188 terraque
617 2147 822 2185 circumdata,
837 2152 870 2179 et
885 2148 973 2190 alibi,
987 2153 1020 2180 et
1033 2149 1073 2180 ad
1090 2154 1225 2181 extrema
1241 2150 1367 2192 paludis
1382 2150 1565 2183 Acherusiae
1579 2162 1688 2194 perve-

218 2199 267 2229 nit
282 2211 289 2229 :
313 2210 373 2231 nec
388 2204 493 2232 tamen
509 2200 592 2232 illius
607 2211 698 2243 aquae
714 2202 859 2234 miscetur
873 2214 883 2243 ;
907 2203 961 2234 sed
983 2204 1042 2235 sub
1058 2209 1137 2236 terra
1159 2204 1273 2247 saepius
1287 2205 1444 2238 revolutus
1459 2207 1687 2249 absorptusqne

219 2253 331 2284 defluit
344 2254 424 2285 infra
436 2254 608 2289 Tartarum.
630 2257 714 2288 hunc
729 2257 858 2288 fluvium
874 2257 1209 2301 Pyriphlegethontem
1225 2259 1389 2291 nominant
1403 2271 1412 2291 τ
1435 2260 1527 2302 cujus
1542 2261 1597 2292 rivi
1613 2261 1686 2304 qui·

219 2308 305 2350 dam,
322 2308 395 2339 inde
419 2309 505 2340 velut
517 2311 627 2347 evulsi,
644 2322 835 2354 quacunque
851 2317 999 2344 terrarum
1021 2313 1199 2356 eontigerit,
1215 2318 1355 2347 manant.
1398 2313 1428 2345 E
1442 2315 1595 2347 contraria
1611 2325 1684 2348 vero

219 2362 315 2403 hujus
329 2362 455 2404 regione
470 2363 583 2395 fluvius
598 2371 725 2407 quartus
743 2367 873 2408 primurn
889 2367 922 2397 in
938 2367 1040 2399 locum
1057 2367 1191 2409 erumpit
1201 2368 1299 2399 ferum
1311 2373 1344 2400 et
1355 2374 1556 2410 asperum,ut
1567 2369 1683 2402 ferunt.

219 2416 354 2448 colorem
370 2427 443 2448 vero
459 2417 546 2449 locus
562 2419 655 2450 talem
671 2421 766 2452 habet
782 2425 877 2458 totus,
894 2421 995 2463 qualis
1006 2426 1053 2454 est
1067 2432 1207 2464 cyaneus
1223 2434 1231 2453 :
1245 2432 1337 2464 quem
1349 2422 1495 2464 Stygium
1507 2423 1683 2456 nominant.

215 2469 267 2502 hic
282 2475 386 2502 autem
401 2471 514 2502 fluvius
528 2473 692 2515 prolapsus
707 2474 854 2515 paludem
871 2475 967 2507 efficit
981 2477 1123 2518 Stygem.
1168 2476 1207 2507 In
1219 2477 1303 2508 hunc
1318 2487 1391 2508 vero
1405 2476 1549 2509 incidens
1563 2477 1682 2519 locum,

215 2525 359 2566 viresque
374 2526 574 2558 vehementes
589 2527 620 2558 in
636 2538 718 2570 aqua
734 2539 905 2571 assumens,
922 2529 979 2560 sub
995 2535 1104 2561 terram
1120 2541 1153 2561 se
1168 2530 1290 2571 condit,
1303 2529 1609 2574 circumvolutusque
1623 2533 1680 2564 ad-

213 2589 320 2611 versus
335 2579 669 2622 Pyriphlegethontem
687 2582 812 2621 labitur,
829 2589 861 2614 et
886 2584 918 2614 in
934 2583 1107 2615 Acherusia
1129 2584 1245 2626 palude
1260 2594 1278 2615 e
1299 2584 1453 2617 contraria
1473 2589 1562 2626 parte
1576 2585 1621 2617 illi
1644 2586 1681 2618 fit

216 2633 351 2664 obviam.
374 2644 433 2665 nec
449 2634 504 2665 ulli
519 2635 613 2676 hujus
627 2646 710 2678 aqua
726 2637 873 2669 miscetur
883 2649 893 2678 3
916 2639 971 2669 sed
988 2638 1146 2670 revolutus
1167 2638 1199 2670 in
1217 2648 1326 2681 gyrum
1342 2643 1450 2670 contra
1466 2638 1677 2682 Pyriphlege-

213 2686 355 2718 tlrontem
370 2686 513 2729 irrumpit
527 2689 557 2719 in
573 2689 744 2723 Tartarum.
789 2691 900 2724 Poetae
916 2703 987 2723 vero
1002 2693 1085 2724 hunc
1106 2693 1270 2734 appellant
1284 2691 1455 2735 Cocytum.
1501 2691 1583 2725 Cum
1605 2705 1678 2726 vero

212 2742 281 2772 haec
298 2741 340 2772 ita
355 2746 465 2773 natura
480 2742 633 2784 disposita
646 2745 720 2783 sint,
737 2747 863 2787 quando
886 2747 918 2777 in
935 2757 1005 2778 eum
1022 2746 1124 2778 locum
1149 2747 1291 2779 defuncti
1309 2746 1519 2789 pervenerint,
1533 2757 1598 2789 quo
1613 2748 1679 2779 dae-

212 2805 286 2826 mon
303 2806 557 2838 unumquemque
572 2799 729 2839 perducit,
754 2800 853 2842 primo
867 2801 932 2832 illic
951 2801 1146 2843 judicantur,
1170 2806 1203 2832 et
1224 2801 1278 2843 qui
1292 2802 1426 2833 honeste
1448 2805 1629 2843 sancteque,
1643 2806 1678 2833 et

211 2850 266 2892 qni
282 2850 372 2881 aliter
386 2850 528 2883 vixerint.
559 2852 673 2895 Itaque
688 2855 867 2897 quicunque
884 2856 915 2886 in
931 2857 996 2887 vita
1011 2857 1147 2899 quodam
1164 2856 1257 2887 modo
1273 2856 1410 2887 tenuisse
1424 2854 1560 2886 medium
1573 2855 1676 2897 quod·

211 2904 283 2933 dam
300 2905 543 2946 comperiuntur,
569 2907 609 2937 ad
639 2907 849 2940 Acherontem
876 2909 1007 2951 profecti
1031 2909 1194 2948 vehiculis,
1218 2921 1289 2952 qaae
1313 2909 1483 2951 unicuique
1497 2908 1624 2946 adsunt,
1639 2909 1672 2940 in

210 2958 355 3000 paludem
381 2960 568 3002 perveniunt
595 2960 798 2995 Acherusiam
813 2977 820 2995 ι
844 2964 950 3007 ibique
982 2965 1135 3007 habitant,
1166 2969 1396 3007 purganturque
1423 2972 1531 3005 poenas
1560 2962 1674 2997 dautes
