1846 3268
250 294 328 335 316
849 291 1111 347 PLAToms
1610 292 1707 344 [399

245 407 334 430 reum
351 406 418 428 esse
436 396 527 436 dicit.
572 395 696 427 Hamu-
718 393 801 426 Vera
817 404 931 429 narras.
973 394 1030 428 So.
1055 394 1107 425 An
1124 404 1187 425 non
1204 398 1309 436 putas,
1324 394 1349 425 si
1365 394 1434 437 quis
1450 404 1533 427 nunc
1548 405 1585 426 ex
1597 395 1709 427 nostris

250 452 355 482 bonus
369 450 421 488 sit,
436 449 520 482 aurei
543 450 626 481 hune
649 447 771 490 generis
793 447 833 478 ab
855 446 998 478 Hesiodo
1015 447 1180 478 aestimari?
1225 447 1348 478 Haau.
1371 447 1624 480 Consentaneum
1649 453 1710 481 est.

247 505 310 537 So.
332 504 419 536 Boni
432 509 535 535 autem
550 503 602 534 alii
617 512 711 544 quam
726 500 921 543 prudentes?
967 499 1088 532 Herm.
1111 499 1298 534 Prudentes.
1340 500 1396 533 So.
1418 501 1549 539 Iccirco,
1572 506 1607 533 ut
1627 501 1709 533 arbi-

251 563 324 594 tror,
340 566 395 588 eos
409 557 567 588 daemones
583 555 742 597 praecipue
757 557 931 594 nuncupat,
946 552 1020 594 quia
1036 552 1193 594 sapientes
1221 554 1444 597 demonesque,
1469 555 1503 586 id
1526 559 1574 587 est
1595 554 1714 587 inteuta-

253 615 375 653 gentes.
398 615 430 642 et
445 621 482 642 ex
497 614 600 641 nostra
616 609 701 640 istud
725 608 827 650 prisca
842 607 949 648 lingua
965 617 1077 638 nomen
1094 607 1211 640 existit.
1257 608 1466 646 Quamobrem
1481 613 1514 640 et
1527 607 1554 640 is
1569 614 1602 640 et
1615 608 1713 641 ceteri

251 664 358 706 poetae
375 662 521 705 permulti
535 662 682 705 praeclare
697 662 878 704 loquuntur,
891 661 1072 702 quicunque
1087 660 1177 691 aiunt
1190 660 1349 698 videlicet,
1363 666 1528 704 postquam
1543 662 1644 694 bonus
1654 662 1712 694 ali-

251 718 322 760 quis
334 717 399 749 vita
411 717 538 749 functus
553 721 612 753 est,
628 715 790 747 maximam
807 714 991 756 dignitatem
1007 714 1231 756 praemiumque
1247 715 1384 756 sortitur,
1395 715 1494 757 fitque
1509 716 1646 754 daemon,
1661 726 1710 748 se-

253 772 392 804 cundum
407 770 569 813 sapientiae
584 774 840 812 cognomentum.
885 767 936 799 Ita
950 773 983 799 et
998 768 1066 810 ipse
1091 778 1206 807 assero,
1221 768 1380 806 daimona,
1395 769 1428 800 id
1455 774 1503 801 est
1525 769 1712 812 sapientem,

252 836 376 858 omnem
390 835 458 856 esse
473 824 641 861 hominem,
657 823 839 865 quicunque
854 822 894 853 sit
908 822 1021 859 bonus,
1037 832 1172 863 eumque
1194 822 1402 854 daemonicum
1424 833 1503 860 esse,
1518 822 1550 854 id
1566 828 1613 854 est
1627 822 1711 865 sapi-.

252 884 355 911 entem
382 884 415 910 et
438 878 575 917 felicem,
602 877 757 908 viventem
785 881 879 918 atque
917 875 1114 913 defunctum,
1138 881 1287 918 recteque
1320 875 1495 908 daemonem
1527 876 1713 918 nuncupari.

252 933 375 965 Hsam.
391 927 522 964 'Videor
546 931 635 968 mihi,
657 941 676 961 ο
700 930 855 967 Socrates,
871 930 902 960 in
929 929 989 960 hoc
1015 934 1118 961 tecum
1146 930 1278 961 maxime
1303 930 1489 961 consentire.
1533 929 1590 962 So.
1612 929 1714 961 Heros

251 992 355 1018 autem
371 986 448 1028 quid
461 985 641 1028 significat?
687 984 726 1015 Id
741 993 939 1026 nequaquam
955 983 1084 1014 inventu
1101 983 1239 1016 difficile.
1257 983 1350 1024 paulo
1362 982 1445 1014 enirn
1459 984 1586 1014 heroum
1599 980 1715 1014 nomeu

252 1041 292 1071 ab
306 1041 426 1082 origine
440 1040 548 1077 distat,
563 1038 706 1070 indicans
731 1037 964 1079 generationem
986 1035 1110 1068 illorum
1135 1036 1174 1067 ab
1188 1040 1302 1073 erotos,
1316 1036 1350 1067 id
1367 1040 1415 1067 est
1428 1046 1544 1074 amore,
1558 1045 1712 1069 manasse.

252 1095 373 1126 Hanm.
397 1094 470 1132 Qua
497 1092 616 1124 ratione
640 1092 672 1122 id
700 1091 745 1122 ais
758 1091 769 1122 ?
815 1091 871 1122 So.
895 1089 948 1121 An
977 1090 1115 1131 ignoras,
1140 1089 1295 1122 semideos
1317 1090 1426 1121 heroas
1451 1100 1518 1121 esse
1531 1089 1542 1120 ?
1587 1089 1714 1122 Hzau.

253 1149 339 1186 Quid
357 1148 444 1179 tum?
488 1146 545 1178 So.
573 1146 694 1177 Omnes
712 1144 820 1187 utique
836 1144 944 1176 heroes
960 1144 1009 1175 vel
1024 1154 1062 1175 ex
1088 1154 1192 1175 amore
1214 1144 1342 1175 deorum
1357 1154 1431 1186 erga
1446 1142 1588 1175 mulieres
1603 1144 1712 1174 huma-

250 1213 308 1234 nas
322 1202 370 1233 vel
384 1212 488 1233 amore
505 1201 638 1232 virorum
654 1209 727 1240 erga
743 1199 818 1230 deas
835 1203 908 1230 sunt
931 1198 1040 1239 geniti.
1085 1197 1242 1228 Praeterea
1263 1197 1289 1228 si
1311 1198 1371 1229 hoc
1393 1197 1564 1229 secundum
1579 1195 1711 1239 priscam

250 1255 428 1287 Atticorum
443 1255 582 1296 linguam
598 1253 853 1289 consideraveris,
870 1251 968 1293 magis
984 1251 1152 1293 intelliges.
1175 1251 1310 1293 reperies
1335 1250 1432 1288 enirn,
1446 1251 1531 1292 quod
1552 1250 1712 1293 paulisper

251 1314 403 1340 mutatum
419 1313 468 1340 est
482 1307 615 1339 nominis
632 1307 731 1348 gratia
744 1317 781 1338 ex
792 1311 906 1342 erotos,
922 1306 954 1336 id
967 1310 1014 1337 est
1029 1305 1240 1343 amore,'unde
1252 1310 1324 1336 sunt
1335 1305 1444 1336 heroes
1451 1304 1570 1347 geniti:
1585 1305 1712 1347 quodve

249 1368 304 1394 aut
316 1363 390 1394 hinc
405 1363 533 1394 heroum
549 1371 662 1392 nomen
678 1365 726 1392 est
739 1360 881 1397 ductum,
897 1365 952 1391 aut
966 1370 1004 1391 ex
1019 1370 1057 1391 eo
1072 1360 1157 1401 quod
1182 1360 1340 1400 sapientes
1353 1360 1552 1401 rhetoresque
1571 1358 1711 1396 suerunt,

249 1417 376 1448 facundi
394 1416 541 1447 videlicet
554 1420 587 1446 et
602 1415 642 1446 ad
658 1414 912 1455 interrogandum
928 1414 1206 1455 disserendumque
1228 1412 1462 1455 promptissimi.
1483 1412 1551 1444 erin
1574 1422 1717 1454 namque

248 1470 352 1502 dicere
365 1475 425 1501 est.
468 1470 585 1507 Quare,
600 1473 636 1499 ut
651 1468 743 1499 modo
759 1468 953 1508 dicebamus,
969 1467 1076 1499 Attica
1092 1478 1168 1498 voae
1184 1468 1292 1498 heroes
1307 1467 1443 1497 rhetores
1458 1466 1586 1508 quidam
1602 1470 1634 1497 et
1646 1465 1712 1497 dis-

249 1529 409 1565 putatores
434 1528 467 1554 et
489 1521 631 1554 amatorii
657 1522 814 1553 videntur.
860 1521 954 1553 Unde
984 1522 1140 1552 rhetorum
1166 1521 1438 1563 sophistarumque
1462 1530 1560 1562 genus
1586 1520 1711 1551 heroica

250 1577 354 1619 proles
369 1576 484 1608 existit.
531 1575 645 1607 Verum
663 1585 727 1605 non
743 1574 825 1605 istud
842 1574 970 1616 quidem
995 1574 1120 1606 difficile
1143 1574 1292 1616 cognitu:
1316 1574 1410 1604 immo
1428 1574 1508 1605 illud
1533 1573 1711 1611 obscurum,

249 1641 344 1673 quam
361 1631 401 1661 ob
414 1640 539 1662 causam
553 1622 695 1660 h'omincs
717 1628 863 1670 anthropi
890 1627 1102 1660 nominantur.
1124 1628 1221 1658 habes
1235 1627 1302 1669 ipse
1318 1627 1395 1669 quid
1408 1627 1542 1658 afferas?
1587 1626 1711 1659 Ham«.

249 1685 344 1716 Unde
360 1684 393 1715 id
408 1684 552 1720 habeam,
567 1683 650 1714 bone
665 1682 733 1712 vir?
757 1681 832 1723 quin
859 1682 885 1712 si
907 1681 1040 1723 reperire
1065 1692 1192 1723 quoquo
1218 1681 1311 1711 modo
1328 1680 1456 1722 possim,
1469 1691 1536 1712 non
1550 1681 1710 1713 contendo

251 1749 288 1769 ex
304 1749 342 1770 co
357 1738 444 1779 quod
460 1742 490 1768 te
507 1737 617 1768 melius
633 1736 818 1777 faciliusque
833 1745 927 1777 quam
944 1746 993 1766 me
1015 1740 1205 1776 reperturum
1232 1745 1364 1776 sperem.
1388 1734 1486 1776 [399]
1508 1734 1563 1766 So.
1587 1733 1626 1766 In
1647 1733 1712 1766 Eu-

249 1792 436 1835 tlryplrronis
459 1790 662 1832 inspiratione
684 1790 842 1822 confidere
865 1789 941 1820 milri
969 1788 1093 1821 videris.
1140 1789 1262 1820 Henna.
1286 1788 1415 1830 Absque
1440 1787 1550 1820 dubio.
1592 1787 1647 1820 So.
1669 1787 1714 1819 Et

248 1846 358 1877 merito
374 1845 502 1886 quidem
516 1843 660 1875 confidis.
683 1854 755 1874 nam
772 1842 852 1874 belle
868 1842 999 1873 nimium
1015 1842 1090 1873 mihi
1105 1853 1189 1874 nunc
1205 1843 1311 1874 videor
1330 1842 1503 1884 cogitasse:
1525 1852 1563 1874 ac
1587 1842 1710 1884 pericu-

250 1899 314 1929 lum
330 1903 390 1936 est,
407 1898 465 1929 nisi
479 1908 618 1934 caveam,
634 1908 673 1928 ne
699 1897 795 1928 hodie
817 1896 988 1938 sapientior
1010 1907 1103 1938 quam
1126 1896 1238 1928 deceat
1259 1896 1365 1927 videar
1379 1895 1525 1928 evasisse.
1568 1895 1711 1928 Attende

252 1953 292 1983 ad
308 1963 358 1989 ea,
374 1962 444 1993 quae
459 1952 575 1983 dicam.
617 1951 690 1982 Hoc
706 1951 737 1981 in
754 1950 861 1992 primis
884 1951 966 1982 circa
988 1950 1116 1982 nomina
1138 1950 1386 1982 animadvertere
1407 1951 1511 1988 decet,
1526 1950 1612 1992 quod
1627 1961 1711 1992 saepe

248 2005 354 2037 literas
370 2006 526 2042 addimus,
542 2015 625 2046 saepe
641 2005 735 2035 etiam
751 2004 915 2041 demimus,
931 2015 986 2046 pro
1002 2005 1128 2036 arbitrio
1143 2005 1216 2035 dum
1233 2005 1441 2043 nominamus,
1456 2009 1490 2036 et
1503 2010 1596 2037 acuta
1609 2015 1709 2046 saepe-

247 2069 375 2091 numero
392 2065 631 2090 transmutamus
648 2069 656 2090 :
682 2063 717 2089 ut
730 2069 803 2090 cum
828 2058 961 2089 dicimus
983 2058 1038 2089 Dii
1059 2058 1173 2100 philos,
1190 2059 1222 2090 id
1237 2065 1285 2090 est
1295 2058 1370 2090 Jovi
1384 2059 1512 2091 amicus.
1527 2059 1588 2091 hoc
1602 2063 1639 2090 ut
1654 2068 1710 2100 pro

247 2114 341 2145 verbo
358 2123 471 2145 nomen
488 2113 578 2144 nobis
593 2112 684 2148 foret.
700 2112 828 2144 alterurn
845 2112 910 2143 iota
925 2112 998 2143 inde
1012 2112 1233 2155 excerpsimus,
1249 2118 1282 2144 et
1293 2123 1350 2155 pro
1364 2117 1456 2144 acuta
1471 2112 1593 2155 syllaba
1604 2112 1722 2143 media⁴

247 2171 370 2209 grav'em
386 2167 634 2208 pronuntiamus.
655 2166 688 2197 in
705 2166 774 2197 aliis
787 2166 974 2208 quibusdam
989 2166 1093 2197 literas
1119 2166 1352 2198 interserimus:
1375 2171 1407 2197 et
1427 2165 1566 2208 graviora
1581 2165 1719 2220 profesti

246 2232 325 2253 mus.
371 2221 495 2253 Hmuu.
519 2221 602 2252 Vera
616 2220 722 2252 refers.
767 2220 822 2252 So.
846 2220 918 2251 Hoc
937 2225 969 2251 et
982 2220 1015 2251 in
1031 2221 1157 2252 nomine
1171 2220 1306 2252 hominis
1322 2221 1476 2262 anthropo
1492 2219 1658 2260 contingit,
1673 2224 1710 2250 ut

246 2275 322 2306 mihi
335 2274 463 2316 quidem
480 2274 613 2305 videtur.
636 2285 709 2305 nam
721 2285 759 2305 ex
776 2274 868 2305 verbo
884 2284 999 2305 nomen
1014 2275 1219 2306 constitutum
1235 2279 1294 2312 est,
1310 2285 1373 2305 uno
1397 2284 1416 2305 a
1430 2278 1575 2315 excepto,
1591 2272 1711 2314 gravio-

247 2329 336 2370 rique
360 2328 423 2360 fine
449 2328 575 2360 effeeto.
620 2328 743 2361 Henna.
768 2328 936 2366 Quomodo
964 2328 1047 2359 istud
1075 2329 1120 2359 ais
1133 2330 1144 2360 ?
1188 2329 1244 2360 So.
1267 2328 1329 2359 Ita.
1351 2327 1485 2358 hominis
1499 2337 1613 2358 nornen
1627 2326 1714 2368 illud¹

245 2381 413 2423 significat,
436 2383 520 2423 qnod
549 2387 653 2414 cetera
677 2382 803 2424 quidem
830 2381 989 2419 animalia,
1003 2393 1075 2424 quse
1090 2382 1210 2418 vident,
1226 2393 1290 2413 non
1311 2381 1510 2413 considerant
1524 2391 1627 2422 neque
1642 2381 1712 2412 ani-

243 2436 444 2466 madvertunt
458 2446 560 2477 neque
576 2436 828 2478 contemplantur
842 2447 850 2466 :
874 2437 966 2467 homo
981 2441 1085 2467 autem
1101 2441 1134 2467 et
1148 2436 1234 2467 videt
1247 2435 1337 2466 simul
1353 2440 1386 2466 et
1395 2434 1625 2476 contemplatur
1639 2434 1708 2466 ani-

243 2489 471 2531 madvertitque
488 2489 572 2529 quod
591 2489 688 2521 videt.
733 2489 818 2522 Hinc
833 2490 941 2521 merito
953 2490 1035 2521 solus
1045 2501 1082 2521 ex
1093 2490 1237 2521 omnibus
1252 2489 1461 2521 animantibus
1475 2490 1569 2520 homo
1580 2489 1709 2520 anthro-

243 2553 302 2584 pos
317 2547 366 2574 est
379 2546 591 2583 nuncupatus,
607 2542 696 2584 quasi
711 2543 874 2580 anatliron,
890 2543 925 2574 id
940 2549 989 2574 est
1003 2543 1230 2584 contemplans,
1246 2554 1316 2585 quae
1339 2554 1479 2585 opopen,
1493 2543 1527 2574 id
1553 2548 1602 2575 est
1615 2543 1709 2576 vidit.

245 2595 332 2633 Quid
347 2600 420 2638 post
433 2595 501 2626 lroec
527 2596 688 2636 quaeram?
711 2606 751 2626 an
767 2596 914 2627 videlicet
936 2597 1021 2638 quod
1047 2596 1179 2628 libenter
1205 2596 1420 2638 perciperem?
1466 2596 1588 2628 Hsrm.
1611 2595 1711 2631 Μαι-Ι

240 2649 314 2683 ime.
360 2649 417 2681 So.
439 2648 613 2680 Succedere
629 2650 732 2681 statim
747 2651 958 2691 superioribus
973 2650 1049 2681 mihi
1066 2650 1186 2682 videtur
1199 2651 1240 2682 de
1255 2651 1358 2682 anima
1373 2655 1406 2681 et
1415 2660 1545 2692 corpore
1559 2650 1711 2687 conside-1
1748 2672 1754 2675 -

241 2704 332 2735 ratio.
354 2713 425 2734 nam
441 2702 544 2734 anima
558 2707 591 2734 et
605 2714 719 2745 corpus
733 2695 852 2747 aliquid
866 2704 1002 2736 hominis
1016 2710 1099 2736 sunt.
1143 2705 1267 2736 Halm.
1289 2704 1366 2736 Sine
1380 2704 1601 2736 controversia.
1645 2703 1704 2736 So.

241 2757 401 2791 conemur
414 2757 482 2788 haec
498 2758 763 2799 quemadmodum
780 2759 938 2800 superiora
950 2759 1151 2801 distinguere.
1195 2758 1408 2796 Quaerendum
1429 2757 1528 2799 primo
1542 2757 1583 2788 de
1598 2756 1703 2788 anima

240 2816 344 2853 putas,
361 2815 396 2854 ut
409 2815 493 2842 recte
520 2811 634 2852 psychi
656 2811 817 2843 nominata
842 2812 960 2844 suerit?
983 2812 1098 2844 deinde
1123 2813 1164 2843 de
1189 2813 1341 2854 corpore?
1388 2810 1511 2842 Hercu.
1532 2809 1708 2852 Equidem.

241 2859 299 2897 So.
323 2864 369 2896 Ut
384 2864 478 2906 igitur
492 2864 595 2896 subito
611 2865 780 2907 exprimam
796 2867 880 2908 quod
898 2866 1028 2908 primurn
1046 2865 1118 2897 mihi
1135 2875 1218 2896 nunc
1234 2875 1267 2896 se
1292 2864 1394 2901 offert,
1409 2863 1536 2895 arbitror
1551 2862 1622 2894 illos
1643 2863 1700 2906 qni

237 2919 282 2951 sic
295 2919 427 2950 animam
441 2919 628 2959 vocitarunt,
643 2920 704 2951 lroc
719 2920 913 2961 potissimum
929 2921 1093 2963 cogitasse,
1109 2920 1195 2962 quod
1210 2920 1277 2950 haec
1292 2918 1437 2960 quotiens
1451 2917 1540 2948 adest
1558 2917 1701 2959 corpori‚·
1718 2934 1721 2936 >

237 2983 331 3006 causa
346 2978 391 3005 est
407 2973 454 3011 illi
468 2973 606 3016 vivendi,
621 2973 789 3015 respirandi
806 2981 838 3006 et
854 2974 1055 3017 refrigerandi
1077 2974 1139 3006 vim
1154 2974 1301 3006 exhibens
1315 2983 1322 3005 z
1348 2977 1379 3004 et
1394 2981 1464 3004 cum
1490 2969 1620 3013 primum
1637 2970 1693 3002 de-
