1846 3268
194 282 288 332 170]
748 277 1093 316 THEAETETUS.
1578 278 1654 316 247

186 398 244 419 nos
254 386 370 428 jussit?
415 384 523 418 Turn.
547 381 681 420 Quidni,
696 391 717 412 o
734 380 891 419 Socrates,
907 380 1204 412 animadverterim?
1251 380 1307 412 So.
1331 380 1418 417 Quid
1440 390 1513 421 ergo
1528 380 1539 411 ?
1559 379 1655 422 jubes

188 452 246 474 nos
262 440 307 472 illi
323 439 451 482 parere?
494 436 604 469 Τιμὼ.
629 436 844 477 Summopere.
890 435 946 466 So.
972 434 1082 466 Cernis
1098 434 1178 466 istos
1200 444 1320 476 omnes,
1333 439 1467 476 excepto
1483 438 1526 471 te,
1542 445 1657 476 pueros

187 505 256 527 esse
269 495 281 526 ?
302 503 396 536 quare
412 492 437 523 si
452 490 500 523 illi
515 490 682 527 credimus,
699 500 748 520 me
763 489 854 520 simul
872 499 909 520 ac
926 495 956 520 te
972 494 1097 531 oportet
1107 489 1327 531 interrogando
1340 487 1474 520 vicissim
1484 493 1517 519 et
1528 498 1659 530 respon-

189 549 296 581 dendo
311 547 391 579 serio
407 555 578 578 sermonem
593 543 664 586 ejus
678 543 854 575 examinare
867 555 877 582 ς
900 553 940 574 ne
961 543 1073 574 iterum
1098 554 1156 574 nos
1175 542 1309 580 incuset,
1324 543 1410 585 quod
1426 542 1570 574 ludentes
1585 553 1656 574 curn

189 602 293 645 pueris
307 611 480 633 sermonem
495 610 586 631 suum
600 598 804 640 exagitemus.
847 597 958 630 Tunc.
982 597 1071 635 Quid
1088 597 1338 640 prohibet,‘quin
1351 597 1532 629 Theaetetus
1547 596 1659 628 melius

189 667 284 699 quam
299 655 419 688 barbati
432 654 487 687 viri
502 653 605 691 multi,
619 658 862 695 perscrutantem
881 657 912 683 te
927 653 1101 694 sequatur?
1146 651 1203 683 So.
1229 651 1303 682 Non
1319 657 1430 683 ‘tamen
1451 656 1494 689 te,
1510 662 1530 682 o
1551 650 1657 682 Theo-

190 711 277 749 dore,
293 710 417 741 melius.
441 720 481 741 ne
496 718 624 740 censeas
641 712 785 749 oportere
799 717 847 738 me
862 706 965 738 amico
983 712 1037 737 tuo
1053 706 1206 738 defuncto
1228 717 1352 738 omnem
1375 717 1468 748 opem
1492 705 1612 743 afferre,
1629 710 1661 737 te

190 774 264 795 vero
287 763 384 805 [169]
408 763 538 794 nullam.
583 762 700 794 Verum
723 771 852 804 sequere
876 771 937 798 me,
953 761 1093 799 obsecro,
1110 760 1281 803 paulisper,
1296 761 1401 802 quoad
1424 761 1484 791 hoc
1506 761 1660 791 duntaxat
1679 764 1684 768 '

189 817 398 855 inveniamus,
416 822 516 848 utrum
533 821 563 848 te
578 816 690 848 deceat
705 816 737 846 iu
752 815 858 857 figuris
878 815 1074 856 geometricis
1087 825 1155 846 esse
1171 825 1356 852 mensuram,
1370 820 1425 846 aut
1447 825 1555 846 omnes
1571 825 1662 856 aeque

189 882 227 904 ac
243 877 277 903 tu
293 872 326 903 in
351 870 541 903 astronomia
566 870 742 912 ceterisque
757 870 970 906 facultatibus,
987 869 1019 900 in
1042 870 1157 912 quibus
1183 875 1217 901 tu
1243 869 1352 901 merito
1367 874 1512 911 praestare
1535 867 1664 908 videris,

192 926 282 968 periti
297 926 369 959 sint.
414 926 521 958 Timo.
546 925 690 956 Arduum
706 930 764 962 est,
781 936 800 955 o
815 925 973 966 Socrates,
985 932 1018 955 ut
1032 924 1088 966 qui
1105 924 1160 955 tibi
1174 925 1302 962 assidet,
1313 925 1436 967 roganti
1451 935 1515 956 non
1531 935 1662 966 respon-

190 982 276 1014 deat·
300 981 470 1013 delirabarn
487 980 628 1022 profecto
645 979 738 1022 paulo
754 985 841 1021 ante,
855 990 926 1011 cum
943 980 1078 1011 dicerem
1093 985 1123 1010 te
1138 990 1356 1012 concessurum
1373 979 1459 1017 milri,
1476 990 1516 1011 ne
1528 979 1567 1010 ad
1582 990 1665 1020 pug-

191 1045 263 1067 nam
279 1034 467 1076 accingerer,
490 1039 523 1066 et
547 1034 858 1066 Lacedaemoniorum
885 1044 969 1064 more
986 1044 1034 1064 me
1051 1033 1176 1064 minime
1191 1033 1436 1075 compulsurum.
1458 1043 1542 1064 nunc
1556 1038 1661 1064 autem

192 1090 234 1121 ad
259 1089 458 1120 Scirrhonem
485 1088 590 1130 potius
614 1088 773 1120 declinare
790 1088 914 1118 videris.
938 1098 1010 1118 nam
1031 1088 1263 1119 Lacedaemonii
1279 1088 1350 1119 exui
1368 1088 1415 1119 vel
1431 1087 1514 1118 abire
1536 1087 1662 1129 jubent.

193 1148 227 1175 tu
244 1148 349 1175 autem
364 1142 513 1174 Antaeum
528 1142 643 1174 imitari
659 1142 782 1175 videris.
805 1142 1061 1184 congredientem
1076 1152 1212 1184 namque
1226 1153 1290 1173 non
1307 1142 1392 1184 prius
1407 1142 1551 1180 dimittis,
1567 1151 1662 1184 quam

193 1197 346 1228 nudatum
362 1202 466 1229 tecum
493 1202 610 1228 certare
636 1196 789 1238 coegeris.
835 1197 890 1226 So.
914 1195 1105 1237 Congruam,
1122 1206 1140 1226 o
1167 1196 1346 1233 Theodore,
1362 1196 1461 1227 morbi
1477 1195 1537 1227 mei
1552 1196 1662 1228 simili-

193 1251 334 1283 tudinem
351 1251 506 1293 reperisti.
529 1250 683 1281 robustior
698 1254 805 1280 tamen
819 1249 880 1280 illis
894 1259 954 1291 ego
970 1259 1049 1280 sum.
1069 1249 1227 1287 innumeri
1238 1248 1305 1290 jam
1322 1249 1474 1281 Hercules
1487 1254 1520 1281 et
1533 1249 1662 1290 Thesei,

192 1305 331 1343 sortesjn
346 1304 497 1345 dicendo,
511 1313 633 1335 mecum
650 1303 807 1344 congressi
823 1307 896 1334 sunt
909 1314 916 1333 :
940 1314 1000 1345 ego
1014 1308 1118 1334 tamen
1133 1302 1234 1335 nihilo
1246 1303 1343 1344 magis
1353 1303 1470 1334 desisto
1483 1316 1491 1335 ι
1514 1304 1596 1336 adeo
1611 1315 1662 1336 me

192 1358 422 1391 exercitationis
444 1357 538 1399 hujus
551 1358 720 1389 vehemens
745 1367 830 1388 amor
853 1356 977 1389 invasit.
1023 1357 1141 1399 Neque
1165 1362 1199 1388 tu
1215 1357 1310 1399 igitur
1334 1357 1582 1396 mihiinvideas,
1598 1370 1662 1402 quo

192 1413 295 1444 minus
316 1422 439 1444 mecum
463 1411 650 1443 exercitatus
675 1415 707 1443 te
732 1411 823 1442 simul
849 1421 886 1443 ac
909 1422 959 1443 me
980 1411 1084 1453 juveS.
1129 1412 1156 1443 T
1158 1422 1240 1444 nno.
1266 1412 1362 1444 Haud
1390 1413 1472 1445 ultra
1498 1424 1660 1457 repugno:

192 1468 290 1499 ducas
301 1477 364 1509 qua
378 1466 476 1499 lubet.
499 1476 623 1497 omnem
641 1466 722 1498 hanc
737 1465 824 1508 quasi
839 1466 966 1503 fatalem
982 1466 1214 1508 necessitatem,
1229 1477 1322 1509 quam
1338 1473 1371 1498 tu
1385 1468 1467 1500 circa
1477 1469 1544 1501 haec
1558 1469 1664 1506 infers,

192 1521 360 1555 convincto
375 1520 504 1552 ferenda
520 1526 705 1563 est-,neque
721 1525 826 1552 tamen
844 1521 921 1552 ultra
939 1531 988 1559 ea,
1004 1531 1074 1563 quae
1092 1521 1295 1564 proposuisti,
1310 1532 1360 1554 me
1385 1522 1440 1557 tibi
1456 1523 1663 1556 committam.

194 1575 252 1607 So.
274 1575 329 1607 Sat
344 1575 426 1607 istud
442 1575 510 1607 erit.
534 1575 589 1607 sed
605 1575 638 1607 id
655 1575 731 1607 mihi
747 1576 888 1617 observa,
903 1587 943 1608 ne
959 1576 1039 1608 clam
1054 1576 1086 1608 in
1102 1576 1254 1618 puerilem
1270 1577 1422 1618 loquendi
1437 1578 1528 1610 ritum
1538 1579 1665 1611 delaba-

194 1639 275 1668 mur,
290 1634 324 1661 et
338 1630 379 1661 ob
395 1640 465 1661 eam
479 1639 606 1662 causam
629 1640 686 1661 nos
708 1630 822 1672 aliquis
848 1630 957 1662 iterum
974 1636 1093 1673 carpat.
1134 1631 1246 1664 Turro.
1269 1632 1417 1664 conabor
1431 1643 1506 1664 sane
1522 1644 1578 1675 pro
1594 1633 1667 1665 viri-

195 1684 266 1716 bus.
311 1684 366 1715 So.
389 1683 461 1716 Hoc
486 1684 519 1716 in
541 1684 660 1726 primis,
687 1685 890 1727 quod-etiam
912 1696 1005 1728 supra
1030 1686 1203 1727 tetigimus,
1227 1697 1430 1725 resumamus,
1455 1693 1556 1719 utrum
1581 1693 1665 1720 recte

196 1748 298 1769 necne
314 1749 488 1770 sermonem
503 1738 589 1770 illius
605 1739 896 1781 improbaverimus,
911 1741 997 1782 quod
1015 1751 1269 1783 unumquemque
1286 1742 1326 1773 ad
1341 1742 1527 1783 sapientiam
1544 1743 1667 1775 sibimet

198 1791 339 1824 sufficere
356 1793 507 1835 posuerit.
530 1793 621 1824 nobis
637 1803 727 1835 porro
741 1794 895 1825 concessit
910 1794 1108 1836 Protagoras,
1123 1796 1156 1826 in
1171 1806 1208 1827 eo
1225 1796 1311 1837 quod
1327 1796 1439 1828 melius
1461 1798 1508 1828 vel
1531 1797 1668 1829 deterius

196 1845 279 1877 iuter
304 1857 338 1878 se
362 1847 527 1890 plerosque
553 1847 688 1893 differre,
704 1859 783 1890 quos
810 1849 967 1891 sapientes
993 1850 1132 1881 duceret.
1156 1861 1196 1880 an
1219 1851 1309 1882 non?
1353 1851 1466 1884 Timo.
1490 1851 1667 1884 Concessit.

197 1899 255 1932 So.
277 1900 312 1932 Si
327 1901 410 1932 enim
428 1901 495 1943 ipse
510 1912 646 1944 praesens
669 1902 888 1944 concessisset,
912 1913 976 1934 non
997 1910 1101 1935 autem
1126 1914 1182 1935 nos
1206 1904 1238 1935 in
1253 1904 1323 1946 ejus
1338 1904 1473 1936 favorem
1490 1905 1666 1938 admisisse-

198 1965 280 1992 mus,
295 1955 378 1986 haud
394 1956 504 1987 iterum
522 1962 682 1999 oporteret
706 1958 878 1999 repetendo
902 1959 1011 1990 eadem
1041 1958 1233 1991 confirmare.
1257 1970 1340 1991 nunc
1364 1965 1468 1991 autern
1494 1959 1572 1992 sorte
1597 1961 1668 2003 quis

197 2013 301 2052 putet,
316 2019 380 2041 non
397 2010 471 2042 satis
487 2010 618 2043 idoneos
633 2022 700 2044 esse
717 2023 773 2043 nos
788 2012 872 2044 illius
895 2023 995 2044 rerum
1019 2014 1283 2055 comprobatores.
1307 2010 1508 2057 quamobrem
1531 2020 1670 2057 praestat,

198 2063 376 2105 perspicue,
392 2069 427 2095 ut
440 2075 473 2096 se
489 2076 537 2096 res
552 2066 658 2106 habet,
668 2066 854 2098 concedere.
877 2077 948 2098 nam
966 2078 1029 2099 non
1046 2078 1154 2110 parum
1170 2068 1309 2106 interest,
1325 2068 1370 2100 sic
1386 2079 1425 2100 an
1438 2068 1527 2101 aliter
1542 2070 1667 2102 habeat.

197 2116 307 2150 ΤΗΕο.
333 2117 420 2149 Vera
443 2118 592 2161 loqueris.
638 2120 694 2151 So.
715 2120 815 2162 Igitur
838 2131 902 2152 non
928 2132 966 2152 ex
985 2122 1108 2158 alienis,
1133 2123 1187 2154 sed
1211 2134 1247 2154 ex
1271 2135 1327 2155 suo
1350 2124 1504 2155 duntaxat
1525 2135 1667 2155 sermone

199 2181 293 2213 quam
319 2172 497 2204 brevissime
527 2183 713 2205 consensum
738 2174 837 2218 [170]
862 2175 1065 2217 accipiamus.
1109 2176 1220 2209 Tmo.
1245 2177 1334 2214 Qui?
1378 2177 1435 2210 SO.
1459 2178 1523 2212 Sic.
1570 2179 1666 2216 Quod

201 2225 316 2267 cuique
333 2225 467 2260 videtur.
484 2227 516 2259 id
533 2227 579 2259 illi
604 2228 655 2259 cui
671 2228 794 2260 videtur
808 2240 876 2261 esse
900 2230 1000 2261 dixit?
1045 2230 1154 2263 Taso.
1179 2231 1271 2263 Dixit
1293 2238 1389 2265 certe.
1433 2232 1489 2265 So.
1513 2231 1670 2275 Nunquid

200 2284 233 2310 et
248 2289 317 2317 nos,
333 2290 352 2311 ο
375 2279 573 2323 Protagoras,
589 2282 737 2324 hominis,
752 2283 848 2321 immo
862 2284 1024 2315 hominum
1050 2285 1189 2315 omnium
1206 2285 1371 2327 opiniones
1392 2287 1538 2329 dicimus,
1560 2287 1672 2320 asseri-

200 2344 333 2376 musque
348 2335 503 2367 neminem
521 2347 642 2377 prorsus
664 2337 698 2368 in
721 2337 790 2368 aliis
815 2338 943 2380 quidem
959 2349 993 2370 se
1009 2338 1078 2370 aliis
1094 2339 1314 2381 sapientiorem
1328 2346 1451 2383 putare,
1465 2340 1498 2372 in
1513 2341 1582 2373 aliis
1598 2353 1670 2374 vero

201 2387 406 2428 sapientiores
421 2389 522 2421 alios?
545 2399 586 2420 an
610 2401 674 2422 non
687 2392 722 2423 in
738 2392 881 2423 maximis
903 2393 1062 2434 periculis,
1077 2393 1224 2436 quotiens
1239 2393 1272 2425 in
1293 2395 1402 2427 castris
1418 2401 1472 2427 aut
1488 2396 1601 2428 morbis
1616 2402 1672 2428 aut

201 2441 278 2472 mari
290 2442 456 2481 fluctuant,
471 2444 563 2485 quasi
575 2445 652 2484 deos
668 2446 783 2478 habere
797 2446 832 2477 in
847 2447 976 2490 singulis
989 2447 1148 2490 principes
1163 2454 1396 2493 servatoresque
1407 2462 1491 2490 suos,
1506 2452 1593 2484 nullo
1609 2452 1671 2484 alio

201 2495 314 2527 ceteris
330 2507 423 2538 quarn
438 2498 582 2530 scientia·
594 2500 831 2541 praecellentes?
854 2506 886 2533 et
898 2512 954 2544 per
969 2501 1074 2533 omnia
1088 2502 1225 2535 humana
1239 2506 1452 2546 quaerentibus
1465 2513 1674 2549 praeceptores

202 2559 238 2580 ac
254 2549 351 2581 duces
366 2551 416 2581 sui
428 2551 568 2593 ipsorum
590 2554 785 2597 aliorumque
810 2556 1016 2588 animantium
1031 2563 1126 2599 atque
1141 2569 1282 2600 operum,
1299 2561 1352 2602 qui
1367 2562 1575 2593 communiter
1590 2562 1673 2593 aesti-

202 2607 326 2634 mantur
340 2609 403 2635 tam
430 2606 469 2636 ad
493 2607 672 2639 docendum
697 2619 791 2651 quam
810 2611 851 2641 ad
875 2611 1093 2653 imperandum
1120 2613 1280 2646 sufficere:
1306 2615 1338 2646 in
1362 2616 1410 2647 his
1434 2616 1577 2647 omnibus
1592 2616 1670 2658 quid

202 2656 288 2694 aliud
304 2657 454 2696 dicemus,
470 2669 564 2701 quam
579 2662 665 2703 quod
682 2663 822 2696 homines
835 2665 915 2697 inter
929 2677 962 2698 se
978 2666 1164 2708 sapientiam
1180 2673 1213 2699 et
1227 2659 1432 2710 ignorantiam
1449 2682 1515 2702 esse
1533 2671 1669 2712 putent?

200 2709 310 2743 Tuao.
334 2711 422 2743 Nihil
438 2713 535 2746 aliud.
580 2715 637 2747 So.
659 2716 777 2749 Nonne
792 2719 978 2761 sapientiam
994 2731 1097 2752 veram
1112 2723 1336 2764 cogitationem
1352 2735 1418 2755 esse
1433 2725 1566 2762 ducunt,
1582 2725 1672 2766 igno-

203 2764 332 2796 rantiam
359 2777 433 2797 vero
457 2767 566 2799 falsam
593 2770 798 2811 opinionem?
844 2773 955 2807 Tnsso.
979 2775 1127 2812 Quidni?
1174 2776 1227 2808 So.
1252 2777 1420 2816 Quorsum,
1437 2791 1456 2810 o
1474 2779 1669 2821 Protagoras,

204 2828 376 2865 sermonem
392 2823 572 2853 vertemus?
596 2827 697 2855 utrum
713 2826 854 2859 homines
870 2839 942 2860 vera
955 2840 1078 2872 semper
1101 2831 1225 2873 opinari
1248 2833 1413 2864 dicemus?
1437 2845 1477 2865 an
1502 2834 1671 2875 aliquando

203 2881 287 2909 vera,
310 2873 388 2905 falsa
413 2878 665 2918 nonnunquam?
711 2879 868 2923 Utrinque
891 2883 1043 2926 sequitur,
1058 2889 1096 2915 ut
1116 2895 1180 2917 non
1203 2896 1326 2928 semper
1353 2898 1434 2926 vera,
1461 2888 1515 2919 sed
1540 2893 1671 2928 utraque

204 2926 381 2967 opinentur.
427 2928 582 2969 Attendc,
597 2932 776 2977 Theodore‚
793 2935 910 2968 velitne
925 2938 995 2979 quis
1010 2949 1048 2969 ex
1065 2938 1243 2982 Protagorae
1265 2942 1479 2979 sectatoribus,
1496 2952 1535 2971 an
1562 2947 1594 2971 tu
1611 2940 1673 2970 for-

205 2979 285 3011 sitan
302 2981 342 3013 de
359 2982 418 3016 hoc
431 2984 501 3025 ipso
519 2996 670 3030 pugnare,
686 2989 771 3030 quod
789 2990 892 3022 nullus
918 2991 969 3030 sit,
985 2992 1039 3035 qui
1063 2993 1156 3026 alium
1172 2995 1331 3027 hominem
1347 2995 1468 3037 opinari
1484 2994 1563 3025 falso
1580 2999 1611 3025 et
1625 2994 1674 3036 ig-
