<?xml version="1.0" encoding="UTF-8"?>
<!DOCTYPE html PUBLIC "-//W3C//DTD XHTML 1.0 Transitional//EN"
    "http://www.w3.org/TR/xhtml1/DTD/xhtml1-transitional.dtd">
<html xmlns="http://www.w3.org/1999/xhtml" xml:lang="en" lang="en">
 <head>
  <title>
</title>
<meta http-equiv="Content-Type" content="text/html;charset=utf-8" />
  <meta name='ocr-system' content='tesseract 3.04.00' />
  <meta name='ocr-capabilities' content='ocr_page ocr_carea ocr_par ocr_line ocrx_word'/>
</head>
<body>
  <div class='ocr_page' id='page_1' title='image "./platonisetquaeve10plat_0111.png"; bbox 0 0 1846 3268; ppageno 0'>
   <div class='ocr_carea' id='block_1_1' title="bbox 186 264 1643 321">
    <p class='ocr_par' dir='ltr' id='par_1_1' title="bbox 186 264 1643 321">
     <span class='ocr_line' id='line_1_1' title="bbox 186 264 1643 321; baseline -0.002 -12"><span class='ocrx_word' id='word_1_1' title='bbox 186 271 253 321; x_wconf 82' lang='lat'><strong>10]</strong></span> <span class='ocrx_word' id='word_1_2' title='bbox 777 264 1131 305; x_wconf 81' lang='lat' dir='ltr'><strong>EUTHYPHRO.</strong></span> <span class='ocrx_word' id='word_1_3' title='bbox 1571 267 1643 306; x_wconf 88' lang='lat'><strong>101</strong></span> 
     </span>
    </p>
   </div>
   <div class='ocr_carea' id='block_1_2' title="bbox 170 366 1655 3016">
    <p class='ocr_par' dir='ltr' id='par_1_2' title="bbox 170 366 1655 3016">
     <span class='ocr_line' id='line_1_2' title="bbox 181 366 1648 413; baseline -0.001 -9"><span class='ocrx_word' id='word_1_4' title='bbox 181 375 333 409; x_wconf 73' lang='lat' dir='ltr'><strong>asserunt,</strong></span> <span class='ocrx_word' id='word_1_5' title='bbox 349 370 402 403; x_wconf 80' lang='grc'><strong>11111</strong></span> <span class='ocrx_word' id='word_1_6' title='bbox 411 371 556 413; x_wconf 84' lang='lat' dir='ltr'><strong>negant?</strong></span> <span class='ocrx_word' id='word_1_7' title='bbox 579 374 746 413; x_wconf 79' lang='lat' dir='ltr'><strong>postquam</strong></span> <span class='ocrx_word' id='word_1_8' title='bbox 762 368 854 406; x_wconf 88' lang='lat' dir='ltr'><strong>illud,</strong></span> <span class='ocrx_word' id='word_1_9' title='bbox 870 379 890 400; x_wconf 90' lang='lat' dir='ltr'><strong>o</strong></span> <span class='ocrx_word' id='word_1_10' title='bbox 904 367 950 399; x_wconf 87' lang='lat' dir='ltr'><strong>vir</strong></span> <span class='ocrx_word' id='word_1_11' title='bbox 964 368 1125 411; x_wconf 75' lang='lat' dir='ltr'><strong>mirabilis,</strong></span> <span class='ocrx_word' id='word_1_12' title='bbox 1139 366 1246 399; x_wconf 86' lang='lat' dir='ltr'><strong>nullus</strong></span> <span class='ocrx_word' id='word_1_13' title='bbox 1269 366 1443 408; x_wconf 83' lang='lat' dir='ltr'><strong>hominum,</strong></span> <span class='ocrx_word' id='word_1_14' title='bbox 1457 368 1505 399; x_wconf 88' lang='lat' dir='ltr'><strong>vel</strong></span> <span class='ocrx_word' id='word_1_15' title='bbox 1520 369 1648 402; x_wconf 83' lang='lat' dir='ltr'><strong>deorum</strong></span> 
     </span>
     <span class='ocr_line' id='line_1_3' title="bbox 180 421 1649 466; baseline -0.002 -9"><span class='ocrx_word' id='word_1_16' title='bbox 180 426 286 458; x_wconf 82' lang='lat' dir='ltr'><strong>dicere</strong></span> <span class='ocrx_word' id='word_1_17' title='bbox 307 426 415 463; x_wconf 78' lang='lat' dir='ltr'><strong>audet,</strong></span> <span class='ocrx_word' id='word_1_18' title='bbox 437 424 595 466; x_wconf 80' lang='lat' dir='ltr'><strong>Injustum</strong></span> <span class='ocrx_word' id='word_1_19' title='bbox 611 423 760 455; x_wconf 87' lang='lat' dir='ltr'><strong>videlicet</strong></span> <span class='ocrx_word' id='word_1_20' title='bbox 783 433 892 465; x_wconf 83' lang='lat' dir='ltr'><strong>poenas</strong></span> <span class='ocrx_word' id='word_1_21' title='bbox 916 433 1115 465; x_wconf 80' lang='lat' dir='ltr'><strong>nequaquam</strong></span> <span class='ocrx_word' id='word_1_22' title='bbox 1136 422 1210 453; x_wconf 84' lang='lat' dir='ltr'><strong>dare</strong></span> <span class='ocrx_word' id='word_1_23' title='bbox 1238 421 1363 455; x_wconf 88' lang='lat' dir='ltr'><strong>debere.</strong></span> <span class='ocrx_word' id='word_1_24' title='bbox 1407 421 1471 453; x_wconf 81' lang='lat' dir='ltr'><strong>Eu.</strong></span> <span class='ocrx_word' id='word_1_25' title='bbox 1494 421 1555 453; x_wconf 83' lang='lat' dir='ltr'><strong>Ita.</strong></span> <span class='ocrx_word' id='word_1_26' title='bbox 1577 432 1649 455; x_wconf 77' lang='lat' dir='ltr'><strong>vera</strong></span> 
     </span>
     <span class='ocr_line' id='line_1_4' title="bbox 170 476 1647 518; baseline -0.003 -6"><span class='ocrx_word' id='word_1_27' title='bbox 170 480 264 512; x_wconf 43' lang='lat' dir='ltr'><strong>*enim</strong></span> <span class='ocrx_word' id='word_1_28' title='bbox 279 479 454 512; x_wconf 77' lang='lat' dir='ltr'><strong>summatim</strong></span> <span class='ocrx_word' id='word_1_29' title='bbox 469 477 563 516; x_wconf 85' lang='lat' dir='ltr'><strong>dicis,</strong></span> <span class='ocrx_word' id='word_1_30' title='bbox 586 489 606 509; x_wconf 95' lang='grc'><strong>0</strong></span> <span class='ocrx_word' id='word_1_31' title='bbox 621 479 776 510; x_wconf 81' lang='lat' dir='ltr'><strong>Socrates.</strong></span> <span class='ocrx_word' id='word_1_32' title='bbox 820 477 878 509; x_wconf 88' lang='lat' dir='ltr'><strong>So.</strong></span> <span class='ocrx_word' id='word_1_33' title='bbox 902 476 956 508; x_wconf 79' lang='lat' dir='ltr'><strong>De</strong></span> <span class='ocrx_word' id='word_1_34' title='bbox 973 486 1175 518; x_wconf 88' lang='lat' dir='ltr'><strong>unoquoque,</strong></span> <span class='ocrx_word' id='word_1_35' title='bbox 1202 480 1237 506; x_wconf 92' lang='lat' dir='ltr'><strong>ut</strong></span> <span class='ocrx_word' id='word_1_36' title='bbox 1252 480 1343 516; x_wconf 89' lang='lat' dir='ltr'><strong>puto,</strong></span> <span class='ocrx_word' id='word_1_37' title='bbox 1359 486 1465 506; x_wconf 85' lang='lat' dir='ltr'><strong>eorum</strong></span> <span class='ocrx_word' id='word_1_38' title='bbox 1481 477 1552 517; x_wconf 68' lang='lat' dir='ltr'><strong>quae</strong></span> <span class='ocrx_word' id='word_1_39' title='bbox 1563 477 1647 509; x_wconf 81' lang='lat' dir='ltr'><strong>facta</strong></span> 
     </span>
     <span class='ocr_line' id='line_1_5' title="bbox 179 529 1647 576; baseline -0.003 -11"><span class='ocrx_word' id='word_1_40' title='bbox 179 538 264 571; x_wconf 75' lang='lat' dir='ltr'><strong>sunt,</strong></span> <span class='ocrx_word' id='word_1_41' title='bbox 280 534 471 576; x_wconf 86' lang='lat' dir='ltr'><strong>disceptant,</strong></span> <span class='ocrx_word' id='word_1_42' title='bbox 490 544 510 564; x_wconf 93' lang='grc'><strong>0</strong></span> <span class='ocrx_word' id='word_1_43' title='bbox 534 532 759 574; x_wconf 70' lang='lat' dir='ltr'><strong>Euthyphrom</strong></span> <span class='ocrx_word' id='word_1_44' title='bbox 784 530 968 573; x_wconf 78' lang='lat' dir='ltr'><strong>quicunque</strong></span> <span class='ocrx_word' id='word_1_45' title='bbox 982 530 1157 572; x_wconf 82' lang='lat' dir='ltr'><strong>ambigunt,</strong></span> <span class='ocrx_word' id='word_1_46' title='bbox 1182 529 1249 560; x_wconf 75' lang='lat' dir='ltr'><strong>sive</strong></span> <span class='ocrx_word' id='word_1_47' title='bbox 1265 529 1420 566; x_wconf 64' lang='lat' dir='ltr'><strong>homine-⁸1,</strong></span> <span class='ocrx_word' id='word_1_48' title='bbox 1443 529 1508 561; x_wconf 88' lang='lat' dir='ltr'><strong>sive</strong></span> <span class='ocrx_word' id='word_1_49' title='bbox 1531 530 1598 562; x_wconf 85' lang='lat' dir='ltr'><strong>dii:</strong></span> <span class='ocrx_word' id='word_1_50' title='bbox 1623 531 1647 561; x_wconf 87' lang='lat' dir='ltr'><strong>si</strong></span> 
     </span>
     <span class='ocr_line' id='line_1_6' title="bbox 177 583 1648 629; baseline -0.003 -11"><span class='ocrx_word' id='word_1_51' title='bbox 177 587 274 618; x_wconf 85' lang='lat' dir='ltr'><strong>modo</strong></span> <span class='ocrx_word' id='word_1_52' title='bbox 289 587 334 618; x_wconf 88' lang='lat' dir='ltr'><strong>dii</strong></span> <span class='ocrx_word' id='word_1_53' title='bbox 349 587 405 629; x_wconf 87' lang='lat' dir='ltr'><strong>qui</strong></span> <span class='ocrx_word' id='word_1_54' title='bbox 428 586 601 628; x_wconf 81' lang='lat' dir='ltr'><strong>ambigunt,</strong></span> <span class='ocrx_word' id='word_1_55' title='bbox 622 587 698 617; x_wconf 91' lang='lat' dir='ltr'><strong>dum</strong></span> <span class='ocrx_word' id='word_1_56' title='bbox 710 586 753 616; x_wconf 86' lang='lat' dir='ltr'><strong>de</strong></span> <span class='ocrx_word' id='word_1_57' title='bbox 767 585 874 627; x_wconf 83' lang='lat' dir='ltr'><strong>aliqua</strong></span> <span class='ocrx_word' id='word_1_58' title='bbox 885 583 1011 616; x_wconf 77' lang='lat' dir='ltr'><strong>actIone</strong></span> <span class='ocrx_word' id='word_1_59' title='bbox 1033 584 1234 621; x_wconf 84' lang='lat' dir='ltr'><strong>dissentiunt,</strong></span> <span class='ocrx_word' id='word_1_60' title='bbox 1248 583 1362 625; x_wconf 85' lang='lat' dir='ltr'><strong>partim</strong></span> <span class='ocrx_word' id='word_1_61' title='bbox 1377 583 1504 625; x_wconf 87' lang='lat' dir='ltr'><strong>quidem</strong></span> <span class='ocrx_word' id='word_1_62' title='bbox 1516 583 1648 624; x_wconf 85' lang='lat' dir='ltr'><strong>justam,</strong></span> 
     </span>
     <span class='ocr_line' id='line_1_7' title="bbox 180 637 1648 684; baseline -0.002 -12"><span class='ocrx_word' id='word_1_63' title='bbox 180 641 291 684; x_wconf 84' lang='lat' dir='ltr'><strong>partim</strong></span> <span class='ocrx_word' id='word_1_64' title='bbox 305 651 377 673; x_wconf 86' lang='lat' dir='ltr'><strong>vero</strong></span> <span class='ocrx_word' id='word_1_65' title='bbox 391 640 542 683; x_wconf 73' lang='lat' dir='ltr'><strong>injustam</strong></span> <span class='ocrx_word' id='word_1_66' title='bbox 557 640 653 671; x_wconf 81' lang='lat' dir='ltr'><strong>fuisse</strong></span> <span class='ocrx_word' id='word_1_67' title='bbox 675 639 828 671; x_wconf 82' lang='lat' dir='ltr'><strong>dicentes.</strong></span> <span class='ocrx_word' id='word_1_68' title='bbox 852 649 893 670; x_wconf 80' lang='lat' dir='ltr'><strong>an</strong></span> <span class='ocrx_word' id='word_1_69' title='bbox 913 649 978 670; x_wconf 91' lang='lat' dir='ltr'><strong>non</strong></span> <span class='ocrx_word' id='word_1_70' title='bbox 1001 638 1061 669; x_wconf 88' lang='lat' dir='ltr'><strong>isto</strong></span> <span class='ocrx_word' id='word_1_71' title='bbox 1088 638 1209 669; x_wconf 84' lang='lat' dir='ltr'><strong>modo?</strong></span> <span class='ocrx_word' id='word_1_72' title='bbox 1254 637 1318 669; x_wconf 76' lang='lat' dir='ltr'><strong>Eu.</strong></span> <span class='ocrx_word' id='word_1_73' title='bbox 1341 637 1492 669; x_wconf 85' lang='lat' dir='ltr'><strong>Omnino.</strong></span> <span class='ocrx_word' id='word_1_74' title='bbox 1537 638 1595 670; x_wconf 87' lang='lat' dir='ltr'><strong>So.</strong></span> <span class='ocrx_word' id='word_1_75' title='bbox 1618 638 1648 669; x_wconf 94' lang='grc' dir='ltr'>Ο</span> 
     </span>
     <span class='ocr_line' id='line_1_8' title="bbox 178 691 1649 738; baseline -0.003 -11"><span class='ocrx_word' id='word_1_76' title='bbox 178 695 279 727; x_wconf 76' lang='lat' dir='ltr'><strong>ainice</strong></span> <span class='ocrx_word' id='word_1_77' title='bbox 293 695 518 738; x_wconf 76' lang='lat' dir='ltr'><strong>Euthyphron,</strong></span> <span class='ocrx_word' id='word_1_78' title='bbox 532 705 582 726; x_wconf 89' lang='lat' dir='ltr'><strong>me</strong></span> <span class='ocrx_word' id='word_1_79' title='bbox 597 704 738 737; x_wconf 86' lang='lat' dir='ltr'><strong>quoque,</strong></span> <span class='ocrx_word' id='word_1_80' title='bbox 763 693 816 735; x_wconf 82' lang='lat'><strong>[9]</strong></span> <span class='ocrx_word' id='word_1_81' title='bbox 841 697 878 723; x_wconf 92' lang='lat' dir='ltr'><strong>ut</strong></span> <span class='ocrx_word' id='word_1_82' title='bbox 892 691 1063 734; x_wconf 78' lang='lat' dir='ltr'><strong>sapientior</strong></span> <span class='ocrx_word' id='word_1_83' title='bbox 1078 693 1163 729; x_wconf 78' lang='lat' dir='ltr'><strong>fiam,</strong></span> <span class='ocrx_word' id='word_1_84' title='bbox 1189 691 1302 733; x_wconf 82' lang='lat' dir='ltr'>edoce,</span> <span class='ocrx_word' id='word_1_85' title='bbox 1317 701 1380 733; x_wconf 87' lang='lat' dir='ltr'><strong>qua</strong></span> <span class='ocrx_word' id='word_1_86' title='bbox 1394 691 1577 733; x_wconf 84' lang='lat' dir='ltr'><strong>conjectura</strong></span> <span class='ocrx_word' id='word_1_87' title='bbox 1591 702 1649 733; x_wconf 90' lang='lat' dir='ltr'><strong>po-</strong></span> 
     </span>
     <span class='ocr_line' id='line_1_9' title="bbox 177 745 1649 792; baseline -0.004 -10"><span class='ocrx_word' id='word_1_88' title='bbox 177 749 331 782; x_wconf 79' lang='lat' dir='ltr'><strong>tissimum</strong></span> <span class='ocrx_word' id='word_1_89' title='bbox 348 750 469 791; x_wconf 74' lang='lat' dir='ltr'><strong>asseris,</strong></span> <span class='ocrx_word' id='word_1_90' title='bbox 492 749 578 792; x_wconf 89' lang='lat' dir='ltr'><strong>quod</strong></span> <span class='ocrx_word' id='word_1_91' title='bbox 602 749 648 780; x_wconf 91' lang='lat' dir='ltr'><strong>dii</strong></span> <span class='ocrx_word' id='word_1_92' title='bbox 662 748 770 780; x_wconf 87' lang='lat' dir='ltr'><strong>cuncti</strong></span> <span class='ocrx_word' id='word_1_93' title='bbox 781 746 870 778; x_wconf 91' lang='lat' dir='ltr'><strong>illum</strong></span> <span class='ocrx_word' id='word_1_94' title='bbox 885 745 1003 788; x_wconf 86' lang='lat' dir='ltr'><strong>injuste</strong></span> <span class='ocrx_word' id='word_1_95' title='bbox 1021 751 1195 788; x_wconf 84' lang='lat' dir='ltr'><strong>peremtum</strong></span> <span class='ocrx_word' id='word_1_96' title='bbox 1219 745 1409 781; x_wconf 74' lang='lat' dir='ltr'><strong>existiment,</strong></span> <span class='ocrx_word' id='word_1_97' title='bbox 1434 745 1490 787; x_wconf 90' lang='lat' dir='ltr'><strong>qui</strong></span> <span class='ocrx_word' id='word_1_98' title='bbox 1506 746 1649 777; x_wconf 81' lang='lat' dir='ltr'><strong>mercede</strong></span> 
     </span>
     <span class='ocr_line' id='line_1_10' title="bbox 177 798 1649 842; baseline -0.003 -7"><span class='ocrx_word' id='word_1_99' title='bbox 177 803 358 836; x_wconf 84' lang='lat' dir='ltr'><strong>ministrans</strong></span> <span class='ocrx_word' id='word_1_100' title='bbox 372 803 533 835; x_wconf 77' lang='lat' dir='ltr'><strong>homicida</strong></span> <span class='ocrx_word' id='word_1_101' title='bbox 548 803 649 835; x_wconf 84' lang='lat' dir='ltr'><strong>factus</strong></span> <span class='ocrx_word' id='word_1_102' title='bbox 665 803 704 834; x_wconf 90' lang='lat' dir='ltr'><strong>ab</strong></span> <span class='ocrx_word' id='word_1_103' title='bbox 720 801 878 833; x_wconf 83' lang='lat' dir='ltr'><strong>interfecti</strong></span> <span class='ocrx_word' id='word_1_104' title='bbox 891 800 1022 831; x_wconf 89' lang='lat' dir='ltr'><strong>domino</strong></span> <span class='ocrx_word' id='word_1_105' title='bbox 1037 799 1176 840; x_wconf 83' lang='lat' dir='ltr'><strong>vinctus,</strong></span> <span class='ocrx_word' id='word_1_106' title='bbox 1189 798 1323 831; x_wconf 87' lang='lat' dir='ltr'><strong>vinculis</strong></span> <span class='ocrx_word' id='word_1_107' title='bbox 1338 803 1412 830; x_wconf 85' lang='lat' dir='ltr'><strong>ante</strong></span> <span class='ocrx_word' id='word_1_108' title='bbox 1429 799 1530 840; x_wconf 86' lang='lat' dir='ltr'><strong>periit,</strong></span> <span class='ocrx_word' id='word_1_109' title='bbox 1555 809 1649 842; x_wconf 79' lang='lat' dir='ltr'><strong>quam</strong></span> 
     </span>
     <span class='ocr_line' id='line_1_11' title="bbox 176 853 1648 900; baseline -0.004 -11"><span class='ocrx_word' id='word_1_110' title='bbox 176 857 233 900; x_wconf 82' lang='lat' dir='ltr'><strong>qui</strong></span> <span class='ocrx_word' id='word_1_111' title='bbox 249 857 409 900; x_wconf 74' lang='lat' dir='ltr'><strong>ligaverat,</strong></span> <span class='ocrx_word' id='word_1_112' title='bbox 436 868 455 888; x_wconf 85' lang='lat' dir='ltr'><strong>a</strong></span> <span class='ocrx_word' id='word_1_113' title='bbox 477 857 557 899; x_wconf 85' lang='lat' dir='ltr'><strong>juris</strong></span> <span class='ocrx_word' id='word_1_114' title='bbox 572 858 742 898; x_wconf 80' lang='lat' dir='ltr'><strong>interprete</strong></span> <span class='ocrx_word' id='word_1_115' title='bbox 757 855 836 898; x_wconf 86' lang='lat' dir='ltr'><strong>quid</strong></span> <span class='ocrx_word' id='word_1_116' title='bbox 852 855 1011 897; x_wconf 85' lang='lat' dir='ltr'><strong>agendum</strong></span> <span class='ocrx_word' id='word_1_117' title='bbox 1025 858 1229 895; x_wconf 78' lang='lat' dir='ltr'><strong>cognosceret</strong></span> <span class='ocrx_word' id='word_1_118' title='bbox 1244 853 1256 884; x_wconf 89' lang='lat'>?</span> <span class='ocrx_word' id='word_1_119' title='bbox 1278 858 1373 895; x_wconf 86' lang='lat' dir='ltr'><strong>atque</strong></span> <span class='ocrx_word' id='word_1_120' title='bbox 1399 853 1440 883; x_wconf 90' lang='lat' dir='ltr'><strong>ob</strong></span> <span class='ocrx_word' id='word_1_121' title='bbox 1455 854 1514 884; x_wconf 87' lang='grc'><strong>1100</strong></span> <span class='ocrx_word' id='word_1_122' title='bbox 1530 858 1648 884; x_wconf 90' lang='lat' dir='ltr'><strong>rectum</strong></span> 
     </span>
     <span class='ocr_line' id='line_1_12' title="bbox 175 906 1646 954; baseline -0.004 -11"><span class='ocrx_word' id='word_1_123' title='bbox 175 922 256 952; x_wconf 84' lang='lat' dir='ltr'><strong>esse,</strong></span> <span class='ocrx_word' id='word_1_124' title='bbox 273 916 309 943; x_wconf 86' lang='lat' dir='ltr'><strong>ut</strong></span> <span class='ocrx_word' id='word_1_125' title='bbox 322 911 404 943; x_wconf 85' lang='lat' dir='ltr'><strong>filius</strong></span> <span class='ocrx_word' id='word_1_126' title='bbox 420 916 539 954; x_wconf 83' lang='lat' dir='ltr'><strong>patrem</strong></span> <span class='ocrx_word' id='word_1_127' title='bbox 554 909 588 943; x_wconf 84' lang='grc'><strong>111</strong></span> <span class='ocrx_word' id='word_1_128' title='bbox 608 910 724 954; x_wconf 80' lang='lat' dir='ltr'><strong>capitis</strong></span> <span class='ocrx_word' id='word_1_129' title='bbox 750 909 919 942; x_wconf 84' lang='lat' dir='ltr'><strong>discrimen</strong></span> <span class='ocrx_word' id='word_1_130' title='bbox 940 909 1071 940; x_wconf 82' lang='lat' dir='ltr'><strong>inducat</strong></span> <span class='ocrx_word' id='word_1_131' title='bbox 1087 908 1098 939; x_wconf 72' lang='grc' dir='ltr'><strong><em>ἓ</em></strong></span> <span class='ocrx_word' id='word_1_132' title='bbox 1142 907 1227 950; x_wconf 84' lang='lat' dir='ltr'><strong>Age,</strong></span> <span class='ocrx_word' id='word_1_133' title='bbox 1242 907 1384 943; x_wconf 83' lang='lat' dir='ltr'><strong>obsecro,</strong></span> <span class='ocrx_word' id='word_1_134' title='bbox 1407 906 1448 938; x_wconf 93' lang='lat' dir='ltr'><strong>de</strong></span> <span class='ocrx_word' id='word_1_135' title='bbox 1471 907 1510 937; x_wconf 82' lang='lat' dir='ltr'><strong>iis</strong></span> <span class='ocrx_word' id='word_1_136' title='bbox 1525 907 1646 949; x_wconf 77' lang='lat' dir='ltr'><strong>aliquid</strong></span> 
     </span>
     <span class='ocr_line' id='line_1_13' title="bbox 175 961 1649 1008; baseline -0.003 -12"><span class='ocrx_word' id='word_1_137' title='bbox 175 965 250 997; x_wconf 85' lang='lat' dir='ltr'><strong>mihi</strong></span> <span class='ocrx_word' id='word_1_138' title='bbox 265 965 341 998; x_wconf 81' lang='lat' dir='ltr'><strong>clari</strong></span> <span class='ocrx_word' id='word_1_139' title='bbox 355 966 566 998; x_wconf 85' lang='lat' dir='ltr'><strong>demonstrare</strong></span> <span class='ocrx_word' id='word_1_140' title='bbox 581 965 714 1008; x_wconf 84' lang='lat' dir='ltr'><strong>coneris,</strong></span> <span class='ocrx_word' id='word_1_141' title='bbox 732 965 817 1007; x_wconf 89' lang='lat' dir='ltr'><strong>quod</strong></span> <span class='ocrx_word' id='word_1_142' title='bbox 832 963 962 995; x_wconf 89' lang='grc'><strong>0111111110</strong></span> <span class='ocrx_word' id='word_1_143' title='bbox 977 963 1022 994; x_wconf 84' lang='grc'><strong>(111</strong></span> <span class='ocrx_word' id='word_1_144' title='bbox 1037 973 1146 994; x_wconf 85' lang='lat' dir='ltr'><strong>omnes</strong></span> <span class='ocrx_word' id='word_1_145' title='bbox 1162 962 1322 994; x_wconf 84' lang='lat' dir='ltr'><strong>actionem</strong></span> <span class='ocrx_word' id='word_1_146' title='bbox 1338 962 1420 993; x_wconf 78' lang='lat' dir='ltr'><strong>hanc</strong></span> <span class='ocrx_word' id='word_1_147' title='bbox 1434 966 1550 992; x_wconf 86' lang='lat' dir='ltr'><strong>rectam</strong></span> <span class='ocrx_word' id='word_1_148' title='bbox 1565 961 1649 992; x_wconf 80' lang='lat' dir='ltr'><strong>exis-</strong></span> 
     </span>
     <span class='ocr_line' id='line_1_14' title="bbox 175 1014 1647 1063; baseline -0.002 -13"><span class='ocrx_word' id='word_1_149' title='bbox 175 1019 312 1052; x_wconf 80' lang='lat' dir='ltr'><strong>timent:</strong></span> <span class='ocrx_word' id='word_1_150' title='bbox 337 1020 423 1063; x_wconf 87' lang='lat' dir='ltr'><strong>quod</strong></span> <span class='ocrx_word' id='word_1_151' title='bbox 442 1019 468 1051; x_wconf 84' lang='lat' dir='ltr'><strong>si</strong></span> <span class='ocrx_word' id='word_1_152' title='bbox 489 1019 678 1051; x_wconf 81' lang='lat' dir='ltr'><strong>sufficienter</strong></span> <span class='ocrx_word' id='word_1_153' title='bbox 703 1018 888 1056; x_wconf 86' lang='lat' dir='ltr'><strong>ostenderis,</strong></span> <span class='ocrx_word' id='word_1_154' title='bbox 915 1026 1078 1059; x_wconf 80' lang='lat' dir='ltr'><strong>nunquam</strong></span> <span class='ocrx_word' id='word_1_155' title='bbox 1094 1015 1260 1058; x_wconf 81' lang='lat' dir='ltr'><strong>sapientiae</strong></span> <span class='ocrx_word' id='word_1_156' title='bbox 1275 1019 1338 1046; x_wconf 76' lang='lat' dir='ltr'><strong>tum</strong></span> <span class='ocrx_word' id='word_1_157' title='bbox 1353 1015 1461 1046; x_wconf 86' lang='lat' dir='ltr'><strong>laudes</strong></span> <span class='ocrx_word' id='word_1_158' title='bbox 1477 1014 1647 1056; x_wconf 63' lang='lat' dir='ltr'><strong>praedicare</strong></span> 
     </span>
     <span class='ocr_line' id='line_1_15' title="bbox 176 1069 1648 1116; baseline -0.005 -11"><span class='ocrx_word' id='word_1_159' title='bbox 176 1074 337 1107; x_wconf 77' lang='lat' dir='ltr'><strong>desistam.</strong></span> <span class='ocrx_word' id='word_1_160' title='bbox 379 1073 444 1106; x_wconf 85' lang='lat' dir='ltr'><strong>Eu.</strong></span> <span class='ocrx_word' id='word_1_161' title='bbox 467 1074 512 1105; x_wconf 79' lang='lat' dir='ltr'><strong>At</strong></span> <span class='ocrx_word' id='word_1_162' title='bbox 527 1074 606 1105; x_wconf 80' lang='lat' dir='ltr'><strong>forte</strong></span> <span class='ocrx_word' id='word_1_163' title='bbox 621 1084 685 1105; x_wconf 90' lang='lat' dir='ltr'><strong>non</strong></span> <span class='ocrx_word' id='word_1_164' title='bbox 700 1083 830 1116; x_wconf 87' lang='lat' dir='ltr'><strong>parvum</strong></span> <span class='ocrx_word' id='word_1_165' title='bbox 845 1082 926 1114; x_wconf 79' lang='lat' dir='ltr'><strong>opus</strong></span> <span class='ocrx_word' id='word_1_166' title='bbox 941 1077 989 1103; x_wconf 88' lang='lat' dir='ltr'><strong>est</strong></span> <span class='ocrx_word' id='word_1_167' title='bbox 1003 1072 1075 1113; x_wconf 85' lang='lat' dir='ltr'><strong>hoc,</strong></span> <span class='ocrx_word' id='word_1_168' title='bbox 1089 1081 1109 1102; x_wconf 92' lang='grc'><strong>0</strong></span> <span class='ocrx_word' id='word_1_169' title='bbox 1125 1071 1271 1102; x_wconf 83' lang='lat' dir='ltr'><strong>Socrates</strong></span> <span class='ocrx_word' id='word_1_170' title='bbox 1285 1080 1293 1100; x_wconf 88' lang='lat'><strong>:</strong></span> <span class='ocrx_word' id='word_1_171' title='bbox 1318 1069 1350 1100; x_wconf 92' lang='lat' dir='ltr'><strong>id</strong></span> <span class='ocrx_word' id='word_1_172' title='bbox 1367 1074 1471 1100; x_wconf 85' lang='lat' dir='ltr'><strong>tamen</strong></span> <span class='ocrx_word' id='word_1_173' title='bbox 1483 1069 1579 1112; x_wconf 86' lang='lat' dir='ltr'><strong>plane</strong></span> <span class='ocrx_word' id='word_1_174' title='bbox 1590 1069 1648 1099; x_wconf 83' lang='lat' dir='ltr'><strong>ad·</strong></span> 
     </span>
     <span class='ocr_line' id='line_1_16' title="bbox 177 1123 1650 1170; baseline -0.003 -12"><span class='ocrx_word' id='word_1_175' title='bbox 177 1128 306 1159; x_wconf 84' lang='lat' dir='ltr'><strong>modum</strong></span> <span class='ocrx_word' id='word_1_176' title='bbox 321 1127 380 1160; x_wconf 87' lang='lat' dir='ltr'><strong>tibi</strong></span> <span class='ocrx_word' id='word_1_177' title='bbox 395 1129 558 1160; x_wconf 73' lang='lat' dir='ltr'><strong>ostendere</strong></span> <span class='ocrx_word' id='word_1_178' title='bbox 575 1138 710 1170; x_wconf 80' lang='lat' dir='ltr'><strong>possem.</strong></span> <span class='ocrx_word' id='word_1_179' title='bbox 755 1128 812 1159; x_wconf 88' lang='lat' dir='ltr'><strong>So.</strong></span> <span class='ocrx_word' id='word_1_180' title='bbox 834 1126 983 1168; x_wconf 78' lang='lat' dir='ltr'><strong>Intelligo</strong></span> <span class='ocrx_word' id='word_1_181' title='bbox 994 1125 1074 1167; x_wconf 78' lang='lat' dir='ltr'><strong>jam,</strong></span> <span class='ocrx_word' id='word_1_182' title='bbox 1101 1124 1190 1167; x_wconf 88' lang='lat' dir='ltr'><strong>quod</strong></span> <span class='ocrx_word' id='word_1_183' title='bbox 1205 1124 1244 1155; x_wconf 79' lang='lat' dir='ltr'><strong>ad</strong></span> <span class='ocrx_word' id='word_1_184' title='bbox 1261 1123 1499 1166; x_wconf 86' lang='lat' dir='ltr'><strong>percipiendum</strong></span> <span class='ocrx_word' id='word_1_185' title='bbox 1523 1123 1650 1160; x_wconf 82' lang='lat' dir='ltr'><strong>tardior,</strong></span> 
     </span>
     <span class='ocr_line' id='line_1_17' title="bbox 176 1177 1650 1224; baseline -0.004 -10"><span class='ocrx_word' id='word_1_186' title='bbox 176 1193 270 1224; x_wconf 76' lang='lat' dir='ltr'><strong>quam</strong></span> <span class='ocrx_word' id='word_1_187' title='bbox 281 1181 419 1224; x_wconf 83' lang='lat' dir='ltr'><strong>judices,</strong></span> <span class='ocrx_word' id='word_1_188' title='bbox 432 1193 502 1214; x_wconf 84' lang='lat' dir='ltr'><strong>esse</strong></span> <span class='ocrx_word' id='word_1_189' title='bbox 518 1182 574 1214; x_wconf 85' lang='lat' dir='ltr'><strong>tibi</strong></span> <span class='ocrx_word' id='word_1_190' title='bbox 588 1182 696 1214; x_wconf 83' lang='lat' dir='ltr'><strong>videor</strong></span> <span class='ocrx_word' id='word_1_191' title='bbox 709 1193 719 1223; x_wconf 81' lang='lat'><em>3</em></span> <span class='ocrx_word' id='word_1_192' title='bbox 741 1182 864 1224; x_wconf 86' lang='lat' dir='ltr'><strong>quippe</strong></span> <span class='ocrx_word' id='word_1_193' title='bbox 884 1191 956 1212; x_wconf 89' lang='lat' dir='ltr'><strong>cum</strong></span> <span class='ocrx_word' id='word_1_194' title='bbox 982 1180 1044 1211; x_wconf 81' lang='lat' dir='ltr'><strong>illis</strong></span> <span class='ocrx_word' id='word_1_195' title='bbox 1061 1179 1181 1222; x_wconf 89' lang='lat' dir='ltr'><strong>liquido</strong></span> <span class='ocrx_word' id='word_1_196' title='bbox 1197 1183 1422 1209; x_wconf 82' lang='lat' dir='ltr'><strong>monstraturus</strong></span> <span class='ocrx_word' id='word_1_197' title='bbox 1437 1177 1479 1208; x_wconf 83' lang='lat' dir='ltr'><strong>sis</strong></span> <span class='ocrx_word' id='word_1_198' title='bbox 1493 1178 1560 1209; x_wconf 81' lang='lat' dir='ltr'><strong>haec</strong></span> <span class='ocrx_word' id='word_1_199' title='bbox 1581 1187 1650 1209; x_wconf 83' lang='lat' dir='ltr'><strong>esse</strong></span> 
     </span>
     <span class='ocr_line' id='line_1_18' title="bbox 176 1232 1646 1279; baseline -0.003 -12"><span class='ocrx_word' id='word_1_200' title='bbox 176 1235 307 1278; x_wconf 78' lang='lat' dir='ltr'><strong>injusta,</strong></span> <span class='ocrx_word' id='word_1_201' title='bbox 321 1245 494 1279; x_wconf 85' lang='lat' dir='ltr'><strong>omnesque</strong></span> <span class='ocrx_word' id='word_1_202' title='bbox 509 1236 585 1268; x_wconf 80' lang='lat' dir='ltr'><strong>talia</strong></span> <span class='ocrx_word' id='word_1_203' title='bbox 599 1237 677 1268; x_wconf 82' lang='lat' dir='ltr'><strong>deos</strong></span> <span class='ocrx_word' id='word_1_204' title='bbox 704 1237 821 1268; x_wconf 85' lang='lat' dir='ltr'><strong>odisse.</strong></span> <span class='ocrx_word' id='word_1_205' title='bbox 867 1235 933 1268; x_wconf 81' lang='lat' dir='ltr'><strong>Eu.</strong></span> <span class='ocrx_word' id='word_1_206' title='bbox 957 1233 1130 1276; x_wconf 77' lang='lat' dir='ltr'><strong>Perspicue</strong></span> <span class='ocrx_word' id='word_1_207' title='bbox 1153 1233 1299 1270; x_wconf 87' lang='lat' dir='ltr'><strong>nimium,</strong></span> <span class='ocrx_word' id='word_1_208' title='bbox 1323 1243 1342 1263; x_wconf 94' lang='lat' dir='ltr'><strong>o</strong></span> <span class='ocrx_word' id='word_1_209' title='bbox 1364 1232 1529 1271; x_wconf 79' lang='lat' dir='ltr'><strong>Socrates3</strong></span> <span class='ocrx_word' id='word_1_210' title='bbox 1552 1233 1646 1263; x_wconf 90' lang='lat' dir='ltr'><strong>modo</strong></span> 
     </span>
     <span class='ocr_line' id='line_1_19' title="bbox 176 1286 1648 1332; baseline -0.003 -12"><span class='ocrx_word' id='word_1_211' title='bbox 176 1299 228 1320; x_wconf 80' lang='lat' dir='ltr'><strong>me</strong></span> <span class='ocrx_word' id='word_1_212' title='bbox 242 1289 400 1321; x_wconf 79' lang='lat' dir='ltr'><strong>dicentem</strong></span> <span class='ocrx_word' id='word_1_213' title='bbox 421 1289 563 1322; x_wconf 74' lang='lat' dir='ltr'><strong>audiant.</strong></span> <span class='ocrx_word' id='word_1_214' title='bbox 608 1291 667 1322; x_wconf 88' lang='lat' dir='ltr'><strong>So.</strong></span> <span class='ocrx_word' id='word_1_215' title='bbox 691 1289 791 1332; x_wconf 80' lang='lat' dir='ltr'><strong>Atqui</strong></span> <span class='ocrx_word' id='word_1_216' title='bbox 807 1289 953 1329; x_wconf 82' lang='lat' dir='ltr'><strong>audient,</strong></span> <span class='ocrx_word' id='word_1_217' title='bbox 978 1287 1007 1319; x_wconf 89' lang='lat' dir='ltr'><strong>si</strong></span> <span class='ocrx_word' id='word_1_218' title='bbox 1032 1289 1112 1319; x_wconf 91' lang='lat' dir='ltr'><strong>bene</strong></span> <span class='ocrx_word' id='word_1_219' title='bbox 1138 1286 1244 1318; x_wconf 86' lang='lat' dir='ltr'><strong>dicere</strong></span> <span class='ocrx_word' id='word_1_220' title='bbox 1269 1286 1332 1317; x_wconf 74' lang='lat' dir='ltr'><strong>inis</strong></span> <span class='ocrx_word' id='word_1_221' title='bbox 1352 1286 1518 1317; x_wconf 78' lang='lat' dir='ltr'><strong>vide-betis.</strong></span> <span class='ocrx_word' id='word_1_222' title='bbox 1561 1286 1648 1317; x_wconf 82' lang='lat' dir='ltr'><strong>Illud</strong></span> 
     </span>
     <span class='ocr_line' id='line_1_20' title="bbox 175 1340 1648 1386; baseline -0.001 -13"><span class='ocrx_word' id='word_1_223' title='bbox 175 1346 282 1374; x_wconf 75' lang='lat' dir='ltr'><strong>autem</strong></span> <span class='ocrx_word' id='word_1_224' title='bbox 306 1343 457 1384; x_wconf 85' lang='lat' dir='ltr'><strong>loquente</strong></span> <span class='ocrx_word' id='word_1_225' title='bbox 482 1347 514 1374; x_wconf 88' lang='lat' dir='ltr'><strong>te</strong></span> <span class='ocrx_word' id='word_1_226' title='bbox 535 1343 654 1386; x_wconf 82' lang='lat' dir='ltr'><strong>cogito,</strong></span> <span class='ocrx_word' id='word_1_227' title='bbox 675 1347 709 1374; x_wconf 90' lang='lat' dir='ltr'><strong>et</strong></span> <span class='ocrx_word' id='word_1_228' title='bbox 728 1344 768 1374; x_wconf 79' lang='lat' dir='ltr'><strong>ad</strong></span> <span class='ocrx_word' id='word_1_229' title='bbox 792 1343 947 1384; x_wconf 83' lang='lat' dir='ltr'><strong>meipsum</strong></span> <span class='ocrx_word' id='word_1_230' title='bbox 970 1341 1107 1373; x_wconf 80' lang='lat' dir='ltr'><strong>referens</strong></span> <span class='ocrx_word' id='word_1_231' title='bbox 1133 1340 1360 1378; x_wconf 72' lang='lat' dir='ltr'><strong>animadverto,</strong></span> <span class='ocrx_word' id='word_1_232' title='bbox 1387 1341 1484 1377; x_wconf 86' lang='lat' dir='ltr'><strong>Quod</strong></span> <span class='ocrx_word' id='word_1_233' title='bbox 1510 1340 1583 1372; x_wconf 86' lang='lat' dir='ltr'><strong>licet</strong></span> <span class='ocrx_word' id='word_1_234' title='bbox 1598 1340 1648 1371; x_wconf 89' lang='lat' dir='ltr'><strong>vel</strong></span> 
     </span>
     <span class='ocr_line' id='line_1_21' title="bbox 175 1393 1649 1440; baseline -0.002 -12"><span class='ocrx_word' id='word_1_235' title='bbox 175 1397 310 1428; x_wconf 59' lang='lat' dir='ltr'><strong>maxime</strong></span> <span class='ocrx_word' id='word_1_236' title='bbox 328 1396 541 1440; x_wconf 72' lang='lat' dir='ltr'><strong>-Eutliyplrron</strong></span> <span class='ocrx_word' id='word_1_237' title='bbox 566 1408 618 1429; x_wconf 84' lang='lat' dir='ltr'><strong>me</strong></span> <span class='ocrx_word' id='word_1_238' title='bbox 642 1397 768 1434; x_wconf 84' lang='lat' dir='ltr'><strong>doceat,</strong></span> <span class='ocrx_word' id='word_1_239' title='bbox 788 1397 867 1429; x_wconf 86' lang='lat' dir='ltr'><strong>deos</strong></span> <span class='ocrx_word' id='word_1_240' title='bbox 892 1406 1001 1428; x_wconf 86' lang='lat' dir='ltr'><strong>omnes</strong></span> <span class='ocrx_word' id='word_1_241' title='bbox 1024 1396 1106 1427; x_wconf 80' lang='lat' dir='ltr'><strong>hanc</strong></span> <span class='ocrx_word' id='word_1_242' title='bbox 1121 1400 1250 1426; x_wconf 86' lang='lat' dir='ltr'><strong>mortem</strong></span> <span class='ocrx_word' id='word_1_243' title='bbox 1267 1393 1418 1436; x_wconf 83' lang='lat' dir='ltr'><strong>injustam</strong></span> <span class='ocrx_word' id='word_1_244' title='bbox 1442 1395 1569 1432; x_wconf 83' lang='lat' dir='ltr'><strong>ducere,</strong></span> <span class='ocrx_word' id='word_1_245' title='bbox 1591 1395 1649 1436; x_wconf 89' lang='lat' dir='ltr'><strong>qui</strong></span> 
     </span>
     <span class='ocr_line' id='line_1_22' title="bbox 177 1447 1648 1494; baseline -0.002 -12"><span class='ocrx_word' id='word_1_246' title='bbox 177 1450 276 1493; x_wconf 74' lang='lat' dir='ltr'><strong>magis</strong></span> <span class='ocrx_word' id='word_1_247' title='bbox 296 1451 371 1483; x_wconf 85' lang='lat' dir='ltr'><strong>inde</strong></span> <span class='ocrx_word' id='word_1_248' title='bbox 393 1451 433 1482; x_wconf 80' lang='lat' dir='ltr'><strong>ab</strong></span> <span class='ocrx_word' id='word_1_249' title='bbox 458 1450 690 1494; x_wconf 73' lang='lat' dir='ltr'><strong>Euthyphrone</strong></span> <span class='ocrx_word' id='word_1_250' title='bbox 713 1451 868 1488; x_wconf 85' lang='lat' dir='ltr'><strong>didicero,</strong></span> <span class='ocrx_word' id='word_1_251' title='bbox 897 1450 973 1492; x_wconf 87' lang='lat' dir='ltr'><strong>quid</strong></span> <span class='ocrx_word' id='word_1_252' title='bbox 998 1454 1156 1491; x_wconf 85' lang='lat' dir='ltr'><strong>sanctum,</strong></span> <span class='ocrx_word' id='word_1_253' title='bbox 1176 1447 1294 1491; x_wconf 88' lang='lat' dir='ltr'><strong>quidve</strong></span> <span class='ocrx_word' id='word_1_254' title='bbox 1309 1449 1474 1490; x_wconf 77' lang='lat' dir='ltr'><strong>profanum</strong></span> <span class='ocrx_word' id='word_1_255' title='bbox 1497 1448 1562 1480; x_wconf 81' lang='lat' dir='ltr'><strong>sit?</strong></span> <span class='ocrx_word' id='word_1_256' title='bbox 1586 1450 1648 1480; x_wconf 91' lang='lat' dir='ltr'><strong>deo</strong></span> 
     </span>
     <span class='ocr_line' id='line_1_23' title="bbox 175 1503 1648 1548; baseline -0.001 -12"><span class='ocrx_word' id='word_1_257' title='bbox 175 1505 305 1548; x_wconf 81' lang='lat' dir='ltr'><strong>quidem</strong></span> <span class='ocrx_word' id='word_1_258' title='bbox 319 1504 482 1537; x_wconf 83' lang='lat' dir='ltr'><strong>inimicum</strong></span> <span class='ocrx_word' id='word_1_259' title='bbox 506 1516 586 1548; x_wconf 89' lang='lat' dir='ltr'><strong>opus</strong></span> <span class='ocrx_word' id='word_1_260' title='bbox 609 1506 670 1538; x_wconf 86' lang='lat' dir='ltr'><strong>hoc</strong></span> <span class='ocrx_word' id='word_1_261' title='bbox 692 1510 796 1538; x_wconf 69' lang='lat' dir='ltr'><strong>esset:</strong></span> <span class='ocrx_word' id='word_1_262' title='bbox 820 1510 959 1537; x_wconf 79' lang='lat' dir='ltr'><strong>attamen</strong></span> <span class='ocrx_word' id='word_1_263' title='bbox 982 1505 1022 1536; x_wconf 83' lang='lat' dir='ltr'><strong>ab</strong></span> <span class='ocrx_word' id='word_1_264' title='bbox 1041 1505 1103 1536; x_wconf 84' lang='lat' dir='ltr'><strong>hoc</strong></span> <span class='ocrx_word' id='word_1_265' title='bbox 1127 1504 1223 1546; x_wconf 81' lang='lat' dir='ltr'><strong>paulo</strong></span> <span class='ocrx_word' id='word_1_266' title='bbox 1249 1508 1323 1535; x_wconf 88' lang='lat' dir='ltr'><strong>ante</strong></span> <span class='ocrx_word' id='word_1_267' title='bbox 1347 1503 1484 1535; x_wconf 83' lang='lat' dir='ltr'><strong>discreta</strong></span> <span class='ocrx_word' id='word_1_268' title='bbox 1497 1503 1565 1535; x_wconf 85' lang='lat' dir='ltr'><strong>haec</strong></span> <span class='ocrx_word' id='word_1_269' title='bbox 1580 1514 1648 1535; x_wconf 87' lang='lat' dir='ltr'><strong>esse</strong></span> 
     </span>
     <span class='ocr_line' id='line_1_24' title="bbox 178 1558 1648 1602; baseline 0 -12"><span class='ocrx_word' id='word_1_270' title='bbox 178 1558 304 1590; x_wconf 84' lang='lat' dir='ltr'><strong>minime</strong></span> <span class='ocrx_word' id='word_1_271' title='bbox 319 1559 383 1591; x_wconf 80' lang='lat' dir='ltr'><strong>visa</strong></span> <span class='ocrx_word' id='word_1_272' title='bbox 397 1565 483 1602; x_wconf 87' lang='lat' dir='ltr'><strong>sunt,</strong></span> <span class='ocrx_word' id='word_1_273' title='bbox 497 1565 640 1592; x_wconf 80' lang='lat' dir='ltr'><strong>sanctum</strong></span> <span class='ocrx_word' id='word_1_274' title='bbox 655 1560 789 1601; x_wconf 85' lang='lat' dir='ltr'><strong>scilicet,</strong></span> <span class='ocrx_word' id='word_1_275' title='bbox 815 1565 849 1591; x_wconf 90' lang='lat' dir='ltr'><strong>et</strong></span> <span class='ocrx_word' id='word_1_276' title='bbox 862 1570 927 1591; x_wconf 88' lang='lat' dir='ltr'><strong>non</strong></span> <span class='ocrx_word' id='word_1_277' title='bbox 950 1564 1091 1591; x_wconf 82' lang='lat' dir='ltr'><strong>sanctum</strong></span> <span class='ocrx_word' id='word_1_278' title='bbox 1107 1570 1115 1589; x_wconf 72' lang='grc' dir='ltr'><strong>ι</strong></span> <span class='ocrx_word' id='word_1_279' title='bbox 1139 1559 1226 1600; x_wconf 85' lang='lat' dir='ltr'><strong>quod</strong></span> <span class='ocrx_word' id='word_1_280' title='bbox 1242 1558 1326 1590; x_wconf 87' lang='lat' dir='ltr'><strong>enim</strong></span> <span class='ocrx_word' id='word_1_281' title='bbox 1341 1558 1404 1589; x_wconf 92' lang='lat' dir='ltr'><strong>deo</strong></span> <span class='ocrx_word' id='word_1_282' title='bbox 1416 1558 1562 1596; x_wconf 85' lang='lat' dir='ltr'><strong>amicum,</strong></span> <span class='ocrx_word' id='word_1_283' title='bbox 1585 1559 1648 1590; x_wconf 80' lang='lat' dir='ltr'><strong>deo</strong></span> 
     </span>
     <span class='ocr_line' id='line_1_25' title="bbox 176 1611 1648 1656; baseline -0.001 -12"><span class='ocrx_word' id='word_1_284' title='bbox 176 1611 273 1644; x_wconf 69' lang='lat' dir='ltr'><strong>etiam</strong></span> <span class='ocrx_word' id='word_1_285' title='bbox 289 1613 452 1645; x_wconf 88' lang='lat' dir='ltr'><strong>inimicum</strong></span> <span class='ocrx_word' id='word_1_286' title='bbox 475 1615 633 1656; x_wconf 79' lang='lat' dir='ltr'><strong>apparuit.</strong></span> <span class='ocrx_word' id='word_1_287' title='bbox 680 1615 894 1652; x_wconf 81' lang='lat' dir='ltr'><strong>Quamobrem</strong></span> <span class='ocrx_word' id='word_1_288' title='bbox 912 1614 974 1645; x_wconf 87' lang='grc'><strong>1100</strong></span> <span class='ocrx_word' id='word_1_289' title='bbox 999 1612 1058 1644; x_wconf 90' lang='lat' dir='ltr'><strong>tibi</strong></span> <span class='ocrx_word' id='word_1_290' title='bbox 1082 1612 1249 1649; x_wconf 82' lang='lat' dir='ltr'><strong>dimittam,</strong></span> <span class='ocrx_word' id='word_1_291' title='bbox 1271 1623 1291 1644; x_wconf 95' lang='grc'><strong>0</strong></span> <span class='ocrx_word' id='word_1_292' title='bbox 1316 1612 1549 1655; x_wconf 77' lang='lat' dir='ltr'><strong>Euthyphron:</strong></span> <span class='ocrx_word' id='word_1_293' title='bbox 1574 1618 1608 1645; x_wconf 86' lang='lat' dir='ltr'><strong>et</strong></span> <span class='ocrx_word' id='word_1_294' title='bbox 1622 1613 1648 1643; x_wconf 77' lang='lat' dir='ltr'><strong>si</strong></span> 
     </span>
     <span class='ocr_line' id='line_1_26' title="bbox 176 1666 1648 1711; baseline 0.001 -13"><span class='ocrx_word' id='word_1_295' title='bbox 176 1667 235 1705; x_wconf 81' lang='lat' dir='ltr'><strong>vis,</strong></span> <span class='ocrx_word' id='word_1_296' title='bbox 251 1667 299 1699; x_wconf 85' lang='lat' dir='ltr'><strong>dii</strong></span> <span class='ocrx_word' id='word_1_297' title='bbox 312 1678 420 1700; x_wconf 84' lang='lat' dir='ltr'><strong>onmes</strong></span> <span class='ocrx_word' id='word_1_298' title='bbox 433 1668 587 1710; x_wconf 83' lang='lat' dir='ltr'><strong>injustum</strong></span> <span class='ocrx_word' id='word_1_299' title='bbox 603 1674 728 1711; x_wconf 88' lang='lat' dir='ltr'><strong>putent,</strong></span> <span class='ocrx_word' id='word_1_300' title='bbox 740 1675 773 1700; x_wconf 92' lang='lat' dir='ltr'><strong>et</strong></span> <span class='ocrx_word' id='word_1_301' title='bbox 787 1668 924 1700; x_wconf 85' lang='lat' dir='ltr'><strong>oderint.</strong></span> <span class='ocrx_word' id='word_1_302' title='bbox 970 1667 1196 1699; x_wconf 80' lang='lat' dir='ltr'><strong>Verumtam&#39;en</strong></span> <span class='ocrx_word' id='word_1_303' title='bbox 1211 1667 1295 1698; x_wconf 79' lang='lat' dir='ltr'><strong>istud</strong></span> <span class='ocrx_word' id='word_1_304' title='bbox 1315 1666 1382 1708; x_wconf 85' lang='lat' dir='ltr'><strong>jam</strong></span> <span class='ocrx_word' id='word_1_305' title='bbox 1397 1666 1430 1697; x_wconf 91' lang='lat' dir='ltr'><strong>in</strong></span> <span class='ocrx_word' id='word_1_306' title='bbox 1447 1677 1587 1698; x_wconf 84' lang='lat' dir='ltr'><strong>sermone</strong></span> <span class='ocrx_word' id='word_1_307' title='bbox 1602 1666 1648 1699; x_wconf 87' lang='lat' dir='ltr'><strong>sic</strong></span> 
     </span>
     <span class='ocr_line' id='line_1_27' title="bbox 175 1721 1646 1765; baseline -0.001 -12"><span class='ocrx_word' id='word_1_308' title='bbox 175 1722 390 1759; x_wconf 82' lang='lat' dir='ltr'><strong>emendemus,</strong></span> <span class='ocrx_word' id='word_1_309' title='bbox 412 1727 458 1760; x_wconf 84' lang='lat' dir='ltr'><strong>ut,</strong></span> <span class='ocrx_word' id='word_1_310' title='bbox 481 1723 567 1765; x_wconf 84' lang='lat' dir='ltr'><strong>quod</strong></span> <span class='ocrx_word' id='word_1_311' title='bbox 592 1723 638 1755; x_wconf 90' lang='lat' dir='ltr'><strong>dii</strong></span> <span class='ocrx_word' id='word_1_312' title='bbox 663 1733 772 1755; x_wconf 82' lang='lat' dir='ltr'><strong>omnes</strong></span> <span class='ocrx_word' id='word_1_313' title='bbox 791 1722 926 1760; x_wconf 84' lang='lat' dir='ltr'><strong>oderint,</strong></span> <span class='ocrx_word' id='word_1_314' title='bbox 947 1721 1132 1764; x_wconf 83' lang='lat' dir='ltr'><strong>profanum;</strong></span> <span class='ocrx_word' id='word_1_315' title='bbox 1156 1721 1242 1763; x_wconf 91' lang='lat' dir='ltr'><strong>quod</strong></span> <span class='ocrx_word' id='word_1_316' title='bbox 1268 1726 1377 1752; x_wconf 83' lang='lat' dir='ltr'><strong>contra</strong></span> <span class='ocrx_word' id='word_1_317' title='bbox 1394 1731 1502 1752; x_wconf 85' lang='lat' dir='ltr'><strong>omnes</strong></span> <span class='ocrx_word' id='word_1_318' title='bbox 1526 1726 1646 1762; x_wconf 84' lang='lat' dir='ltr'><strong>ament,</strong></span> 
     </span>
     <span class='ocr_line' id='line_1_28' title="bbox 176 1775 1649 1820; baseline -0.001 -13"><span class='ocrx_word' id='word_1_319' title='bbox 176 1781 318 1808; x_wconf 82' lang='lat' dir='ltr'><strong>sanctum</strong></span> <span class='ocrx_word' id='word_1_320' title='bbox 334 1777 385 1809; x_wconf 90' lang='lat' dir='ltr'><strong>sit.</strong></span> <span class='ocrx_word' id='word_1_321' title='bbox 407 1787 479 1820; x_wconf 74' lang='lat' dir='ltr'><strong>quae</strong></span> <span class='ocrx_word' id='word_1_322' title='bbox 493 1788 565 1809; x_wconf 82' lang='lat' dir='ltr'><strong>vero</strong></span> <span class='ocrx_word' id='word_1_323' title='bbox 581 1778 693 1820; x_wconf 77' lang='lat' dir='ltr'><strong>partim</strong></span> <span class='ocrx_word' id='word_1_324' title='bbox 708 1782 827 1819; x_wconf 88' lang='lat' dir='ltr'><strong>ament,</strong></span> <span class='ocrx_word' id='word_1_325' title='bbox 842 1777 955 1818; x_wconf 83' lang='lat' dir='ltr'><strong>partim</strong></span> <span class='ocrx_word' id='word_1_326' title='bbox 971 1775 1107 1813; x_wconf 85' lang='lat' dir='ltr'><strong>oderint,</strong></span> <span class='ocrx_word' id='word_1_327' title='bbox 1133 1780 1244 1807; x_wconf 88' lang='lat' dir='ltr'><strong>neutra</strong></span> <span class='ocrx_word' id='word_1_328' title='bbox 1273 1775 1347 1812; x_wconf 83' lang='lat' dir='ltr'><strong>siut,</strong></span> <span class='ocrx_word' id='word_1_329' title='bbox 1372 1775 1420 1806; x_wconf 84' lang='lat' dir='ltr'><strong>vel</strong></span> <span class='ocrx_word' id='word_1_330' title='bbox 1436 1775 1528 1806; x_wconf 88' lang='lat' dir='ltr'><strong>simul</strong></span> <span class='ocrx_word' id='word_1_331' title='bbox 1543 1775 1649 1806; x_wconf 86' lang='lat' dir='ltr'><strong>ambo.</strong></span> 
     </span>
     <span class='ocr_line' id='line_1_29' title="bbox 178 1828 1645 1874; baseline -0.001 -12"><span class='ocrx_word' id='word_1_332' title='bbox 178 1830 265 1862; x_wconf 83' lang='lat' dir='ltr'><strong>Num</strong></span> <span class='ocrx_word' id='word_1_333' title='bbox 289 1831 334 1862; x_wconf 73' lang='lat' dir='ltr'><strong>ita</strong></span> <span class='ocrx_word' id='word_1_334' title='bbox 347 1831 393 1863; x_wconf 83' lang='lat' dir='ltr'><strong>vis</strong></span> <span class='ocrx_word' id='word_1_335' title='bbox 414 1842 498 1863; x_wconf 80' lang='grc'><strong>1111110</strong></span> <span class='ocrx_word' id='word_1_336' title='bbox 523 1837 679 1869; x_wconf 81' lang='lat' dir='ltr'><strong>sanctum,</strong></span> <span class='ocrx_word' id='word_1_337' title='bbox 704 1836 738 1863; x_wconf 90' lang='lat' dir='ltr'><strong>et</strong></span> <span class='ocrx_word' id='word_1_338' title='bbox 762 1832 927 1874; x_wconf 85' lang='lat' dir='ltr'><strong>profanum</strong></span> <span class='ocrx_word' id='word_1_339' title='bbox 951 1831 1043 1862; x_wconf 85' lang='lat' dir='ltr'><strong>nobis</strong></span> <span class='ocrx_word' id='word_1_340' title='bbox 1065 1840 1135 1861; x_wconf 81' lang='lat' dir='ltr'><strong>esse</strong></span> <span class='ocrx_word' id='word_1_341' title='bbox 1159 1829 1368 1861; x_wconf 88' lang='lat' dir='ltr'><strong>distinctum?</strong></span> <span class='ocrx_word' id='word_1_342' title='bbox 1411 1828 1476 1862; x_wconf 82' lang='lat' dir='ltr'><strong>Eu.</strong></span> <span class='ocrx_word' id='word_1_343' title='bbox 1500 1830 1600 1868; x_wconf 88' lang='lat' dir='ltr'><strong>Quid,</strong></span> <span class='ocrx_word' id='word_1_344' title='bbox 1625 1841 1645 1861; x_wconf 94' lang='grc'><strong>0</strong></span> 
     </span>
     <span class='ocr_line' id='line_1_30' title="bbox 176 1884 1645 1928; baseline 0 -12"><span class='ocrx_word' id='word_1_345' title='bbox 176 1886 335 1926; x_wconf 80' lang='lat' dir='ltr'><strong>Socrates,</strong></span> <span class='ocrx_word' id='word_1_346' title='bbox 350 1886 521 1928; x_wconf 84' lang='lat' dir='ltr'><strong>prohibet?</strong></span> <span class='ocrx_word' id='word_1_347' title='bbox 565 1886 625 1919; x_wconf 85' lang='lat' dir='ltr'><strong>So.</strong></span> <span class='ocrx_word' id='word_1_348' title='bbox 648 1885 737 1917; x_wconf 88' lang='lat' dir='ltr'><strong>Nihil</strong></span> <span class='ocrx_word' id='word_1_349' title='bbox 751 1886 792 1917; x_wconf 87' lang='lat' dir='ltr'><strong>ad</strong></span> <span class='ocrx_word' id='word_1_350' title='bbox 809 1896 871 1927; x_wconf 86' lang='lat' dir='ltr'><strong>me,</strong></span> <span class='ocrx_word' id='word_1_351' title='bbox 885 1895 905 1917; x_wconf 93' lang='grc'><strong>0</strong></span> <span class='ocrx_word' id='word_1_352' title='bbox 921 1885 1133 1928; x_wconf 79' lang='lat' dir='ltr'><strong>Euthyphron</strong></span> <span class='ocrx_word' id='word_1_353' title='bbox 1148 1895 1157 1915; x_wconf 74' lang='grc' dir='ltr'><strong><em>ι</em></strong></span> <span class='ocrx_word' id='word_1_354' title='bbox 1181 1884 1238 1916; x_wconf 76' lang='lat' dir='ltr'><strong>sod</strong></span> <span class='ocrx_word' id='word_1_355' title='bbox 1255 1888 1302 1925; x_wconf 82' lang='lat' dir='ltr'><strong>tu,</strong></span> <span class='ocrx_word' id='word_1_356' title='bbox 1315 1884 1401 1926; x_wconf 87' lang='lat' dir='ltr'><strong>quod</strong></span> <span class='ocrx_word' id='word_1_357' title='bbox 1417 1884 1457 1915; x_wconf 85' lang='lat' dir='ltr'><strong>ad</strong></span> <span class='ocrx_word' id='word_1_358' title='bbox 1473 1888 1504 1914; x_wconf 88' lang='lat' dir='ltr'><strong>te</strong></span> <span class='ocrx_word' id='word_1_359' title='bbox 1520 1884 1645 1921; x_wconf 83' lang='lat' dir='ltr'><strong>attinet,</strong></span> 
     </span>
     <span class='ocr_line' id='line_1_31' title="bbox 175 1937 1648 1983; baseline -0.001 -12"><span class='ocrx_word' id='word_1_360' title='bbox 175 1940 294 1982; x_wconf 80' lang='lat' dir='ltr'><strong>cogita,</strong></span> <span class='ocrx_word' id='word_1_361' title='bbox 307 1945 411 1971; x_wconf 87' lang='lat' dir='ltr'><strong>utrum</strong></span> <span class='ocrx_word' id='word_1_362' title='bbox 424 1940 485 1972; x_wconf 83' lang='lat' dir='ltr'><strong>ista</strong></span> <span class='ocrx_word' id='word_1_363' title='bbox 498 1951 633 1983; x_wconf 85' lang='lat' dir='ltr'><strong>ponens,</strong></span> <span class='ocrx_word' id='word_1_364' title='bbox 649 1940 696 1972; x_wconf 88' lang='lat' dir='ltr'><strong>sic</strong></span> <span class='ocrx_word' id='word_1_365' title='bbox 711 1951 761 1972; x_wconf 91' lang='lat' dir='ltr'><strong>me</strong></span> <span class='ocrx_word' id='word_1_366' title='bbox 772 1940 878 1978; x_wconf 82' lang='lat' dir='ltr'><strong>facile,</strong></span> <span class='ocrx_word' id='word_1_367' title='bbox 894 1940 980 1983; x_wconf 89' lang='lat' dir='ltr'><strong>quod</strong></span> <span class='ocrx_word' id='word_1_368' title='bbox 996 1939 1156 1982; x_wconf 72' lang='lat' dir='ltr'><strong>pollicitus</strong></span> <span class='ocrx_word' id='word_1_369' title='bbox 1170 1949 1216 1976; x_wconf 83' lang='lat' dir='ltr'><strong>es,</strong></span> <span class='ocrx_word' id='word_1_370' title='bbox 1231 1939 1358 1971; x_wconf 88' lang='lat' dir='ltr'><strong>doceas.</strong></span> <span class='ocrx_word' id='word_1_371' title='bbox 1402 1937 1468 1971; x_wconf 82' lang='lat' dir='ltr'><strong>Eu.</strong></span> <span class='ocrx_word' id='word_1_372' title='bbox 1490 1937 1648 1980; x_wconf 86' lang='lat' dir='ltr'><strong>Equidem</strong></span> 
     </span>
     <span class='ocr_line' id='line_1_32' title="bbox 177 1993 1648 2037; baseline -0.002 -11"><span class='ocrx_word' id='word_1_373' title='bbox 177 1999 336 2037; x_wconf 79' lang='lat' dir='ltr'><strong>sanctum,</strong></span> <span class='ocrx_word' id='word_1_374' title='bbox 351 1995 436 2037; x_wconf 86' lang='lat' dir='ltr'><strong>quod</strong></span> <span class='ocrx_word' id='word_1_375' title='bbox 451 1995 499 2026; x_wconf 82' lang='lat' dir='ltr'><strong>dii</strong></span> <span class='ocrx_word' id='word_1_376' title='bbox 514 2006 623 2027; x_wconf 85' lang='lat' dir='ltr'><strong>omnes</strong></span> <span class='ocrx_word' id='word_1_377' title='bbox 638 2001 758 2037; x_wconf 79' lang='lat' dir='ltr'><strong>ament,</strong></span> <span class='ocrx_word' id='word_1_378' title='bbox 781 2006 849 2027; x_wconf 84' lang='lat' dir='ltr'><strong>esse</strong></span> <span class='ocrx_word' id='word_1_379' title='bbox 863 1995 975 2026; x_wconf 82' lang='lat' dir='ltr'><strong>faterer</strong></span> <span class='ocrx_word' id='word_1_380' title='bbox 988 2006 996 2026; x_wconf 73' lang='grc' dir='ltr'><strong>ε</strong></span> <span class='ocrx_word' id='word_1_381' title='bbox 1021 1994 1185 2036; x_wconf 85' lang='lat' dir='ltr'><strong>profanum</strong></span> <span class='ocrx_word' id='word_1_382' title='bbox 1202 1998 1323 2032; x_wconf 85' lang='lat' dir='ltr'><strong>contra,</strong></span> <span class='ocrx_word' id='word_1_383' title='bbox 1345 1993 1431 2035; x_wconf 90' lang='lat' dir='ltr'><strong>quod</strong></span> <span class='ocrx_word' id='word_1_384' title='bbox 1448 2003 1555 2024; x_wconf 84' lang='lat' dir='ltr'><strong>omnes</strong></span> <span class='ocrx_word' id='word_1_385' title='bbox 1570 1994 1648 2024; x_wconf 86' lang='lat' dir='ltr'><strong>ode-</strong></span> 
     </span>
     <span class='ocr_line' id='line_1_33' title="bbox 179 2047 1648 2090; baseline -0.001 -10"><span class='ocrx_word' id='word_1_386' title='bbox 179 2048 253 2080; x_wconf 76' lang='lat' dir='ltr'><strong>rint.</strong></span> <span class='ocrx_word' id='word_1_387' title='bbox 297 2050 353 2081; x_wconf 84' lang='lat' dir='ltr'><strong>So.</strong></span> <span class='ocrx_word' id='word_1_388' title='bbox 376 2048 430 2080; x_wconf 85' lang='lat' dir='ltr'><strong>An</strong></span> <span class='ocrx_word' id='word_1_389' title='bbox 453 2050 515 2082; x_wconf 86' lang='lat' dir='ltr'><strong>hec</strong></span> <span class='ocrx_word' id='word_1_390' title='bbox 538 2050 651 2082; x_wconf 86' lang='lat' dir='ltr'><strong>iterum</strong></span> <span class='ocrx_word' id='word_1_391' title='bbox 672 2050 921 2090; x_wconf 87' lang='lat' dir='ltr'><strong>discutiendum,</strong></span> <span class='ocrx_word' id='word_1_392' title='bbox 946 2054 1049 2081; x_wconf 90' lang='lat' dir='ltr'><strong>utrum</strong></span> <span class='ocrx_word' id='word_1_393' title='bbox 1071 2053 1156 2080; x_wconf 86' lang='lat' dir='ltr'><strong>recte</strong></span> <span class='ocrx_word' id='word_1_394' title='bbox 1177 2048 1301 2079; x_wconf 85' lang='lat' dir='ltr'><strong>dicatur</strong></span> <span class='ocrx_word' id='word_1_395' title='bbox 1322 2048 1443 2080; x_wconf 86' lang='lat' dir='ltr'><strong>necne?</strong></span> <span class='ocrx_word' id='word_1_396' title='bbox 1471 2047 1518 2080; x_wconf 81' lang='lat' dir='ltr'><strong>vel</strong></span> <span class='ocrx_word' id='word_1_397' title='bbox 1542 2048 1648 2089; x_wconf 84' lang='lat' dir='ltr'><strong>potius</strong></span> 
     </span>
     <span class='ocr_line' id='line_1_34' title="bbox 177 2101 1646 2146; baseline -0.001 -12"><span class='ocrx_word' id='word_1_398' title='bbox 177 2103 400 2145; x_wconf 67' lang='lat' dir='ltr'><strong>mittendum,</strong></span> <span class='ocrx_word' id='word_1_399' title='bbox 416 2108 510 2146; x_wconf 79' lang='lat' dir='ltr'><strong>atque</strong></span> <span class='ocrx_word' id='word_1_400' title='bbox 523 2104 567 2136; x_wconf 89' lang='lat' dir='ltr'><strong>ita</strong></span> <span class='ocrx_word' id='word_1_401' title='bbox 580 2109 613 2136; x_wconf 86' lang='lat' dir='ltr'><strong>et</strong></span> <span class='ocrx_word' id='word_1_402' title='bbox 627 2104 719 2136; x_wconf 87' lang='lat' dir='ltr'><strong>uobis</strong></span> <span class='ocrx_word' id='word_1_403' title='bbox 734 2105 810 2146; x_wconf 87' lang='lat' dir='ltr'><strong>ipsis</strong></span> <span class='ocrx_word' id='word_1_404' title='bbox 824 2109 857 2136; x_wconf 90' lang='lat' dir='ltr'><strong>et</strong></span> <span class='ocrx_word' id='word_1_405' title='bbox 869 2104 938 2135; x_wconf 86' lang='lat' dir='ltr'><strong>aliis</strong></span> <span class='ocrx_word' id='word_1_406' title='bbox 953 2103 1118 2145; x_wconf 84' lang='lat' dir='ltr'><strong>indulgere</strong></span> <span class='ocrx_word' id='word_1_407' title='bbox 1132 2103 1296 2140; x_wconf 85' lang='lat' dir='ltr'><strong>debemus,</strong></span> <span class='ocrx_word' id='word_1_408' title='bbox 1306 2107 1341 2133; x_wconf 89' lang='lat' dir='ltr'><strong>ut</strong></span> <span class='ocrx_word' id='word_1_409' title='bbox 1354 2102 1511 2144; x_wconf 80' lang='lat' dir='ltr'><strong>quidquid</strong></span> <span class='ocrx_word' id='word_1_410' title='bbox 1524 2101 1646 2133; x_wconf 87' lang='lat' dir='ltr'><strong>dictum</strong></span> 
     </span>
     <span class='ocr_line' id='line_1_35' title="bbox 177 2156 1647 2202; baseline -0.001 -13"><span class='ocrx_word' id='word_1_411' title='bbox 177 2157 282 2195; x_wconf 73' lang='lat' dir='ltr'><strong>fuerit,</strong></span> <span class='ocrx_word' id='word_1_412' title='bbox 297 2158 496 2190; x_wconf 78' lang='lat' dir='ltr'><strong>admittamus</strong></span> <span class='ocrx_word' id='word_1_413' title='bbox 510 2159 522 2190; x_wconf 86' lang='lat'><strong>?</strong></span> <span class='ocrx_word' id='word_1_414' title='bbox 545 2169 585 2190; x_wconf 85' lang='lat' dir='ltr'><strong>an</strong></span> <span class='ocrx_word' id='word_1_415' title='bbox 599 2159 686 2202; x_wconf 88' lang='lat' dir='ltr'><strong>quod</strong></span> <span class='ocrx_word' id='word_1_416' title='bbox 707 2160 841 2201; x_wconf 87' lang='lat' dir='ltr'><strong>dictum,</strong></span> <span class='ocrx_word' id='word_1_417' title='bbox 854 2158 1121 2191; x_wconf 84' lang='lat' dir='ltr'><strong>examinandum?</strong></span> <span class='ocrx_word' id='word_1_418' title='bbox 1167 2158 1235 2190; x_wconf 77' lang='lat' dir='ltr'><strong>Eo.</strong></span> <span class='ocrx_word' id='word_1_419' title='bbox 1257 2156 1500 2188; x_wconf 80' lang='lat' dir='ltr'><strong>Discutiendum</strong></span> <span class='ocrx_word' id='word_1_420' title='bbox 1514 2168 1523 2188; x_wconf 73' lang='grc' dir='ltr'><strong><em>ε</em></strong></span> <span class='ocrx_word' id='word_1_421' title='bbox 1546 2166 1647 2198; x_wconf 81' lang='lat' dir='ltr'><strong>quan·</strong></span> 
     </span>
     <span class='ocr_line' id='line_1_36' title="bbox 176 2209 1647 2253; baseline -0.001 -11"><span class='ocrx_word' id='word_1_422' title='bbox 176 2221 273 2253; x_wconf 84' lang='lat' dir='ltr'><strong>quam</strong></span> <span class='ocrx_word' id='word_1_423' title='bbox 287 2212 348 2244; x_wconf 84' lang='grc'><strong>1100</strong></span> <span class='ocrx_word' id='word_1_424' title='bbox 363 2223 447 2244; x_wconf 86' lang='grc'><strong>1111110</strong></span> <span class='ocrx_word' id='word_1_425' title='bbox 462 2213 542 2244; x_wconf 86' lang='lat' dir='ltr'><strong>bene</strong></span> <span class='ocrx_word' id='word_1_426' title='bbox 557 2213 621 2245; x_wconf 89' lang='lat' dir='ltr'><strong>dici</strong></span> <span class='ocrx_word' id='word_1_427' title='bbox 636 2213 793 2245; x_wconf 82' lang='lat' dir='ltr'><strong>existimo.</strong></span> <span class='ocrx_word' id='word_1_428' title='bbox 835 2213 892 2245; x_wconf 83' lang='lat' dir='ltr'><strong>So.</strong></span> <span class='ocrx_word' id='word_1_429' title='bbox 915 2212 1070 2253; x_wconf 79' lang='lat' dir='ltr'><strong>Forsitan,</strong></span> <span class='ocrx_word' id='word_1_430' title='bbox 1085 2223 1105 2242; x_wconf 92' lang='lat'>0</span> <span class='ocrx_word' id='word_1_431' title='bbox 1122 2212 1203 2242; x_wconf 90' lang='lat' dir='ltr'><strong>bone</strong></span> <span class='ocrx_word' id='word_1_432' title='bbox 1218 2211 1277 2248; x_wconf 84' lang='lat' dir='ltr'><strong>vir,</strong></span> <span class='ocrx_word' id='word_1_433' title='bbox 1304 2210 1349 2242; x_wconf 82' lang='lat' dir='ltr'><strong>sic</strong></span> <span class='ocrx_word' id='word_1_434' title='bbox 1365 2209 1474 2242; x_wconf 85' lang='lat' dir='ltr'><strong>melius</strong></span> <span class='ocrx_word' id='word_1_435' title='bbox 1489 2210 1647 2252; x_wconf 83' lang='lat' dir='ltr'><strong>intellige-</strong></span> 
     </span>
     <span class='ocr_line' id='line_1_37' title="bbox 178 2264 1647 2309; baseline -0.001 -12"><span class='ocrx_word' id='word_1_436' title='bbox 178 2276 257 2297; x_wconf 83' lang='lat' dir='ltr'><strong>mus.</strong></span> <span class='ocrx_word' id='word_1_437' title='bbox 278 2266 324 2298; x_wconf 89' lang='lat' dir='ltr'><strong>sic</strong></span> <span class='ocrx_word' id='word_1_438' title='bbox 338 2266 421 2298; x_wconf 87' lang='lat' dir='ltr'><strong>enim</strong></span> <span class='ocrx_word' id='word_1_439' title='bbox 443 2266 521 2309; x_wconf 82' lang='lat'><strong>[10]</strong></span> <span class='ocrx_word' id='word_1_440' title='bbox 543 2267 659 2309; x_wconf 82' lang='lat' dir='ltr'><strong>cogita,</strong></span> <span class='ocrx_word' id='word_1_441' title='bbox 675 2267 789 2299; x_wconf 90' lang='lat' dir='ltr'><strong>Utrum</strong></span> <span class='ocrx_word' id='word_1_442' title='bbox 805 2271 960 2308; x_wconf 79' lang='lat' dir='ltr'><strong>sanctum,</strong></span> <span class='ocrx_word' id='word_1_443' title='bbox 983 2266 1058 2308; x_wconf 85' lang='lat' dir='ltr'><strong>quia</strong></span> <span class='ocrx_word' id='word_1_444' title='bbox 1073 2270 1214 2297; x_wconf 85' lang='lat' dir='ltr'><strong>sanctum</strong></span> <span class='ocrx_word' id='word_1_445' title='bbox 1230 2269 1290 2302; x_wconf 83' lang='lat' dir='ltr'><strong>est,</strong></span> <span class='ocrx_word' id='word_1_446' title='bbox 1315 2275 1334 2296; x_wconf 82' lang='lat' dir='ltr'><strong>a</strong></span> <span class='ocrx_word' id='word_1_447' title='bbox 1349 2264 1408 2295; x_wconf 89' lang='lat' dir='ltr'><strong>diis</strong></span> <span class='ocrx_word' id='word_1_448' title='bbox 1423 2269 1543 2296; x_wconf 83' lang='lat' dir='ltr'><strong>amatur</strong></span> <span class='ocrx_word' id='word_1_449' title='bbox 1559 2265 1571 2295; x_wconf 70' lang='grc' dir='ltr'><strong><em>ἓ</em></strong></span> <span class='ocrx_word' id='word_1_450' title='bbox 1594 2265 1647 2296; x_wconf 82' lang='grc' dir='ltr'><strong>νο1</strong></span> 
     </span>
     <span class='ocr_line' id='line_1_38' title="bbox 175 2319 1645 2363; baseline -0.001 -12"><span class='ocrx_word' id='word_1_451' title='bbox 175 2320 254 2362; x_wconf 82' lang='lat' dir='ltr'><strong>quia</strong></span> <span class='ocrx_word' id='word_1_452' title='bbox 268 2331 288 2351; x_wconf 85' lang='lat' dir='ltr'><strong>a</strong></span> <span class='ocrx_word' id='word_1_453' title='bbox 307 2320 369 2352; x_wconf 86' lang='lat' dir='ltr'><strong>diis</strong></span> <span class='ocrx_word' id='word_1_454' title='bbox 391 2325 524 2363; x_wconf 85' lang='lat' dir='ltr'><strong>amatur,</strong></span> <span class='ocrx_word' id='word_1_455' title='bbox 549 2326 598 2354; x_wconf 81' lang='lat' dir='ltr'><strong>est</strong></span> <span class='ocrx_word' id='word_1_456' title='bbox 619 2322 788 2353; x_wconf 83' lang='lat' dir='ltr'><strong>sanctum?</strong></span> <span class='ocrx_word' id='word_1_457' title='bbox 834 2321 900 2354; x_wconf 84' lang='lat' dir='ltr'><strong>Eu.</strong></span> <span class='ocrx_word' id='word_1_458' title='bbox 923 2321 1020 2352; x_wconf 87' lang='lat' dir='ltr'><strong>Haud</strong></span> <span class='ocrx_word' id='word_1_459' title='bbox 1043 2319 1199 2362; x_wconf 84' lang='lat' dir='ltr'><strong>intelligo,</strong></span> <span class='ocrx_word' id='word_1_460' title='bbox 1224 2319 1302 2362; x_wconf 87' lang='lat' dir='ltr'><strong>quid</strong></span> <span class='ocrx_word' id='word_1_461' title='bbox 1324 2320 1423 2361; x_wconf 78' lang='lat' dir='ltr'><strong>dicas,</strong></span> <span class='ocrx_word' id='word_1_462' title='bbox 1449 2331 1468 2350; x_wconf 94' lang='grc'><strong>0</strong></span> <span class='ocrx_word' id='word_1_463' title='bbox 1491 2319 1645 2351; x_wconf 80' lang='lat' dir='ltr'><strong>Socrates.</strong></span> 
     </span>
     <span class='ocr_line' id='line_1_39' title="bbox 176 2364 1646 2418; baseline -0.001 -12"><span class='ocrx_word' id='word_1_464' title='bbox 176 2374 235 2406; x_wconf 79' lang='lat' dir='ltr'><strong>So.</strong></span> <span class='ocrx_word' id='word_1_465' title='bbox 257 2364 407 2417; x_wconf 82' lang='lat' dir='ltr'><strong>Apertius</strong></span> <span class='ocrx_word' id='word_1_466' title='bbox 430 2376 586 2418; x_wconf 79' lang='lat' dir='ltr'><strong>explicare</strong></span> <span class='ocrx_word' id='word_1_467' title='bbox 605 2377 754 2409; x_wconf 83' lang='lat' dir='ltr'><strong>conabor.</strong></span> <span class='ocrx_word' id='word_1_468' title='bbox 799 2375 944 2407; x_wconf 86' lang='lat' dir='ltr'><strong>Dicimus</strong></span> <span class='ocrx_word' id='word_1_469' title='bbox 968 2375 1122 2417; x_wconf 72' lang='lat' dir='ltr'><strong>quiddam</strong></span> <span class='ocrx_word' id='word_1_470' title='bbox 1149 2374 1246 2405; x_wconf 83' lang='lat' dir='ltr'><strong>latum</strong></span> <span class='ocrx_word' id='word_1_471' title='bbox 1271 2378 1305 2406; x_wconf 87' lang='lat' dir='ltr'><strong>et</strong></span> <span class='ocrx_word' id='word_1_472' title='bbox 1327 2374 1441 2411; x_wconf 80' lang='lat' dir='ltr'><strong>ferens,</strong></span> <span class='ocrx_word' id='word_1_473' title='bbox 1462 2375 1591 2405; x_wconf 89' lang='lat' dir='ltr'><strong>ductum</strong></span> <span class='ocrx_word' id='word_1_474' title='bbox 1612 2378 1646 2406; x_wconf 85' lang='lat' dir='ltr'><strong>et</strong></span> 
     </span>
     <span class='ocr_line' id='line_1_40' title="bbox 175 2428 1646 2472; baseline 0 -13"><span class='ocrx_word' id='word_1_475' title='bbox 175 2429 311 2470; x_wconf 85' lang='lat' dir='ltr'><strong>ducens,</strong></span> <span class='ocrx_word' id='word_1_476' title='bbox 325 2429 425 2460; x_wconf 81' lang='lat' dir='ltr'><strong>visum</strong></span> <span class='ocrx_word' id='word_1_477' title='bbox 449 2434 483 2461; x_wconf 88' lang='lat' dir='ltr'><strong>et</strong></span> <span class='ocrx_word' id='word_1_478' title='bbox 503 2429 626 2468; x_wconf 84' lang='lat' dir='ltr'><strong>videns,</strong></span> <span class='ocrx_word' id='word_1_479' title='bbox 650 2435 746 2472; x_wconf 82' lang='lat' dir='ltr'><strong>atque</strong></span> <span class='ocrx_word' id='word_1_480' title='bbox 760 2429 943 2471; x_wconf 81' lang='lat' dir='ltr'><strong>hujusmodi</strong></span> <span class='ocrx_word' id='word_1_481' title='bbox 958 2433 1072 2461; x_wconf 81' lang='lat' dir='ltr'><strong>cuncta</strong></span> <span class='ocrx_word' id='word_1_482' title='bbox 1086 2440 1094 2459; x_wconf 80' lang='grc'><strong>1</strong></span> <span class='ocrx_word' id='word_1_483' title='bbox 1118 2438 1193 2460; x_wconf 84' lang='grc'><strong>1111111</strong></span> <span class='ocrx_word' id='word_1_484' title='bbox 1207 2429 1275 2460; x_wconf 86' lang='lat' dir='ltr'><strong>haec</strong></span> <span class='ocrx_word' id='word_1_485' title='bbox 1287 2428 1411 2459; x_wconf 85' lang='lat' dir='ltr'><strong>diversa</strong></span> <span class='ocrx_word' id='word_1_486' title='bbox 1425 2439 1506 2469; x_wconf 89' lang='lat' dir='ltr'><strong>esse,</strong></span> <span class='ocrx_word' id='word_1_487' title='bbox 1526 2434 1560 2460; x_wconf 91' lang='lat' dir='ltr'><strong>et</strong></span> <span class='ocrx_word' id='word_1_488' title='bbox 1583 2439 1646 2470; x_wconf 90' lang='lat' dir='ltr'><strong>qua</strong></span> 
     </span>
     <span class='ocr_line' id='line_1_41' title="bbox 176 2481 1645 2526; baseline 0.001 -12"><span class='ocrx_word' id='word_1_489' title='bbox 176 2481 298 2514; x_wconf 81' lang='lat' dir='ltr'><strong>diversa</strong></span> <span class='ocrx_word' id='word_1_490' title='bbox 320 2487 404 2521; x_wconf 79' lang='lat' dir='ltr'><strong>sunt,</strong></span> <span class='ocrx_word' id='word_1_491' title='bbox 429 2483 602 2526; x_wconf 81' lang='lat' dir='ltr'><strong>intelligis?</strong></span> <span class='ocrx_word' id='word_1_492' title='bbox 647 2484 712 2518; x_wconf 82' lang='lat' dir='ltr'><strong>Eu.</strong></span> <span class='ocrx_word' id='word_1_493' title='bbox 735 2484 916 2526; x_wconf 82' lang='lat' dir='ltr'><strong>Intelligere</strong></span> <span class='ocrx_word' id='word_1_494' title='bbox 945 2483 1022 2514; x_wconf 82' lang='grc'><strong>1111111</strong></span> <span class='ocrx_word' id='word_1_495' title='bbox 1047 2483 1167 2514; x_wconf 87' lang='lat' dir='ltr'><strong>videor.</strong></span> <span class='ocrx_word' id='word_1_496' title='bbox 1211 2483 1270 2516; x_wconf 93' lang='lat' dir='ltr'><strong>So.</strong></span> <span class='ocrx_word' id='word_1_497' title='bbox 1302 2482 1421 2514; x_wconf 84' lang='lat' dir='ltr'><strong>Nonne</strong></span> <span class='ocrx_word' id='word_1_498' title='bbox 1450 2487 1483 2514; x_wconf 85' lang='lat' dir='ltr'><strong>et</strong></span> <span class='ocrx_word' id='word_1_499' title='bbox 1507 2489 1645 2515; x_wconf 82' lang='lat' dir='ltr'><strong>amatum</strong></span> 
     </span>
     <span class='ocr_line' id='line_1_42' title="bbox 177 2535 1644 2580; baseline 0.002 -14"><span class='ocrx_word' id='word_1_500' title='bbox 177 2535 298 2577; x_wconf 82' lang='lat' dir='ltr'><strong>aliquid</strong></span> <span class='ocrx_word' id='word_1_501' title='bbox 312 2541 372 2574; x_wconf 80' lang='lat' dir='ltr'><strong>est,</strong></span> <span class='ocrx_word' id='word_1_502' title='bbox 395 2541 429 2568; x_wconf 90' lang='lat' dir='ltr'><strong>et</strong></span> <span class='ocrx_word' id='word_1_503' title='bbox 454 2537 539 2569; x_wconf 81' lang='lat' dir='ltr'><strong>aliud</strong></span> <span class='ocrx_word' id='word_1_504' title='bbox 555 2543 667 2580; x_wconf 85' lang='lat' dir='ltr'><strong>praeter</strong></span> <span class='ocrx_word' id='word_1_505' title='bbox 680 2539 741 2570; x_wconf 88' lang='lat' dir='ltr'><strong>hoc</strong></span> <span class='ocrx_word' id='word_1_506' title='bbox 756 2539 885 2570; x_wconf 79' lang='lat' dir='ltr'><strong>amans?</strong></span> <span class='ocrx_word' id='word_1_507' title='bbox 930 2537 996 2569; x_wconf 84' lang='lat' dir='ltr'><strong>Eu.</strong></span> <span class='ocrx_word' id='word_1_508' title='bbox 1020 2537 1168 2575; x_wconf 80' lang='lat' dir='ltr'><strong>Quidni?</strong></span> <span class='ocrx_word' id='word_1_509' title='bbox 1214 2537 1268 2568; x_wconf 87' lang='lat' dir='ltr'><strong>So.</strong></span> <span class='ocrx_word' id='word_1_510' title='bbox 1291 2537 1355 2569; x_wconf 86' lang='lat' dir='ltr'><strong>Dic</strong></span> <span class='ocrx_word' id='word_1_511' title='bbox 1371 2537 1522 2570; x_wconf 81' lang='lat' dir='ltr'><strong>obsecro:</strong></span> <span class='ocrx_word' id='word_1_512' title='bbox 1547 2538 1644 2569; x_wconf 84' lang='lat' dir='ltr'><strong>latum</strong></span> 
     </span>
     <span class='ocr_line' id='line_1_43' title="bbox 177 2589 1655 2635; baseline 0.001 -15"><span class='ocrx_word' id='word_1_513' title='bbox 177 2589 253 2631; x_wconf 79' lang='lat' dir='ltr'><strong>quia</strong></span> <span class='ocrx_word' id='word_1_514' title='bbox 267 2590 373 2627; x_wconf 80' lang='lat' dir='ltr'><strong>fertur,</strong></span> <span class='ocrx_word' id='word_1_515' title='bbox 389 2590 485 2622; x_wconf 81' lang='lat' dir='ltr'><strong>latum</strong></span> <span class='ocrx_word' id='word_1_516' title='bbox 502 2597 561 2630; x_wconf 81' lang='lat' dir='ltr'><strong>est,</strong></span> <span class='ocrx_word' id='word_1_517' title='bbox 576 2603 616 2623; x_wconf 87' lang='lat' dir='ltr'><strong>an</strong></span> <span class='ocrx_word' id='word_1_518' title='bbox 632 2593 673 2624; x_wconf 91' lang='lat' dir='ltr'><strong>ob</strong></span> <span class='ocrx_word' id='word_1_519' title='bbox 696 2593 817 2635; x_wconf 83' lang='lat' dir='ltr'><strong>aliquid</strong></span> <span class='ocrx_word' id='word_1_520' title='bbox 840 2592 954 2624; x_wconf 82' lang='lat' dir='ltr'><strong>aliud?</strong></span> <span class='ocrx_word' id='word_1_521' title='bbox 998 2591 1065 2623; x_wconf 80' lang='lat' dir='ltr'><strong>Eu.</strong></span> <span class='ocrx_word' id='word_1_522' title='bbox 1087 2591 1311 2634; x_wconf 82' lang='lat' dir='ltr'><strong>Nequaquam,</strong></span> <span class='ocrx_word' id='word_1_523' title='bbox 1337 2591 1432 2622; x_wconf 86' lang='lat' dir='ltr'><strong>immo</strong></span> <span class='ocrx_word' id='word_1_524' title='bbox 1448 2592 1489 2622; x_wconf 93' lang='lat' dir='ltr'><strong>ob</strong></span> <span class='ocrx_word' id='word_1_525' title='bbox 1513 2592 1573 2623; x_wconf 87' lang='lat' dir='ltr'><strong>hoc</strong></span> <span class='ocrx_word' id='word_1_526' title='bbox 1596 2592 1655 2634; x_wconf 83' lang='lat' dir='ltr'><strong>ip--</strong></span> 
     </span>
     <span class='ocr_line' id='line_1_44' title="bbox 178 2644 1647 2689; baseline 0.003 -15"><span class='ocrx_word' id='word_1_527' title='bbox 178 2654 257 2674; x_wconf 86' lang='lat' dir='ltr'><strong>sum.</strong></span> <span class='ocrx_word' id='word_1_528' title='bbox 300 2644 358 2676; x_wconf 78' lang='lat' dir='ltr'><strong>So.</strong></span> <span class='ocrx_word' id='word_1_529' title='bbox 381 2644 424 2675; x_wconf 76' lang='lat' dir='ltr'><strong>Et</strong></span> <span class='ocrx_word' id='word_1_530' title='bbox 438 2644 568 2677; x_wconf 83' lang='lat' dir='ltr'><strong>ductum</strong></span> <span class='ocrx_word' id='word_1_531' title='bbox 582 2646 736 2689; x_wconf 81' lang='lat' dir='ltr'><strong>similiter,</strong></span> <span class='ocrx_word' id='word_1_532' title='bbox 749 2647 824 2689; x_wconf 88' lang='lat' dir='ltr'><strong>quia</strong></span> <span class='ocrx_word' id='word_1_533' title='bbox 838 2647 976 2684; x_wconf 81' lang='lat' dir='ltr'><strong>ducitur,</strong></span> <span class='ocrx_word' id='word_1_534' title='bbox 1000 2650 1034 2677; x_wconf 83' lang='lat' dir='ltr'><strong>et</strong></span> <span class='ocrx_word' id='word_1_535' title='bbox 1048 2645 1161 2684; x_wconf 84' lang='lat' dir='ltr'><strong>visum,</strong></span> <span class='ocrx_word' id='word_1_536' title='bbox 1181 2645 1258 2688; x_wconf 73' lang='lat' dir='ltr'><strong>quia</strong></span> <span class='ocrx_word' id='word_1_537' title='bbox 1271 2645 1418 2677; x_wconf 86' lang='lat' dir='ltr'><strong>videtur?</strong></span> <span class='ocrx_word' id='word_1_538' title='bbox 1463 2646 1527 2678; x_wconf 85' lang='lat' dir='ltr'><strong>Eu.</strong></span> <span class='ocrx_word' id='word_1_539' title='bbox 1550 2647 1647 2678; x_wconf 78' lang='lat' dir='ltr'><strong>Max-</strong></span> 
     </span>
     <span class='ocr_line' id='line_1_45' title="bbox 178 2698 1644 2742; baseline 0.003 -14"><span class='ocrx_word' id='word_1_540' title='bbox 178 2698 252 2729; x_wconf 84' lang='lat' dir='ltr'><strong>ime.</strong></span> <span class='ocrx_word' id='word_1_541' title='bbox 297 2698 354 2730; x_wconf 89' lang='lat' dir='ltr'><strong>So.</strong></span> <span class='ocrx_word' id='word_1_542' title='bbox 377 2698 452 2729; x_wconf 82' lang='lat' dir='ltr'><strong>Non</strong></span> <span class='ocrx_word' id='word_1_543' title='bbox 469 2709 556 2741; x_wconf 84' lang='lat' dir='ltr'><strong>ergo,</strong></span> <span class='ocrx_word' id='word_1_544' title='bbox 570 2700 646 2742; x_wconf 85' lang='lat' dir='ltr'><strong>quia</strong></span> <span class='ocrx_word' id='word_1_545' title='bbox 660 2700 761 2732; x_wconf 86' lang='lat' dir='ltr'><strong>visum</strong></span> <span class='ocrx_word' id='word_1_546' title='bbox 776 2707 836 2740; x_wconf 88' lang='lat' dir='ltr'><strong>est,</strong></span> <span class='ocrx_word' id='word_1_547' title='bbox 851 2700 996 2742; x_wconf 81' lang='lat' dir='ltr'><strong>videtur3</strong></span> <span class='ocrx_word' id='word_1_548' title='bbox 1018 2701 1074 2731; x_wconf 82' lang='lat' dir='ltr'><strong>sed</strong></span> <span class='ocrx_word' id='word_1_549' title='bbox 1089 2704 1208 2738; x_wconf 84' lang='lat' dir='ltr'><strong>contra,</strong></span> <span class='ocrx_word' id='word_1_550' title='bbox 1224 2700 1299 2742; x_wconf 81' lang='lat' dir='ltr'><strong>quia</strong></span> <span class='ocrx_word' id='word_1_551' title='bbox 1314 2700 1449 2741; x_wconf 83' lang='lat' dir='ltr'><strong>videtur,</strong></span> <span class='ocrx_word' id='word_1_552' title='bbox 1465 2705 1512 2731; x_wconf 85' lang='lat' dir='ltr'><strong>est</strong></span> <span class='ocrx_word' id='word_1_553' title='bbox 1524 2700 1622 2731; x_wconf 88' lang='lat' dir='ltr'><strong>visum</strong></span> <span class='ocrx_word' id='word_1_554' title='bbox 1637 2713 1644 2732; x_wconf 72' lang='grc' dir='ltr'>ι</span> 
     </span>
     <span class='ocr_line' id='line_1_46' title="bbox 178 2751 1645 2797; baseline 0.002 -15"><span class='ocrx_word' id='word_1_555' title='bbox 178 2762 248 2789; x_wconf 84' lang='lat' dir='ltr'><strong>nec,</strong></span> <span class='ocrx_word' id='word_1_556' title='bbox 264 2751 339 2795; x_wconf 85' lang='lat' dir='ltr'><strong>quia</strong></span> <span class='ocrx_word' id='word_1_557' title='bbox 353 2752 494 2791; x_wconf 81' lang='lat' dir='ltr'><strong>ductum,</strong></span> <span class='ocrx_word' id='word_1_558' title='bbox 517 2753 664 2796; x_wconf 79' lang='lat' dir='ltr'><strong>ducitur;</strong></span> <span class='ocrx_word' id='word_1_559' title='bbox 686 2756 742 2786; x_wconf 87' lang='lat' dir='ltr'><strong>sed</strong></span> <span class='ocrx_word' id='word_1_560' title='bbox 764 2755 841 2797; x_wconf 80' lang='lat' dir='ltr'><strong>quia</strong></span> <span class='ocrx_word' id='word_1_561' title='bbox 863 2755 1000 2794; x_wconf 85' lang='lat' dir='ltr'><strong>ducitur,</strong></span> <span class='ocrx_word' id='word_1_562' title='bbox 1022 2754 1172 2787; x_wconf 85' lang='lat' dir='ltr'><strong>ductum:</strong></span> <span class='ocrx_word' id='word_1_563' title='bbox 1197 2765 1269 2795; x_wconf 86' lang='lat' dir='ltr'><strong>nec,</strong></span> <span class='ocrx_word' id='word_1_564' title='bbox 1294 2754 1371 2796; x_wconf 79' lang='lat' dir='ltr'><strong>quia</strong></span> <span class='ocrx_word' id='word_1_565' title='bbox 1392 2754 1504 2795; x_wconf 83' lang='lat' dir='ltr'><strong>latum,</strong></span> <span class='ocrx_word' id='word_1_566' title='bbox 1528 2755 1645 2795; x_wconf 82' lang='lat' dir='ltr'><strong>sertur;</strong></span> 
     </span>
     <span class='ocr_line' id='line_1_47' title="bbox 178 2806 1645 2851; baseline 0.003 -15"><span class='ocrx_word' id='word_1_567' title='bbox 178 2806 235 2836; x_wconf 87' lang='lat' dir='ltr'><strong>sed</strong></span> <span class='ocrx_word' id='word_1_568' title='bbox 250 2806 327 2847; x_wconf 84' lang='lat' dir='ltr'><strong>quia</strong></span> <span class='ocrx_word' id='word_1_569' title='bbox 348 2806 455 2849; x_wconf 73' lang='lat' dir='ltr'><strong>fertur,</strong></span> <span class='ocrx_word' id='word_1_570' title='bbox 476 2812 525 2839; x_wconf 83' lang='lat' dir='ltr'><strong>est</strong></span> <span class='ocrx_word' id='word_1_571' title='bbox 549 2807 657 2840; x_wconf 80' lang='lat' dir='ltr'><strong>latum.</strong></span> <span class='ocrx_word' id='word_1_572' title='bbox 701 2808 819 2842; x_wconf 83' lang='lat' dir='ltr'><strong>Nonne</strong></span> <span class='ocrx_word' id='word_1_573' title='bbox 846 2809 1045 2851; x_wconf 87' lang='lat' dir='ltr'><strong>perspicuum</strong></span> <span class='ocrx_word' id='word_1_574' title='bbox 1061 2813 1121 2845; x_wconf 85' lang='lat' dir='ltr'><strong>est,</strong></span> <span class='ocrx_word' id='word_1_575' title='bbox 1143 2819 1163 2839; x_wconf 95' lang='grc'><strong>0</strong></span> <span class='ocrx_word' id='word_1_576' title='bbox 1186 2808 1410 2851; x_wconf 79' lang='lat' dir='ltr'><strong>Euthyphron,</strong></span> <span class='ocrx_word' id='word_1_577' title='bbox 1433 2807 1510 2850; x_wconf 84' lang='lat' dir='ltr'><strong>quid</strong></span> <span class='ocrx_word' id='word_1_578' title='bbox 1533 2807 1645 2840; x_wconf 81' lang='lat' dir='ltr'><strong>inferre</strong></span> 
     </span>
     <span class='ocr_line' id='line_1_48' title="bbox 178 2859 1643 2905; baseline 0.001 -15"><span class='ocrx_word' id='word_1_579' title='bbox 178 2859 293 2891; x_wconf 89' lang='lat' dir='ltr'><strong>velim?</strong></span> <span class='ocrx_word' id='word_1_580' title='bbox 317 2860 388 2891; x_wconf 90' lang='lat' dir='ltr'><strong>volo</strong></span> <span class='ocrx_word' id='word_1_581' title='bbox 411 2866 515 2892; x_wconf 80' lang='lat' dir='ltr'><strong>autem</strong></span> <span class='ocrx_word' id='word_1_582' title='bbox 531 2862 613 2895; x_wconf 86' lang='lat' dir='ltr'><strong>hoe:</strong></span> <span class='ocrx_word' id='word_1_583' title='bbox 638 2862 740 2905; x_wconf 84' lang='lat' dir='ltr'><strong>siquid</strong></span> <span class='ocrx_word' id='word_1_584' title='bbox 758 2863 804 2901; x_wconf 82' lang='lat' dir='ltr'><strong>fit,</strong></span> <span class='ocrx_word' id='word_1_585' title='bbox 820 2868 875 2894; x_wconf 84' lang='lat' dir='ltr'><strong>aut</strong></span> <span class='ocrx_word' id='word_1_586' title='bbox 893 2863 1011 2905; x_wconf 89' lang='lat' dir='ltr'><strong>patitur</strong></span> <span class='ocrx_word' id='word_1_587' title='bbox 1034 2862 1167 2904; x_wconf 84' lang='lat' dir='ltr'><strong>aliquid,</strong></span> <span class='ocrx_word' id='word_1_588' title='bbox 1191 2873 1255 2894; x_wconf 91' lang='lat' dir='ltr'><strong>non</strong></span> <span class='ocrx_word' id='word_1_589' title='bbox 1279 2862 1355 2905; x_wconf 81' lang='lat' dir='ltr'><strong>quia</strong></span> <span class='ocrx_word' id='word_1_590' title='bbox 1380 2863 1496 2893; x_wconf 79' lang='lat' dir='ltr'><strong>sactum</strong></span> <span class='ocrx_word' id='word_1_591' title='bbox 1523 2866 1570 2892; x_wconf 86' lang='lat' dir='ltr'><strong>est</strong></span> <span class='ocrx_word' id='word_1_592' title='bbox 1590 2862 1643 2902; x_wconf 86' lang='lat' dir='ltr'><strong>fit;</strong></span> 
     </span>
     <span class='ocr_line' id='line_1_49' title="bbox 179 2914 1643 2959; baseline 0.001 -15"><span class='ocrx_word' id='word_1_593' title='bbox 179 2914 233 2944; x_wconf 86' lang='lat' dir='ltr'><strong>sed</strong></span> <span class='ocrx_word' id='word_1_594' title='bbox 249 2914 323 2956; x_wconf 81' lang='lat' dir='ltr'><strong>quia</strong></span> <span class='ocrx_word' id='word_1_595' title='bbox 339 2915 373 2945; x_wconf 83' lang='lat' dir='ltr'><strong>fit</strong></span> <span class='ocrx_word' id='word_1_596' title='bbox 387 2915 504 2957; x_wconf 74' lang='grc'><strong>11011115,</strong></span> <span class='ocrx_word' id='word_1_597' title='bbox 531 2915 658 2948; x_wconf 78' lang='lat' dir='ltr'><strong>sactum.</strong></span> <span class='ocrx_word' id='word_1_598' title='bbox 682 2927 741 2948; x_wconf 87' lang='lat' dir='ltr'><strong>nec</strong></span> <span class='ocrx_word' id='word_1_599' title='bbox 757 2917 864 2954; x_wconf 83' lang='lat' dir='ltr'><strong>etiam,</strong></span> <span class='ocrx_word' id='word_1_600' title='bbox 891 2917 965 2958; x_wconf 84' lang='lat' dir='ltr'><strong>quia</strong></span> <span class='ocrx_word' id='word_1_601' title='bbox 981 2917 1104 2958; x_wconf 86' lang='lat' dir='ltr'><strong>patiens</strong></span> <span class='ocrx_word' id='word_1_602' title='bbox 1124 2921 1174 2948; x_wconf 89' lang='lat' dir='ltr'><strong>est</strong></span> <span class='ocrx_word' id='word_1_603' title='bbox 1194 2917 1331 2959; x_wconf 80' lang='lat' dir='ltr'><strong>patitur;</strong></span> <span class='ocrx_word' id='word_1_604' title='bbox 1355 2917 1410 2947; x_wconf 87' lang='lat' dir='ltr'><strong>sed</strong></span> <span class='ocrx_word' id='word_1_605' title='bbox 1437 2915 1510 2956; x_wconf 86' lang='lat' dir='ltr'><strong>quia</strong></span> <span class='ocrx_word' id='word_1_606' title='bbox 1526 2915 1643 2956; x_wconf 85' lang='lat' dir='ltr'><strong>patitur</strong></span> 
     </span>
     <span class='ocr_line' id='line_1_50' title="bbox 179 2967 1643 3016; baseline -0.001 -15"><span class='ocrx_word' id='word_1_607' title='bbox 179 2967 315 3009; x_wconf 71' lang='lat' dir='ltr'><strong>patiens.</strong></span> <span class='ocrx_word' id='word_1_608' title='bbox 347 2967 511 3002; x_wconf 53' lang='lat' dir='ltr'><strong>&#39;Admittis</strong></span> <span class='ocrx_word' id='word_1_609' title='bbox 535 2970 626 3003; x_wconf 65' lang='lat' dir='ltr'><strong>haec?</strong></span> <span class='ocrx_word' id='word_1_610' title='bbox 672 2970 738 3005; x_wconf 82' lang='grc' dir='ltr'><strong>Ευ.</strong></span> <span class='ocrx_word' id='word_1_611' title='bbox 769 2970 916 3005; x_wconf 84' lang='lat' dir='ltr'><strong>Admitto</strong></span> <span class='ocrx_word' id='word_1_612' title='bbox 945 2971 1104 3016; x_wconf 80' lang='lat' dir='ltr'><strong>equidem.</strong></span> <span class='ocrx_word' id='word_1_613' title='bbox 1149 2971 1205 3003; x_wconf 89' lang='lat' dir='ltr'><strong>So.</strong></span> <span class='ocrx_word' id='word_1_614' title='bbox 1227 2970 1347 3003; x_wconf 82' lang='lat' dir='ltr'><strong>Nonne</strong></span> <span class='ocrx_word' id='word_1_615' title='bbox 1373 2974 1406 3001; x_wconf 86' lang='lat' dir='ltr'><strong>et</strong></span> <span class='ocrx_word' id='word_1_616' title='bbox 1427 2973 1563 3000; x_wconf 77' lang='lat' dir='ltr'><strong>amatum</strong></span> <span class='ocrx_word' id='word_1_617' title='bbox 1588 2974 1643 3000; x_wconf 80' lang='lat' dir='ltr'><strong>aut</strong></span> 
     </span>
    </p>
   </div>
  </div>
 </body>
</html>
