1846 3268
177 275 220 327 7]
729 267 1077 310 EUTHYPHRO.
1591 265 1646 303 99

178 392 199 412 o
214 381 378 414 Socrates:
398 379 474 411 ¹nam
488 379 515 411 si
530 389 578 410 me
593 387 740 410 accusare
757 377 935 413 tentaverit,
951 375 1116 418 reperiam,
1131 378 1164 405 ut
1179 373 1302 416 opinor,
1327 373 1381 403 ubi
1396 371 1448 404 illu
1464 371 1577 403 debilis
1593 371 1641 402 in—

177 436 345 477 firmusque
359 435 412 474 sit,
437 443 474 465 ac
490 433 587 463 multo
603 431 686 473 prius
702 431 742 462 de
757 431 825 467 illo,
840 440 934 472 quam
961 430 1002 460 de
1021 440 1071 460 me
1096 429 1131 460 in
1149 428 1274 470 judicio
1301 425 1538 467 disceptabitur.
1582 425 1642 455 So.

177 487 279 530 Atqui
290 499 350 530 ego
365 489 445 524 haec,
460 499 479 518 o
494 486 596 518 dulcis
612 486 724 522 amice,
740 484 942 516 considerans
958 483 1132 524 discipulus
1148 487 1219 513 tuus
1234 492 1301 513 esse
1316 480 1472 517 desidero,
1497 489 1569 510 cum
1586 489 1644 508 no-

174 542 244 578 rim,
256 543 340 584 quod
357 546 389 573 et
404 542 482 572 alius
497 540 637 583 quidam,
653 545 686 570 et
700 539 833 570 Melitus
857 538 915 569 iste
937 542 968 568 te
984 537 1111 579 quidem
1127 536 1211 566 haud
1227 534 1316 573 vidit,
1341 545 1389 566 me
1403 544 1476 564 vero
1492 533 1536 563 sic
1551 535 1644 563 acute

174 595 334 637 facileque·
345 595 493 637 inspexit,
508 598 543 625 ut
559 593 730 636 impietatis
745 593 796 624 hic
811 592 1015 624 accusaverit.
1063 590 1160 622 Nunc
1182 601 1255 631 ergo
1272 600 1327 631 per
1339 588 1449 620 Jovem
1466 586 1540 618 mihi
1556 585 1645 617 dicas

176 650 260 691 quod
279 650 372 691 plane
388 660 480 681 nosse
495 648 687 685 asseverasti,
703 647 781 688 quid
796 647 896 688 pium,
919 645 1036 688 quidve
1059 645 1192 686 impium
1208 654 1276 675 esse
1291 642 1381 684 velis,
1395 646 1429 673 et
1442 642 1483 672 de
1495 651 1589 677 -nece,
1612 643 1646 670 et

175 704 219 735 de
230 704 340 735 ceteris
354 703 510 734 omnibus.
553 702 607 734 An
623 712 687 732 non
698 701 783 732 idem
799 706 848 732 est
862 701 893 731 in
910 699 1040 740 singulis
1057 699 1234 731 actionibus
1247 698 1351 739 ipsum
1366 696 1426 727 sibi
1439 699 1594 730 sanctum,
1610 697 1643 723 et

175 757 339 798 profanum
355 767 457 788 rursus
472 767 566 788 omne
582 761 691 787 sancto
708 754 910 792 contrarium,
926 754 1027 795 ipsum
1044 763 1115 783 vero
1130 752 1190 783 sibi
1205 751 1268 793 ipsi
1280 750 1456 790 consimile,
1471 758 1642 787 unamque,

175 811 348 842 secundum
376 812 461 853 quod
483 811 648 853 profanum
672 815 731 847 est,
755 810 858 840 ideam
883 809 989 843 habet,
1007 807 1220 849 quodcunque
1244 805 1408 847 profanum
1434 814 1502 835 csse
1526 802 1642 833 debet?

176 862 240 895 Eu.
263 864 413 903 Omnino,
440 876 460 896 o
477 866 631 898 Socrates.
676 864 730 895 So.
757 863 821 894 Dic
844 873 932 904 crgo,
955 862 1034 903 quid
1062 866 1218 901 sanctuar,
1243 859 1320 902 quid
1345 858 1508 900 profanum
1525 856 1643 887 vocas?

175 917 240 950 Eu.
264 919 410 950 Sanctum
435 919 561 960 quidem
578 929 672 959 voco,
695 918 783 960 quod
811 918 880 959 ipse
895 927 981 948 nunc
997 915 1079 947 facio
1095 926 1103 946 ι
1126 926 1197 946 eum
1213 915 1266 956 qui
1282 913 1397 955 injuste
1412 912 1478 953 agit
1498 911 1544 942 vel
1562 909 1646 941 circa

174 971 291 1009 caedes,
306 973 354 1003 vel
371 973 543 1015 sacrilegia,
559 973 606 1004 vel
622 973 708 1003 aliud
724 971 818 1013 liujus
834 971 970 1012 generis,
994 970 1026 1000 in
1048 969 1206 1011 judicium
1229 969 1360 1003 trahere,
1384 977 1437 998 seu
1453 969 1554 1007 pater,
1576 963 1641 994 sivo

177 1030 286 1064 mater,
310 1027 374 1058 sive
390 1027 494 1069 quivis
519 1027 599 1058 alius
622 1026 801 1068 deliquerit.
825 1030 934 1057 contra
948 1035 1034 1065 vero,
1062 1024 1239 1064 profanum.
1286 1022 1373 1059 Quin
1394 1020 1466 1050 vide
1481 1029 1600 1060 quaeso,
1622 1027 1642 1047 o

175 1079 328 1117 Socrates,
343 1091 436 1122 quam
452 1082 586 1112 validam
603 1081 660 1112 tibi
675 1081 755 1123 legis
770 1079 983 1121 conjecturam
1000 1078 1140 1115 referam,
1154 1077 1240 1119 quod
1255 1077 1300 1107 ita
1311 1075 1363 1112 sit,
1378 1072 1644 1116 quemadmodum

175 1133 244 1165 aliis
268 1145 396 1177 quoquc
418 1135 550 1173 narravi,
573 1136 691 1167 docens
714 1139 780 1165 tum
803 1134 928 1165 demum
951 1138 1036 1164 rec-te
1059 1132 1121 1174 agi,
1145 1142 1216 1164 cum
1239 1130 1318 1161 nulli
1341 1139 1463 1170 prorsus
1485 1125 1645 1169 peccanti,

175 1188 319 1229 quisquis
333 1188 385 1219 ille
401 1189 452 1230 sit,
467 1189 635 1231 parcimus.
678 1189 762 1220 Nam
788 1189 925 1220 fatentur
945 1198 1068 1227 omnes,
1089 1187 1203 1218 Jovem
1227 1186 1332 1227 ipsum
1358 1184 1487 1214 deorum
1503 1180 1641 1212 onmium

175 1241 328 1282 optimum
343 1247 441 1284 atque
450 1243 656 1285 justissimum
671 1254 753 1281 esse,
777 1253 872 1284 quem
888 1247 992 1272 tamen
1009 1246 1129 1282 patrem
1146 1250 1236 1271 suum
1258 1238 1401 1280 ligavisse
1416 1237 1532 1272 ferunt,
1554 1234 1640 1276 quod

175 1298 267 1325 natos
285 1296 402 1338 absque
425 1296 496 1338 jure
518 1297 742 1328 devoravisset.
786 1296 882 1327 Illum
898 1300 1049 1337 praeterea
1071 1294 1124 1336 [6]
1148 1299 1269 1335 patrem
1295 1291 1476 1324 castravissc
1502 1290 1542 1320 ob
1569 1288 1644 1319 talia

175 1349 320 1390 quiedam
335 1355 487 1382 asserunt.
533 1350 618 1381 Mihi
634 1360 706 1381 vero
722 1354 921 1390 succensent,
936 1349 1021 1391 quod
1040 1353 1200 1390 parentem
1217 1346 1378 1388 injustitiae
1388 1343 1556 1375 obnoxium
1572 1352 1647 1384 per-

173 1412 298 1444 sequor.
321 1408 415 1445 atque
430 1404 475 1434 ita
489 1404 630 1435 homines
645 1403 698 1435 isti
711 1404 769 1435 sibi
783 1404 860 1446 ipsis
876 1408 938 1434 tam
949 1403 994 1434 de
1010 1403 1082 1440 diis,
1097 1412 1190 1444 quam
1207 1402 1247 1432 de
1264 1411 1313 1431 me
1328 1399 1482 1431 contraria
1495 1396 1647 1428 sentiunt.

175 1456 232 1488 So.
257 1456 359 1498 Atqui
373 1458 454 1489 hanc
469 1459 512 1489 ob
528 1468 668 1496 causam,
695 1469 714 1489 o
730 1458 953 1500 EuUryphron,
977 1467 1119 1496 accusor,
1134 1466 1236 1497 neque
1251 1455 1327 1497 quid
1343 1454 1548 1495 respondeam
1569 1452 1645 1483 satis

175 1510 289 1542 habeo.
312 1521 384 1542 nam
400 1513 525 1554 quoties
538 1513 580 1543 de
596 1511 657 1543 diis
673 1513 748 1543 talia
773 1512 919 1554 quiedam
944 1511 1016 1553 quis
1039 1510 1169 1546 diceret,
1193 1509 1322 1540 moleste
1344 1507 1502 1538 ferebam:
1527 1516 1589 1548 qua
1604 1506 1645 1536 de

175 1573 281 1602 causa,
298 1570 333 1597 ut
347 1565 481 1603 videtur,
498 1574 630 1608 peccare
645 1577 694 1598 me
710 1566 825 1598 ferunt.
870 1565 903 1596 N
907 1576 967 1596 unc
983 1570 1100 1601 autem,
1117 1563 1143 1595 si
1159 1563 1216 1594 tibi
1231 1564 1298 1594 haec
1312 1561 1356 1593 ita
1376 1561 1522 1592 videntur
1536 1560 1644 1590 harum

174 1627 274 1649 rerum
287 1619 402 1660 perito,
416 1631 545 1652 necesse
558 1626 606 1652 est
622 1631 680 1652 nos
695 1621 788 1653 etlam
805 1620 994 1652 consentire.
1018 1618 1096 1661 quid
1114 1618 1198 1649 err-im
1215 1617 1299 1648 aliud
1315 1615 1510 1647 diceremus?
1525 1614 1646 1656 quippe

174 1671 230 1712 qui
246 1672 321 1703 nihil
337 1673 378 1704 de
393 1674 430 1705 iis
443 1675 620 1716 intelligere
636 1675 854 1716 praedicemus,
899 1674 1047 1706 Ceterum
1069 1683 1123 1714 per
1143 1672 1258 1706 Jovem
1281 1670 1476 1701 amicabilem
1499 1667 1575 1699 milri
1596 1668 1646 1698 di-

175 1735 240 1763 caS,
255 1736 295 1756 au
311 1727 377 1768 ipse
393 1727 438 1760 sic
454 1729 514 1759 ista
528 1739 636 1760 revera
651 1729 792 1760 evenisse
808 1733 912 1770 putes.
956 1727 1021 1762 Ευ.
1043 1727 1088 1758 -Et
1103 1725 1289 1756 mirabiliora
1303 1725 1442 1765 insuper,
1458 1734 1476 1754 o
1491 1722 1648 1763 Socrates,

176 1789 248 1820 quae
262 1780 370 1811 multis
384 1783 508 1814 oeculta
524 1788 609 1815 sunt.
654 1783 711 1815 So.
734 1783 859 1814 Bellum
885 1781 981 1823 igitur
1005 1781 1090 1812 inter
1111 1781 1188 1811 deos
1204 1778 1315 1820 agitari
1330 1778 1462 1808 invicem
1478 1776 1647 1813 arbitraris,

175 1833 430 1876 inimicitiasque,
452 1841 486 1867 ct
507 1846 640 1878 pugnas,
662 1836 788 1878 aliaque
811 1835 976 1877 permulta,
998 1845 1069 1876 quae
1085 1845 1102 1865 a
1127 1833 1242 1875 poetis,
1266 1837 1298 1863 et
1318 1831 1425 1874 peritis
1443 1830 1646 1872 scriptoribus

175 1890 407 1921 memorantur?
452 1891 547 1923 Unde
563 1896 596 1922 et
610 1891 671 1922 alia
686 1891 776 1921 nobis
793 1900 878 1921 sacra
891 1887 1075 1930 hujusmodi
1088 1888 1239 1919 varietate
1257 1894 1332 1917 suut
1346 1886 1451 1928 plena,
1466 1890 1498 1916 et
1514 1885 1546 1915 in
1560 1895 1647 1926 mag-

174 1942 223 1973 nis
237 1943 456 1976 Panathenaeis
479 1944 608 1987 peplum
631 1945 669 1975 iis
685 1944 804 1986 pictum
825 1944 858 1974 in
885 1954 956 1975 arce
981 1942 1194 1984 suspenditur.
1239 1941 1291 1972 An
1307 1941 1374 1971 lraec
1390 1950 1472 1980 vera,
1487 1950 1506 1969 ο
1522 1939 1648 1981 Euthy-

174 1997 290 2038 phron‚
309 2008 376 2029 esse
400 1998 594 2030 fatebimur?
637 1998 702 2030 Eu.
725 1998 801 2030 Non
822 1999 891 2030 haec
910 1998 989 2036 soia,
1016 2008 1035 2028 o
1065 1997 1229 2028 Socrates:
1251 1996 1320 2033 sed,
1342 1995 1430 2036 quod
1453 1994 1548 2035 paulo
1572 1998 1646 2024 ante

175 2050 327 2093 dixeram,
343 2052 404 2083 alia
419 2063 546 2095 quoque
563 2038 674 2092 mulia,
690 2054 716 2085 si
732 2053 822 2091 velis,
838 2053 879 2084 dc
894 2052 1009 2084 divinis
1025 2061 1181 2095 exponam
1197 2062 1204 2081 ε
1227 2060 1299 2091 quae
1314 2059 1383 2080 cum
1401 2048 1567 2084 audiveris,
1582 2048 1648 2078 scio

175 2105 252 2146 quid
270 2106 391 2148 loquor,
406 2107 539 2138 nimium
555 2108 771 2150 obstupesces.
816 2108 874 2139 So.
896 2107 1106 2149 Nequaquam
1130 2106 1274 2137 mirarer:
1300 2114 1404 2135 verum
1419 2102 1480 2134 ista
1495 2101 1646 2142 deinceps

177 2159 285 2200 majori
301 2171 372 2192 cum
389 2161 455 2192 otio
470 2162 604 2193 referes:
628 2162 660 2193 in
684 2162 852 2204 praesentia
867 2172 939 2193 vero
961 2161 1048 2204 quod
1071 2161 1164 2192 modo
1188 2158 1318 2202 quaesivi
1339 2157 1495 2199 explicare
1521 2156 1646 2197 planius

175 2213 285 2246 nitere,
309 2225 413 2256 neque
427 2215 512 2246 enim
530 2215 685 2258 principio
713 2217 913 2253 sufficienter,
935 2216 1047 2253 amice,
1069 2226 1120 2246 me
1139 2213 1287 2250 docuisti,
1308 2223 1380 2245 cum
1402 2211 1479 2253 quid
1504 2214 1647 2241 sanctum

174 2273 256 2299 esset
270 2267 510 2310 interrogarem:
534 2271 588 2301 sed
601 2270 636 2300 id
657 2275 800 2301 sanctum
816 2280 884 2301 esse
899 2269 1017 2306 dixisti,
1045 2268 1132 2310 quod
1157 2272 1190 2298 tu
1214 2277 1300 2298 nuuc
1321 2275 1440 2307 ageres,
1461 2265 1537 2294 dum
1560 2263 1646 2295 necis

173 2331 259 2352 reum
276 2327 394 2363 patrem
409 2327 496 2354 tuum
513 2334 652 2357 accusas,
695 2323 762 2355 Eu.
784 2324 826 2355 Et
840 2334 910 2355 vera
937 2323 1096 2363 nimirum,
1120 2332 1140 2353 o
1163 2322 1318 2361 Socrates,
1339 2319 1417 2351 dixi.
1460 2319 1517 2351 So.
1540 2318 1647 2349 Forte.

174 2376 230 2406 sed
246 2387 318 2407 num
334 2378 397 2409 alia
411 2378 520 2416 multa,
549 2389 568 2409 o
583 2379 808 2421 Euthyplrrom
824 2384 933 2410 sancta
956 2377 1140 2418 nuncupas?
1186 2375 1250 2408 Eu.
1273 2375 1316 2405 Et
1330 2374 1403 2405 alia.
1445 2373 1502 2404 So.
1525 2372 1648 2403 Recor-

173 2429 248 2461 dare
263 2430 358 2472 igitur
371 2433 458 2474 quod
474 2443 538 2463 non
554 2433 614 2464 hoc
630 2434 685 2464 abs
702 2438 734 2463 te
756 2433 847 2474 petii,
871 2437 907 2463 ut
921 2442 1020 2462 unum
1046 2441 1095 2461 me
1119 2434 1175 2461 aut
1189 2430 1252 2460 duo
1267 2439 1305 2460 ex
1321 2427 1426 2458 multis
1441 2426 1568 2463 sanctis,
1592 2426 1648 2456 sed

173 2482 260 2514 illam
274 2483 376 2526 ipsam
391 2487 540 2528 speciem,
550 2498 614 2529 qua
629 2492 744 2519 cuncta
760 2492 869 2519 sancta
886 2491 960 2518 sunt
973 2490 1093 2523 sancta,
1109 2485 1250 2516 doceres.
1276 2482 1383 2514 dixisti
1398 2482 1481 2514 enim
1498 2491 1560 2511 una
1574 2480 1647 2511 idea

179 2537 286 2568 omnia
310 2544 429 2580 sancta,
453 2545 561 2572 sancta
583 2551 663 2579 esse,
686 2545 782 2582 atque
807 2551 872 2571 una
895 2540 1006 2581 iterrun
1032 2550 1104 2580 quae
1129 2543 1203 2570 sunt
1225 2538 1367 2580 profana,
1394 2536 1537 2577 profana.
1583 2534 1648 2565 Eu.

173 2589 344 2632 Equidem.
385 2593 444 2624 So.
467 2594 627 2631 Quaenam·
635 2594 678 2635 sit
693 2595 763 2626 haec
777 2595 847 2636 ipsa
859 2593 932 2626 idea
947 2593 1025 2624 milri
1041 2594 1233 2630 demonstra,
1259 2598 1294 2623 ut
1309 2592 1349 2623 ad
1365 2591 1449 2622 illam
1465 2589 1648 2630 respiciens,

173 2654 274 2685 eaque
290 2650 437 2688 tanquam
453 2648 623 2690 exemplari
639 2649 747 2691 aliquo
763 2654 868 2689 utens,
883 2649 1096 2690 quodcunque
1111 2652 1160 2685 tu,
1174 2647 1224 2678 vel
1241 2646 1319 2677 alius
1334 2646 1437 2687 quivis
1453 2645 1516 2675 tale
1530 2643 1647 2680 facitis,

175 2703 319 2730 sanctum
334 2710 402 2731 esse
418 2699 653 2743 dicamsquod
680 2707 786 2733 autem
807 2702 971 2739 dissimile,
993 2712 1118 2742 negem.
1163 2700 1229 2733 Eu.
1252 2701 1285 2731 Si
1306 2699 1352 2730 ita
1369 2700 1426 2736 vis,
1450 2709 1470 2729 o
1494 2697 1647 2732 Socrates,

172 2752 218 2783 ita
231 2753 350 2786 dicam.
392 2754 449 2788 So.
472 2754 574 2786 Immo
590 2756 674 2788 volo.
721 2756 787 2788 Eu.
814 2757 910 2793 Quod
924 2756 1052 2797 quidem
1068 2755 1129 2786 diis
1145 2754 1293 2790 amicum,
1309 2759 1451 2785 sanctum
1466 2757 1514 2783 est
1529 2763 1537 2782 ε
1561 2751 1647 2791 quod

174 2816 238 2837 non
254 2807 387 2839 amicum
402 2819 488 2849 vere,
499 2809 679 2851 profanum.
724 2810 781 2842 So.
807 2810 861 2852 [7]
887 2810 991 2847 Quam
1014 2809 1233 2850 pulcherrime,
1257 2819 1275 2839 o
1302 2807 1525 2848 Eutlryphron,
1550 2810 1647 2845 utque

173 2865 204 2892 te
215 2862 407 2903 respondere
430 2862 596 2904 jubebam,
617 2864 662 2894 sic
678 2864 816 2905 denique
833 2864 1052 2906 respondisti:
1078 2867 1180 2894 utrum
1197 2869 1301 2894 tamen
1316 2871 1423 2892 verum
1438 2858 1648 2901 responderis,

173 2915 314 2946 nondum
330 2915 424 2947 novi:
449 2917 504 2948 sed
519 2922 551 2947 tu
568 2917 661 2958 plane
678 2927 752 2948 vera
765 2918 833 2949 haec
848 2928 919 2949 esse
935 2918 1026 2948 nobis
1052 2918 1212 2949 ostendes.
1260 2916 1322 2947 Eu.
1345 2913 1482 2946 Omnino
1507 2912 1646 2954 quidem.

170 2967 229 2999 So-
250 2968 322 3014 Age
335 2969 445 3012 itaque
462 2970 509 3013 id,
533 2971 574 3004 dc
588 2982 652 3014 quo
677 2971 828 3011 dicimus,
852 2972 1098 3005 consideremus.
1143 2972 1218 3004 Deo
1234 2971 1366 3003 amicum
1379 2979 1475 3011 epm,
1498 2970 1652 3006 sanctum,
