1832 3256
201 187 296 237 322]
608 190 609 193 ’
745 181 1122 221 PROTAGORAS.
1607 188 1658 227 47

201 292 371 334 sapientem
388 300 466 321 esse.
511 287 594 329 Ergo
609 287 634 318 si
650 291 740 329 potes
754 287 867 317 clarius
882 287 1047 317 ostendere
1062 286 1165 326 nobis,
1186 286 1270 328 quod
1288 286 1383 318 virtus
1400 288 1541 320 doctrina
1556 289 1661 333 aliqua

201 349 407 387 comparetur,
433 342 562 373 ostende
585 341 726 380 obsecro,
750 350 791 371 ne
815 339 969 371 invideas.
1013 339 1123 370 Pnow.
1147 339 1242 370 Haud
1269 340 1430 382 invidebo,
1460 353 1479 372 o
1508 342 1661 376 Socrates.

203 400 264 430 Sed
281 403 381 429 utrum
395 396 482 427 vobis
496 400 642 436 tanquam
657 393 759 425 senior
779 392 958 433 junioribus
973 392 1110 423 fabulam
1126 392 1276 424 referam?
1300 403 1340 424 an
1363 405 1532 436 prosequar
1553 397 1662 438 dispu-

201 451 320 483 tando?
363 450 454 481 Tunc
482 459 556 480 sane
583 447 778 479 audientium
807 446 944 488 plurimi,
975 452 1136 488 utcunque
1160 447 1279 488 mallet,
1304 448 1408 479 dicere
1431 456 1662 483 concesserunt.

200 506 309 538 Paos.
334 504 507 536 Gratiorem
529 503 618 534 vobis
644 502 709 533 fore
735 502 872 532 fabulam
900 501 1040 533 arbitror.
1086 501 1168 532 Olim
1195 502 1385 543 quandoque
1409 502 1454 533 dii
1480 503 1539 533 soli
1563 509 1664 542 erant,

199 559 286 591 nulla
301 569 372 590 vero
387 557 563 588 mortalium
586 566 710 597 genera.
756 556 818 587 Sed
842 566 913 587 cum
936 560 1059 596 tempus
1079 556 1286 597 generationis
1309 556 1571 594 fataledannsset,
1594 557 1665 599 ipsa

201 613 246 645 dii
260 613 293 644 in
308 618 396 644 terrae
412 610 578 643 visceribus
593 621 631 641 ex
645 609 711 651 igni
725 615 866 651 terraque
882 610 1050 647 finxerunt,
1073 610 1352 640 intervenientibus
1367 610 1420 652 iis,
1435 621 1506 652 quae
1520 610 1587 652 igni
1605 616 1665 642 ter-

200 677 304 709 raeque
319 666 498 698 miscentur.
543 665 622 697 Cum
639 675 711 695 vero
732 665 865 695 educere
880 664 932 696 illa
947 664 979 694 in
997 664 1096 695 lucem
1114 664 1241 700 vellent,
1255 664 1442 696 Prometheo
1458 664 1663 706 Epimetheo-

200 733 263 765 qne
279 722 475 758 mandarunt,
502 724 538 751 ut
552 719 803 761 competentibus
819 719 936 750 viribus
951 718 1075 759 singula
1091 719 1323 760 praemunirent.
1369 719 1588 751 Prometheum
1604 721 1663 752 ita-

139 782 145 790 ‘
200 787 262 819 que
277 775 398 817 rogavit
411 773 626 816 Epimetheus,
648 778 685 803 ut
707 772 934 803 distributionis
955 771 1039 803 illius
1061 782 1171 802 munus
1186 772 1245 812 ipsi
1261 772 1460 812 concederet,
1477 772 1665 814 dispartien-

201 836 327 872 temque
350 829 568 861 consideraret.
613 826 780 859 Consensit
804 826 1029 857 Prometheus:
1054 825 1213 856 distribuit
1242 825 1306 857 ille.
1350 826 1546 863 Quibusdam
1574 828 1666 859 robur

201 885 319 926 absque
334 883 491 915 celeritate
506 881 632 918 indidit,
643 882 787 923 quaedam
797 880 998 912 imbecilliora
1010 879 1176 911 velocitate
1185 879 1335 911 donavit:
1359 880 1489 910 armavit
1502 881 1665 923 nonnulla,

201 938 369 970 inermibus
394 941 498 968 autem
522 935 605 966 aliud
631 935 790 976 quoddam
815 934 854 964 ad
879 934 1009 965 salutem
1033 933 1317 965 machinamentum
1339 933 1540 975 excogitavit.
1585 935 1667 972 Quae

202 992 284 1024 enim
300 992 412 1033 exiguo
428 1000 555 1032 corpore
570 989 734 1026 clauserat,
763 989 872 1029 partim
896 998 952 1029 per
974 987 1078 1019 a‘erem
1101 987 1214 1028 pennis
1229 987 1344 1028 attolli,
1359 988 1469 1028 partim
1486 998 1541 1029 per
1555 993 1665 1019 terram

204 1047 369 1087 subrepere
387 1044 503 1086 jussit:
528 1054 599 1085 quae
613 1053 686 1074 vero
710 1043 742 1073 in
763 1042 877 1073 molem
900 1042 1035 1082 amplam
1058 1046 1197 1079 auxerat,
1220 1051 1257 1070 ea
1279 1041 1346 1080 ipsa
1369 1040 1450 1071 mole
1473 1041 1513 1071 ad
1536 1041 1666 1072 salutem

205 1110 292 1130 suam
308 1099 460 1130 munivit:
485 1097 582 1138 [321]
606 1097 808 1137 similiterque
823 1096 855 1125 in
877 1095 988 1126 ceteris
1006 1102 1173 1133 exaequans
1194 1091 1351 1132 dispertiit
1373 1092 1506 1134 singula,
1530 1095 1610 1126 adeo
1632 1100 1668 1126 ut

204 1152 324 1183 nullum
340 1162 437 1192 genus
453 1151 577 1190 penitus
591 1149 792 1190 deperdatur.
836 1148 1008 1189 Postquam
1025 1147 1092 1187 ipsa
1107 1146 1151 1176 ita
1172 1145 1327 1183 instruxit,
1354 1151 1390 1177 ut
1404 1147 1582 1187 voraginem
1597 1159 1667 1180 mu.

203 1212 288 1237 tuam
305 1198 491 1240 devitarent,
518 1202 693 1242 excogitare
712 1201 778 1242 jam
794 1202 903 1242 coepit,
926 1211 988 1242 qua
1002 1200 1121 1231 ratione
1136 1210 1230 1241 quam
1245 1200 1392 1231 facillime
1415 1201 1472 1231 sub
1487 1201 1561 1232 divo
1576 1212 1667 1243 agere

203 1254 299 1290 vitam
315 1261 451 1300 possent.
495 1255 631 1286 Vestivit
644 1255 749 1296 itaque
765 1254 820 1285 illa
833 1253 1066 1285 confertissimis
1080 1253 1154 1295 pilis
1168 1253 1317 1295 setisque,
1333 1254 1529 1296 pellibusque
1540 1255 1668 1286 durissi-

204 1313 276 1354 mis,
291 1311 405 1353 quibus
419 1309 512 1341 facile
528 1314 593 1340 tum
609 1308 730 1344 hiemis,
755 1313 819 1339 tum
836 1312 929 1338 aestus
943 1307 1160 1349 intemperiem
1177 1307 1344 1338 tolerarent
1361 1318 1368 1337 ε
1393 1312 1426 1338 et
1439 1307 1594 1339 naturalia
1607 1308 1668 1341 illis

201 1372 371 1399 stramenta
384 1365 493 1396 iisdem
509 1375 546 1395 ex
560 1364 652 1395 rebus
674 1363 852 1404 cubiliaque
873 1362 1016 1404 paravit:
1041 1361 1236 1404 pedibusque
1259 1361 1358 1392 soleas
1373 1361 1508 1398 addidit,
1522 1363 1668 1405 ungulas,

204 1426 298 1458 setas,
311 1419 437 1455 callum,
463 1417 562 1459 pelles
583 1416 693 1448 itidem
707 1427 800 1458 quam
815 1416 1004 1447 durissimas.
1049 1415 1178 1447 Deinde
1194 1415 1341 1446 alimenta
1356 1415 1423 1446 aliis
1439 1415 1499 1446 alia
1514 1417 1667 1458 suppedi-

205 1474 296 1515 tavit,
310 1472 495 1514 quibusdam
510 1482 547 1503 ex
563 1475 642 1502 terra
657 1471 779 1506 herbas,
800 1469 960 1501 nonnullis
980 1480 1018 1501 ex
1041 1469 1202 1501 arboribus
1223 1480 1319 1511 poma
1339 1469 1525 1511 baccasque,
1546 1469 1668 1501 radices

204 1528 282 1560 aliis.
305 1537 364 1559 nec
377 1526 556 1564 defuerunt,
576 1525 689 1567 quibus
705 1525 794 1556 daret
815 1536 853 1556 ex
875 1524 994 1556 alterna
1008 1524 1154 1566 voragine
1169 1524 1300 1556 victum.
1345 1523 1492 1555 Ceterum
1507 1524 1669 1556 voracibus

204 1582 389 1614 animalibus
405 1591 502 1623 genus
516 1580 751 1622 quodammodo
766 1578 870 1610 sterile
887 1589 895 1609 :
918 1578 988 1609 aliis
1002 1583 1105 1610 autem
1121 1578 1291 1609 secundum
1307 1577 1408 1619 dedit,
1433 1582 1467 1609 ut
1489 1578 1549 1610 hoc
1573 1578 1667 1610 inodo

206 1646 304 1678 genus
325 1639 565 1667 conservaretur.
611 1633 693 1666 Cum
709 1644 782 1664 vero
804 1643 869 1664 non
892 1637 975 1664 esset
995 1633 1166 1663 admodum
1189 1632 1312 1673 sapiens
1336 1631 1554 1673 Epimetheus,
1577 1632 1668 1664 dotes

205 1701 315 1722 onines
328 1689 445 1721 inscius
460 1688 574 1720 effudit
588 1687 618 1718 in
642 1688 732 1718 bruta
746 1699 752 1717 :
777 1697 880 1728 neque
894 1685 1029 1716 advertit
1042 1685 1118 1716 nihil
1133 1696 1170 1716 ex
1186 1690 1271 1716 tanta
1288 1684 1348 1716 sibi
1362 1684 1544 1726 elargitione
1559 1695 1671 1727 super·

205 1745 285 1781 fore,
299 1753 363 1786 quo
379 1753 478 1785 genus
492 1746 630 1772 nostrum
652 1741 769 1772 deinde
791 1741 932 1771 donaret.
976 1739 1108 1771 Restitit
1121 1749 1195 1781 ergo
1219 1740 1380 1770 hominum
1395 1750 1493 1780 genus
1509 1739 1644 1771 immune
1658 1751 1667 1771 ε

206 1799 292 1829 unde
306 1809 369 1840 quo
391 1808 423 1828 se
436 1801 567 1828 verteret
591 1795 779 1835 ambigebat.
826 1794 997 1825 Dubitanti
1020 1794 1224 1825 Prometheus
1244 1793 1366 1824 adstitit
1385 1793 1564 1834 partitionis
1583 1793 1668 1825 illius

206 1853 429 1887 considerator,
444 1850 586 1890 viditque
607 1854 710 1880 cetera
731 1848 878 1878 animalia
897 1848 959 1877 suis
981 1857 1116 1887 quaeque
1139 1847 1219 1877 fulta
1239 1847 1418 1877 muneribus
1444 1846 1596 1888 bonisque
1622 1857 1670 1877 re-

205 1908 296 1948 ferta,
321 1905 477 1936 hominem
500 1908 603 1934 autem
629 1903 761 1938 nudum,
785 1901 948 1938 inermem,
970 1900 1159 1941 calceorum,
1186 1905 1486 1941 stramentorumque
1512 1900 1668 1942 indigum.

205 1961 277 1993 Jam
293 1970 365 1991 vero
379 1958 562 1990 imminebat
576 1955 679 1987 fatalis
693 1955 761 1996 ipse
787 1955 865 1992 dies,
889 1955 944 1996 qui
966 1955 1001 1985 in
1016 1955 1117 1986 lucem
1135 1958 1213 1985 terra
1226 1955 1308 1986 exire
1332 1955 1477 1996 cogebat.
1522 1954 1666 1996 Cumque

205 2015 296 2047 aliam
313 2013 420 2045 salutis
434 2013 577 2043 humanae
592 2011 673 2041 viam
688 2010 867 2042 consultans
880 2009 1084 2040 Prometheus
1099 2019 1163 2040 non
1178 2009 1342 2046 inveniret,
1369 2009 1518 2051 surripuit
1530 2008 1668 2042 Vulcani

207 2069 424 2110 Minervaeque
439 2066 636 2098 artificiosam
652 2075 724 2096 cum
739 2065 811 2106 igne
827 2064 942 2106 pariter
956 2064 1152 2105 sapientiam.
1175 2074 1279 2105 neque
1293 2064 1377 2095 enim
1392 2064 1456 2095 fieri
1473 2068 1607 2105 poterat,
1634 2068 1669 2095 ut

207 2135 276 2156 eam
292 2124 357 2154 sine
380 2123 452 2164 igne
473 2119 702 2152 nancisceretur
725 2119 806 2162 quis,
831 2118 881 2150 vel
903 2118 998 2150 ctiam
1019 2122 1167 2150 uteretur.
1209 2118 1288 2149 Eam
1309 2118 1417 2159 itaque
1438 2118 1483 2150 sic
1505 2117 1667 2149 hominum

210 2177 316 2221 generi
330 2175 533 2208 Prometheus
547 2179 595 2205 est
611 2173 739 2215 largitus
753 2185 761 2203 ε
785 2178 879 2214 atque
902 2173 946 2203 ita
969 2172 1155 2213 sapientiam
1177 2183 1247 2214 quae
1263 2172 1380 2204 victum
1396 2172 1578 2213 suppeditat
1591 2181 1666 2203 con-

208 2231 307 2264 secuti
323 2240 439 2262 sumus.
483 2229 604 2260 Deerat
617 2228 720 2259 adhuc
743 2227 845 2259 civilis
869 2227 1047 2258 hominibus
1069 2227 1234 2268 sapientia.
1279 2226 1355 2258 Erat
1369 2226 1422 2256 illa
1437 2225 1564 2268 quidem
1580 2226 1665 2267 apud

205 2286 338 2320 Jovem:
362 2283 452 2326 cujus
475 2293 575 2314 arcem
599 2282 768 2313 ascendere
792 2282 978 2313 Prometheo
999 2281 1140 2312 nondum
1155 2281 1282 2312 licebat.
1305 2280 1465 2311 horribiles
1480 2280 1563 2311 enim
1577 2279 1667 2311 Jovis

206 2339 306 2382 ipsius
320 2338 465 2371 custodes
480 2337 715 2369 circumstantes
737 2347 839 2368 arcem
862 2336 1082 2367 Prometheum
1105 2335 1314 2366 deterrebant.
1358 2334 1504 2366 Ceterum
1527 2344 1666 2365 commu-

208 2404 280 2427 nem
294 2392 431 2424 Vulcani
445 2391 663 2432 Minervaeque
687 2390 856 2431 officinam,
879 2390 910 2420 in
926 2400 988 2431 qua
1003 2394 1082 2420 artes
1097 2389 1329 2426 excolebantur,
1352 2388 1432 2419 clam
1447 2389 1602 2429 ingressus
1618 2388 1667 2418 su-

210 2451 294 2478 ratus
317 2450 365 2477 est
385 2446 510 2487 igneam
524 2444 660 2476 Vulcani
683 2449 791 2484 artem,
815 2444 972 2484 aliamque
996 2443 1163 2484 Minervae,
1184 2448 1279 2484 atque
1299 2442 1419 2473 homini
1433 2441 1581 2472 tradidit:
1605 2451 1668 2482 qua

210 2499 335 2531 vivendi
347 2499 480 2530 facultas
501 2498 627 2540 obtigit.
653 2497 750 2539 [322]
776 2497 980 2529 Prometheus
1000 2502 1117 2534 autem,
1133 2501 1168 2528 ut
1181 2496 1289 2536 fertur,
1305 2500 1432 2537 propter
1445 2495 1667 2537 Epimetheum

158 2557 161 2561 ’
210 2553 285 2585 furti
299 2563 406 2595 poenas
431 2552 530 2583 dedit.
573 2552 731 2589 Quoniam
747 2562 819 2583 vero
834 2551 918 2582 solus
931 2562 969 2583 ex
984 2551 1128 2582 omnibus
1142 2550 1351 2581 animantibus
1364 2550 1457 2579 homo
1473 2547 1588 2579 divinae
1603 2558 1670 2579 sor-

210 2609 250 2639 tis
266 2607 423 2649 particeps
439 2605 570 2637 effectus
585 2611 643 2644 est,
668 2605 823 2647 principio
847 2605 933 2636 solus
956 2605 998 2636 ob
1020 2605 1101 2636 hanc
1123 2604 1343 2646 cognationem
1359 2603 1435 2634 deos
1451 2612 1518 2633 esse
1534 2601 1669 2643 putavit,

212 2672 341 2704 arasque
356 2660 418 2691 illis
433 2664 613 2700 statuasque
635 2659 764 2692 dicavit.
788 2659 903 2690 deinde
918 2670 1027 2691 vocem
1050 2659 1084 2690 in
1099 2659 1193 2690 verba
1216 2657 1401 2688 articulatim
1425 2661 1490 2687 arte
1512 2655 1669 2692 distinxit,

212 2716 296 2747 aedes
311 2713 493 2752 construxit,
506 2717 609 2743 vestes
622 2712 808 2754 calceosque
821 2712 971 2749 confecit,
994 2716 1161 2743 stramenta
1177 2711 1359 2751 elaboravit,
1374 2721 1412 2741 ex
1428 2715 1505 2741 terra
1521 2709 1669 2740 alimenta

212 2768 351 2808 collegit.
395 2766 447 2798 Ita
460 2765 602 2797 homines
614 2766 654 2797 ab
667 2766 759 2797 initio
774 2766 935 2798 constituti
951 2765 1080 2808 sparsim
1095 2766 1289 2807 vagabantur
1303 2764 1548 2804 habitabuntque
1562 2773 1570 2793 :
1596 2773 1667 2792 nam

212 2823 304 2854 urbes
318 2821 457 2853 nondum
473 2824 718 2852 construxerant.
763 2820 846 2862 Ergo
862 2830 881 2851 a
895 2820 977 2857 feris,
993 2830 1064 2851 cum
1079 2819 1297 2852 imbecilliores
1313 2822 1427 2854 essent,
1442 2817 1556 2858 passim
1572 2815 1668 2846 lania-

212 2877 334 2908 bantur.
358 2874 470 2907 aruum
493 2874 575 2905 enim
599 2873 730 2905 facultas
753 2874 793 2905 ad
808 2874 924 2906 victum
947 2874 1190 2916 comparandum
1206 2871 1361 2905 sufficiens
1376 2875 1453 2909 erat,
1476 2870 1516 2902 ad
1531 2878 1668 2912 pugnum
