<?xml version="1.0" encoding="UTF-8"?>
<!DOCTYPE html PUBLIC "-//W3C//DTD XHTML 1.0 Transitional//EN"
    "http://www.w3.org/TR/xhtml1/DTD/xhtml1-transitional.dtd">
<html xmlns="http://www.w3.org/1999/xhtml" xml:lang="en" lang="en">
 <head>
  <title>
</title>
<meta http-equiv="Content-Type" content="text/html;charset=utf-8" />
  <meta name='ocr-system' content='tesseract 3.04.00' />
  <meta name='ocr-capabilities' content='ocr_page ocr_carea ocr_par ocr_line ocrx_word'/>
</head>
<body>
  <div class='ocr_page' id='page_1' title='image "./platonisetquaeve10plat_0224.png"; bbox 0 0 1846 3268; ppageno 0'>
   <div class='ocr_carea' id='block_1_1' title="bbox 234 249 1710 310">
    <p class='ocr_par' dir='ltr' id='par_1_1' title="bbox 234 249 1710 310">
     <span class='ocr_line' id='line_1_1' title="bbox 234 249 1710 310; baseline 0.001 -15"><span class='ocrx_word' id='word_1_1' title='bbox 234 250 321 295; x_wconf 72' lang='lat'>214</span> <span class='ocrx_word' id='word_1_2' title='bbox 836 249 1104 291; x_wconf 71' lang='lat' dir='ltr'>PLA&#39;roms</span> <span class='ocrx_word' id='word_1_3' title='bbox 1609 256 1710 310; x_wconf 78' lang='lat'>[49⁷</span> 
     </span>
    </p>
   </div>
   <div class='ocr_carea' id='block_1_2' title="bbox 227 353 1731 3002">
    <p class='ocr_par' dir='ltr' id='par_1_2' title="bbox 227 353 1731 3002">
     <span class='ocr_line' id='line_1_2' title="bbox 237 353 1708 398; baseline 0.002 -8"><span class='ocrx_word' id='word_1_4' title='bbox 237 357 384 391; x_wconf 84' lang='lat' dir='ltr'>nimirum</span> <span class='ocrx_word' id='word_1_5' title='bbox 397 353 466 389; x_wconf 55' lang='lat' dir='ltr'>hbe</span> <span class='ocrx_word' id='word_1_6' title='bbox 481 353 600 388; x_wconf 77' lang='lat' dir='ltr'>nonita</span> <span class='ocrx_word' id='word_1_7' title='bbox 614 363 648 386; x_wconf 89' lang='lat' dir='ltr'>se</span> <span class='ocrx_word' id='word_1_8' title='bbox 662 353 792 393; x_wconf 85' lang='lat' dir='ltr'>habent,</span> <span class='ocrx_word' id='word_1_9' title='bbox 806 357 844 386; x_wconf 85' lang='lat' dir='ltr'>ut</span> <span class='ocrx_word' id='word_1_10' title='bbox 857 353 987 387; x_wconf 85' lang='lat' dir='ltr'>alterum</span> <span class='ocrx_word' id='word_1_11' title='bbox 1010 354 1138 398; x_wconf 87' lang='lat' dir='ltr'>quidem</span> <span class='ocrx_word' id='word_1_12' title='bbox 1164 366 1271 390; x_wconf 87' lang='lat' dir='ltr'>eorum</span> <span class='ocrx_word' id='word_1_13' title='bbox 1289 356 1407 388; x_wconf 86' lang='lat' dir='ltr'>bonum</span> <span class='ocrx_word' id='word_1_14' title='bbox 1423 356 1475 396; x_wconf 87' lang='lat' dir='ltr'>sit,</span> <span class='ocrx_word' id='word_1_15' title='bbox 1489 356 1622 391; x_wconf 80' lang='lat' dir='ltr'>alterurn</span> <span class='ocrx_word' id='word_1_16' title='bbox 1632 369 1708 393; x_wconf 81' lang='lat' dir='ltr'>vero</span> 
     </span>
     <span class='ocr_line' id='line_1_3' title="bbox 235 408 1708 453; baseline 0.001 -8"><span class='ocrx_word' id='word_1_17' title='bbox 235 413 364 446; x_wconf 85' lang='lat' dir='ltr'>malum.</span> <span class='ocrx_word' id='word_1_18' title='bbox 385 412 496 443; x_wconf 62' lang='lat' dir='ltr'>haecne</span> <span class='ocrx_word' id='word_1_19' title='bbox 506 409 715 442; x_wconf 86' lang='lat' dir='ltr'>eonfitemur?</span> <span class='ocrx_word' id='word_1_20' title='bbox 738 408 815 451; x_wconf 88' lang='lat' dir='ltr'>quid</span> <span class='ocrx_word' id='word_1_21' title='bbox 828 418 1031 452; x_wconf 75' lang='lat' dir='ltr'>responsurus</span> <span class='ocrx_word' id='word_1_22' title='bbox 1044 409 1099 447; x_wconf 83' lang='lat' dir='ltr'>sis,</span> <span class='ocrx_word' id='word_1_23' title='bbox 1110 410 1276 443; x_wconf 85' lang='lat' dir='ltr'>considera</span> <span class='ocrx_word' id='word_1_24' title='bbox 1286 410 1465 453; x_wconf 76' lang='lat' dir='ltr'><strong>diligenter.</strong></span> <span class='ocrx_word' id='word_1_25' title='bbox 1509 411 1557 444; x_wconf 73' lang='lat' dir='ltr'>CA</span> <span class='ocrx_word' id='word_1_26' title='bbox 1563 422 1596 445; x_wconf 88' lang='lat'>1..</span> <span class='ocrx_word' id='word_1_27' title='bbox 1620 413 1708 446; x_wconf 87' lang='lat' dir='ltr'>Con-</span> 
     </span>
     <span class='ocr_line' id='line_1_4' title="bbox 235 462 1707 509; baseline 0.001 -10"><span class='ocrx_word' id='word_1_28' title='bbox 235 467 328 499; x_wconf 81' lang='lat' dir='ltr'>fiteor</span> <span class='ocrx_word' id='word_1_29' title='bbox 343 464 574 509; x_wconf 87' lang='lat' dir='ltr'>proculdubio.</span> <span class='ocrx_word' id='word_1_30' title='bbox 615 464 674 495; x_wconf 86' lang='lat' dir='ltr'>So.</span> <span class='ocrx_word' id='word_1_31' title='bbox 698 462 770 505; x_wconf 85' lang='lat' dir='ltr'>Age</span> <span class='ocrx_word' id='word_1_32' title='bbox 785 462 906 506; x_wconf 82' lang='lat' dir='ltr'>utique,</span> <span class='ocrx_word' id='word_1_33' title='bbox 922 464 963 495; x_wconf 84' lang='lat' dir='ltr'>ad</span> <span class='ocrx_word' id='word_1_34' title='bbox 986 463 1044 495; x_wconf 87' lang='lat' dir='ltr'>illa</span> <span class='ocrx_word' id='word_1_35' title='bbox 1067 475 1138 506; x_wconf 83' lang='lat' dir='ltr'>quae</span> <span class='ocrx_word' id='word_1_36' title='bbox 1162 465 1247 507; x_wconf 85' lang='lat' dir='ltr'>prius</span> <span class='ocrx_word' id='word_1_37' title='bbox 1270 465 1482 497; x_wconf 79' lang='lat' dir='ltr'>concessimus</span> <span class='ocrx_word' id='word_1_38' title='bbox 1506 471 1707 501; x_wconf 84' lang='lat' dir='ltr'>revertamur.</span> 
     </span>
     <span class='ocr_line' id='line_1_5' title="bbox 237 517 1709 562; baseline 0 -8"><span class='ocrx_word' id='word_1_39' title='bbox 237 522 420 554; x_wconf 84' lang='lat' dir='ltr'>Famescere</span> <span class='ocrx_word' id='word_1_40' title='bbox 434 517 645 561; x_wconf 84' lang='lat' dir='ltr'>voluptarium</span> <span class='ocrx_word' id='word_1_41' title='bbox 661 517 766 549; x_wconf 84' lang='lat' dir='ltr'>dixisti</span> <span class='ocrx_word' id='word_1_42' title='bbox 782 529 850 550; x_wconf 88' lang='lat' dir='ltr'>esse</span> <span class='ocrx_word' id='word_1_43' title='bbox 866 528 906 549; x_wconf 86' lang='lat' dir='ltr'>an</span> <span class='ocrx_word' id='word_1_44' title='bbox 922 517 1112 550; x_wconf 82' lang='lat' dir='ltr'>molestum?</span> <span class='ocrx_word' id='word_1_45' title='bbox 1135 519 1176 551; x_wconf 91' lang='lat' dir='ltr'>de</span> <span class='ocrx_word' id='word_1_46' title='bbox 1200 519 1282 551; x_wconf 83' lang='lat' dir='ltr'>fame</span> <span class='ocrx_word' id='word_1_47' title='bbox 1308 519 1378 562; x_wconf 86' lang='lat' dir='ltr'>ipsa</span> <span class='ocrx_word' id='word_1_48' title='bbox 1402 519 1574 562; x_wconf 87' lang='lat' dir='ltr'>interrogo.</span> <span class='ocrx_word' id='word_1_49' title='bbox 1619 521 1709 554; x_wconf 69' lang='lat' dir='ltr'>Cn..</span> 
     </span>
     <span class='ocr_line' id='line_1_6' title="bbox 235 572 1708 617; baseline -0.001 -10"><span class='ocrx_word' id='word_1_50' title='bbox 235 576 410 607; x_wconf 89' lang='lat' dir='ltr'>Molestum</span> <span class='ocrx_word' id='word_1_51' title='bbox 425 573 584 615; x_wconf 78' lang='lat' dir='ltr'>equidem.</span> <span class='ocrx_word' id='word_1_52' title='bbox 606 583 645 604; x_wconf 83' lang='lat' dir='ltr'>ac</span> <span class='ocrx_word' id='word_1_53' title='bbox 659 577 763 604; x_wconf 87' lang='lat' dir='ltr'>tamen</span> <span class='ocrx_word' id='word_1_54' title='bbox 775 572 997 604; x_wconf 85' lang='lat' dir='ltr'>famescentem</span> <span class='ocrx_word' id='word_1_55' title='bbox 1011 573 1188 612; x_wconf 84' lang='lat' dir='ltr'>comedere,</span> <span class='ocrx_word' id='word_1_56' title='bbox 1199 574 1420 616; x_wconf 82' lang='lat' dir='ltr'>voluptarium.</span> <span class='ocrx_word' id='word_1_57' title='bbox 1463 574 1520 606; x_wconf 88' lang='lat' dir='ltr'>So.</span> <span class='ocrx_word' id='word_1_58' title='bbox 1542 574 1612 617; x_wconf 80' lang='lat' dir='ltr'>Ego</span> <span class='ocrx_word' id='word_1_59' title='bbox 1626 586 1708 617; x_wconf 86' lang='lat' dir='ltr'>qun-</span> 
     </span>
     <span class='ocr_line' id='line_1_7' title="bbox 235 626 1704 672; baseline 0.001 -11"><span class='ocrx_word' id='word_1_60' title='bbox 235 641 299 672; x_wconf 85' lang='lat' dir='ltr'>que</span> <span class='ocrx_word' id='word_1_61' title='bbox 324 628 479 669; x_wconf 79' lang='lat' dir='ltr'>intelligo.</span> <span class='ocrx_word' id='word_1_62' title='bbox 517 631 550 658; x_wconf 87' lang='lat' dir='ltr'>at</span> <span class='ocrx_word' id='word_1_63' title='bbox 573 637 645 658; x_wconf 85' lang='lat' dir='ltr'>vero</span> <span class='ocrx_word' id='word_1_64' title='bbox 673 626 772 658; x_wconf 81' lang='lat' dir='ltr'>fames</span> <span class='ocrx_word' id='word_1_65' title='bbox 801 627 871 669; x_wconf 85' lang='lat' dir='ltr'>ipsa</span> <span class='ocrx_word' id='word_1_66' title='bbox 894 626 1026 659; x_wconf 83' lang='lat' dir='ltr'>molesta</span> <span class='ocrx_word' id='word_1_67' title='bbox 1055 632 1114 665; x_wconf 90' lang='lat' dir='ltr'>est,</span> <span class='ocrx_word' id='word_1_68' title='bbox 1139 638 1180 659; x_wconf 87' lang='lat' dir='ltr'>an</span> <span class='ocrx_word' id='word_1_69' title='bbox 1201 629 1290 660; x_wconf 87' lang='lat' dir='ltr'>non?</span> <span class='ocrx_word' id='word_1_70' title='bbox 1336 629 1423 662; x_wconf 68' lang='lat' dir='ltr'>Cn..</span> <span class='ocrx_word' id='word_1_71' title='bbox 1447 629 1600 660; x_wconf 82' lang='lat' dir='ltr'>Molesta.</span> <span class='ocrx_word' id='word_1_72' title='bbox 1645 630 1704 662; x_wconf 84' lang='lat' dir='ltr'>So.</span> 
     </span>
     <span class='ocr_line' id='line_1_8' title="bbox 234 681 1706 725; baseline 0.001 -10"><span class='ocrx_word' id='word_1_73' title='bbox 234 684 352 716; x_wconf 82' lang='lat' dir='ltr'>Nonne</span> <span class='ocrx_word' id='word_1_74' title='bbox 367 687 401 714; x_wconf 85' lang='lat' dir='ltr'>et</span> <span class='ocrx_word' id='word_1_75' title='bbox 414 682 505 714; x_wconf 84' lang='lat' dir='ltr'>sitis?</span> <span class='ocrx_word' id='word_1_76' title='bbox 550 681 636 714; x_wconf 69' lang='lat' dir='ltr'>Cu..</span> <span class='ocrx_word' id='word_1_77' title='bbox 660 681 882 714; x_wconf 82' lang='lat' dir='ltr'>Vehementer.</span> <span class='ocrx_word' id='word_1_78' title='bbox 926 681 980 713; x_wconf 93' lang='lat' dir='ltr'>So.</span> <span class='ocrx_word' id='word_1_79' title='bbox 1003 681 1116 714; x_wconf 82' lang='lat' dir='ltr'>Utrum</span> <span class='ocrx_word' id='word_1_80' title='bbox 1131 693 1205 725; x_wconf 85' lang='lat' dir='ltr'>ergo</span> <span class='ocrx_word' id='word_1_81' title='bbox 1219 683 1352 725; x_wconf 88' lang='lat' dir='ltr'>amplius</span> <span class='ocrx_word' id='word_1_82' title='bbox 1366 693 1384 715; x_wconf 86' lang='lat' dir='ltr'>a</span> <span class='ocrx_word' id='word_1_83' title='bbox 1399 694 1448 715; x_wconf 91' lang='lat' dir='ltr'>me</span> <span class='ocrx_word' id='word_1_84' title='bbox 1463 683 1562 725; x_wconf 82' lang='lat' dir='ltr'>quaeri</span> <span class='ocrx_word' id='word_1_85' title='bbox 1578 683 1647 715; x_wconf 77' lang='lat' dir='ltr'>vis?</span> <span class='ocrx_word' id='word_1_86' title='bbox 1664 695 1706 716; x_wconf 80' lang='lat' dir='ltr'>an</span> 
     </span>
     <span class='ocr_line' id='line_1_9' title="bbox 234 736 1704 780; baseline 0.001 -10"><span class='ocrx_word' id='word_1_87' title='bbox 234 737 392 771; x_wconf 76' lang='lat' dir='ltr'>confiteris</span> <span class='ocrx_word' id='word_1_88' title='bbox 407 736 613 779; x_wconf 83' lang='lat' dir='ltr'>indigentiam</span> <span class='ocrx_word' id='word_1_89' title='bbox 629 746 753 767; x_wconf 91' lang='lat' dir='ltr'>omnem</span> <span class='ocrx_word' id='word_1_90' title='bbox 781 742 876 779; x_wconf 89' lang='lat' dir='ltr'>atque</span> <span class='ocrx_word' id='word_1_91' title='bbox 891 736 1097 779; x_wconf 73' lang='lat' dir='ltr'>cupiditatem</span> <span class='ocrx_word' id='word_1_92' title='bbox 1125 736 1240 768; x_wconf 88' lang='lat' dir='ltr'>doloris</span> <span class='ocrx_word' id='word_1_93' title='bbox 1265 748 1333 769; x_wconf 83' lang='lat' dir='ltr'>esse</span> <span class='ocrx_word' id='word_1_94' title='bbox 1355 737 1570 780; x_wconf 75' lang='lat' dir='ltr'>participem?</span> <span class='ocrx_word' id='word_1_95' title='bbox 1615 738 1704 772; x_wconf 64' lang='lat' dir='ltr'>Cat..</span> 
     </span>
     <span class='ocr_line' id='line_1_10' title="bbox 235 790 1705 834; baseline 0.001 -10"><span class='ocrx_word' id='word_1_96' title='bbox 235 793 409 825; x_wconf 83' lang='lat' dir='ltr'>Confiteor.</span> <span class='ocrx_word' id='word_1_97' title='bbox 431 801 472 823; x_wconf 89' lang='lat' dir='ltr'>ne</span> <span class='ocrx_word' id='word_1_98' title='bbox 496 791 578 822; x_wconf 83' lang='lat' dir='ltr'>ultra</span> <span class='ocrx_word' id='word_1_99' title='bbox 601 800 733 832; x_wconf 80' lang='lat' dir='ltr'>quaeras.</span> <span class='ocrx_word' id='word_1_100' title='bbox 780 790 837 822; x_wconf 88' lang='lat' dir='ltr'>So.</span> <span class='ocrx_word' id='word_1_101' title='bbox 859 790 950 822; x_wconf 88' lang='lat' dir='ltr'>Esto.</span> <span class='ocrx_word' id='word_1_102' title='bbox 994 790 1158 822; x_wconf 85' lang='lat' dir='ltr'>Sitientem</span> <span class='ocrx_word' id='word_1_103' title='bbox 1173 801 1246 822; x_wconf 86' lang='lat' dir='ltr'>vero</span> <span class='ocrx_word' id='word_1_104' title='bbox 1272 791 1378 823; x_wconf 82' lang='lat' dir='ltr'>bibere</span> <span class='ocrx_word' id='word_1_105' title='bbox 1401 791 1613 834; x_wconf 81' lang='lat' dir='ltr'>voluptarium</span> <span class='ocrx_word' id='word_1_106' title='bbox 1635 803 1705 825; x_wconf 86' lang='lat' dir='ltr'>esse</span> 
     </span>
     <span class='ocr_line' id='line_1_11' title="bbox 233 843 1704 886; baseline -0.001 -7"><span class='ocrx_word' id='word_1_107' title='bbox 233 846 333 879; x_wconf 88' lang='lat' dir='ltr'>dicis?</span> <span class='ocrx_word' id='word_1_108' title='bbox 379 846 466 883; x_wconf 58' lang='lat' dir='ltr'>Car..</span> <span class='ocrx_word' id='word_1_109' title='bbox 491 844 590 877; x_wconf 84' lang='lat' dir='ltr'>Dico.</span> <span class='ocrx_word' id='word_1_110' title='bbox 635 844 691 876; x_wconf 90' lang='lat' dir='ltr'>So.</span> <span class='ocrx_word' id='word_1_111' title='bbox 716 843 762 874; x_wconf 88' lang='lat' dir='ltr'>Ex</span> <span class='ocrx_word' id='word_1_112' title='bbox 778 844 838 875; x_wconf 88' lang='lat' dir='ltr'>hoc</span> <span class='ocrx_word' id='word_1_113' title='bbox 854 855 928 886; x_wconf 87' lang='lat' dir='ltr'>ergo</span> <span class='ocrx_word' id='word_1_114' title='bbox 942 844 1028 886; x_wconf 85' lang='lat' dir='ltr'>quod</span> <span class='ocrx_word' id='word_1_115' title='bbox 1044 843 1102 885; x_wconf 87' lang='lat' dir='ltr'>ais,</span> <span class='ocrx_word' id='word_1_116' title='bbox 1115 843 1272 875; x_wconf 83' lang='lat' dir='ltr'>sitientem</span> <span class='ocrx_word' id='word_1_117' title='bbox 1285 844 1413 886; x_wconf 88' lang='lat' dir='ltr'>quidem</span> <span class='ocrx_word' id='word_1_118' title='bbox 1429 855 1508 882; x_wconf 82' lang='lat' dir='ltr'>esse,</span> <span class='ocrx_word' id='word_1_119' title='bbox 1524 845 1704 877; x_wconf 84' lang='lat' dir='ltr'>dolorosum</span> 
     </span>
     <span class='ocr_line' id='line_1_12' title="bbox 233 896 1705 941; baseline -0.001 -8"><span class='ocrx_word' id='word_1_120' title='bbox 233 906 293 933; x_wconf 83' lang='lat' dir='ltr'>est.</span> <span class='ocrx_word' id='word_1_121' title='bbox 337 896 424 932; x_wconf 51' lang='lat' dir='ltr'>cni..</span> <span class='ocrx_word' id='word_1_122' title='bbox 450 899 520 932; x_wconf 82' lang='lat' dir='ltr'>Est.</span> <span class='ocrx_word' id='word_1_123' title='bbox 564 899 618 930; x_wconf 90' lang='lat' dir='ltr'>So.</span> <span class='ocrx_word' id='word_1_124' title='bbox 640 898 757 930; x_wconf 87' lang='lat' dir='ltr'>Bibere</span> <span class='ocrx_word' id='word_1_125' title='bbox 774 908 846 930; x_wconf 87' lang='lat' dir='ltr'>vero</span> <span class='ocrx_word' id='word_1_126' title='bbox 861 898 1001 941; x_wconf 73' lang='lat' dir='ltr'>expletio</span> <span class='ocrx_word' id='word_1_127' title='bbox 1025 903 1074 929; x_wconf 83' lang='lat' dir='ltr'>est</span> <span class='ocrx_word' id='word_1_128' title='bbox 1098 898 1281 940; x_wconf 66' lang='lat' dir='ltr'>indigentiae</span> <span class='ocrx_word' id='word_1_129' title='bbox 1304 903 1399 940; x_wconf 90' lang='lat' dir='ltr'>atque</span> <span class='ocrx_word' id='word_1_130' title='bbox 1414 899 1573 941; x_wconf 85' lang='lat' dir='ltr'>voluptas.</span> <span class='ocrx_word' id='word_1_131' title='bbox 1617 899 1705 932; x_wconf 71' lang='lat' dir='ltr'>Cu..</span> 
     </span>
     <span class='ocr_line' id='line_1_13' title="bbox 233 951 1706 995; baseline -0.001 -8"><span class='ocrx_word' id='word_1_132' title='bbox 233 956 295 988; x_wconf 81' lang='lat' dir='ltr'>Ita.</span> <span class='ocrx_word' id='word_1_133' title='bbox 341 956 393 986; x_wconf 86' lang='lat' dir='ltr'>So.</span> <span class='ocrx_word' id='word_1_134' title='bbox 417 952 574 995; x_wconf 86' lang='lat' dir='ltr'>Nunquid</span> <span class='ocrx_word' id='word_1_135' title='bbox 598 963 672 994; x_wconf 88' lang='lat' dir='ltr'>ergo</span> <span class='ocrx_word' id='word_1_136' title='bbox 698 962 761 994; x_wconf 87' lang='lat' dir='ltr'>qua</span> <span class='ocrx_word' id='word_1_137' title='bbox 787 951 908 984; x_wconf 80' lang='lat' dir='ltr'>ratione</span> <span class='ocrx_word' id='word_1_138' title='bbox 923 953 1014 990; x_wconf 85' lang='lat' dir='ltr'>bibit,</span> <span class='ocrx_word' id='word_1_139' title='bbox 1030 953 1166 995; x_wconf 86' lang='lat' dir='ltr'>gaudere</span> <span class='ocrx_word' id='word_1_140' title='bbox 1189 952 1294 984; x_wconf 85' lang='lat' dir='ltr'>dieis?</span> <span class='ocrx_word' id='word_1_141' title='bbox 1340 953 1428 985; x_wconf 69' lang='lat' dir='ltr'>Car..</span> <span class='ocrx_word' id='word_1_142' title='bbox 1449 952 1601 985; x_wconf 77' lang='lat' dir='ltr'>Maxime.</span> <span class='ocrx_word' id='word_1_143' title='bbox 1646 953 1706 985; x_wconf 84' lang='lat' dir='ltr'>So·</span> 
     </span>
     <span class='ocr_line' id='line_1_14' title="bbox 234 1005 1703 1048; baseline -0.001 -8"><span class='ocrx_word' id='word_1_144' title='bbox 234 1009 400 1047; x_wconf 77' lang='lat' dir='ltr'>Quatenus</span> <span class='ocrx_word' id='word_1_145' title='bbox 421 1006 498 1038; x_wconf 38' lang='lat' dir='ltr'>*vero</span> <span class='ocrx_word' id='word_1_146' title='bbox 519 1006 596 1044; x_wconf 79' lang='lat' dir='ltr'>sitit,</span> <span class='ocrx_word' id='word_1_147' title='bbox 622 1005 755 1037; x_wconf 86' lang='lat' dir='ltr'>dolere?</span> <span class='ocrx_word' id='word_1_148' title='bbox 800 1005 887 1038; x_wconf 67' lang='lat' dir='ltr'>cn..</span> <span class='ocrx_word' id='word_1_149' title='bbox 911 1006 1015 1038; x_wconf 83' lang='lat' dir='ltr'>Certe.</span> <span class='ocrx_word' id='word_1_150' title='bbox 1071 1007 1137 1038; x_wconf 87' lang='lat' dir='ltr'>So.·</span> <span class='ocrx_word' id='word_1_151' title='bbox 1160 1006 1265 1037; x_wconf 81' lang='lat' dir='ltr'>Sentis</span> <span class='ocrx_word' id='word_1_152' title='bbox 1295 1006 1401 1048; x_wconf 82' lang='lat' dir='ltr'>igitur,</span> <span class='ocrx_word' id='word_1_153' title='bbox 1427 1006 1503 1048; x_wconf 90' lang='lat' dir='ltr'>quid</span> <span class='ocrx_word' id='word_1_154' title='bbox 1530 1008 1703 1048; x_wconf 86' lang='lat' dir='ltr'>sequatur?</span> 
     </span>
     <span class='ocr_line' id='line_1_15' title="bbox 234 1060 1703 1102; baseline -0.001 -7"><span class='ocrx_word' id='word_1_155' title='bbox 234 1063 382 1095; x_wconf 84' lang='lat' dir='ltr'>videlicet</span> <span class='ocrx_word' id='word_1_156' title='bbox 395 1061 487 1093; x_wconf 85' lang='lat' dir='ltr'>fateri</span> <span class='ocrx_word' id='word_1_157' title='bbox 511 1065 554 1098; x_wconf 88' lang='lat' dir='ltr'>te,</span> <span class='ocrx_word' id='word_1_158' title='bbox 577 1060 737 1091; x_wconf 88' lang='lat' dir='ltr'>dolentem</span> <span class='ocrx_word' id='word_1_159' title='bbox 765 1060 902 1102; x_wconf 83' lang='lat' dir='ltr'>gaudere</span> <span class='ocrx_word' id='word_1_160' title='bbox 926 1060 1031 1098; x_wconf 88' lang='lat' dir='ltr'>simul,</span> <span class='ocrx_word' id='word_1_161' title='bbox 1046 1061 1174 1102; x_wconf 91' lang='lat' dir='ltr'>quando</span> <span class='ocrx_word' id='word_1_162' title='bbox 1200 1060 1356 1092; x_wconf 78' lang='lat' dir='ltr'>sitientem</span> <span class='ocrx_word' id='word_1_163' title='bbox 1380 1060 1460 1092; x_wconf 88' lang='lat' dir='ltr'>dicis</span> <span class='ocrx_word' id='word_1_164' title='bbox 1485 1061 1603 1093; x_wconf 85' lang='lat' dir='ltr'>bibere.</span> <span class='ocrx_word' id='word_1_165' title='bbox 1646 1060 1703 1093; x_wconf 85' lang='lat' dir='ltr'>An</span> 
     </span>
     <span class='ocr_line' id='line_1_16' title="bbox 233 1114 1704 1157; baseline -0.001 -9"><span class='ocrx_word' id='word_1_166' title='bbox 233 1128 298 1148; x_wconf 86' lang='lat' dir='ltr'>non</span> <span class='ocrx_word' id='word_1_167' title='bbox 314 1116 406 1148; x_wconf 87' lang='lat' dir='ltr'>simul</span> <span class='ocrx_word' id='word_1_168' title='bbox 418 1115 450 1146; x_wconf 88' lang='lat' dir='ltr'>id</span> <span class='ocrx_word' id='word_1_169' title='bbox 464 1114 571 1147; x_wconf 81' lang='lat' dir='ltr'>evenit</span> <span class='ocrx_word' id='word_1_170' title='bbox 585 1115 699 1146; x_wconf 90' lang='lat' dir='ltr'>eodem</span> <span class='ocrx_word' id='word_1_171' title='bbox 713 1114 746 1145; x_wconf 87' lang='lat' dir='ltr'>in</span> <span class='ocrx_word' id='word_1_172' title='bbox 762 1114 833 1146; x_wconf 88' lang='lat' dir='ltr'>loco</span> <span class='ocrx_word' id='word_1_173' title='bbox 848 1119 944 1157; x_wconf 87' lang='lat' dir='ltr'>atque</span> <span class='ocrx_word' id='word_1_174' title='bbox 960 1119 1113 1156; x_wconf 86' lang='lat' dir='ltr'>tempore,</span> <span class='ocrx_word' id='word_1_175' title='bbox 1128 1114 1194 1146; x_wconf 83' lang='lat' dir='ltr'>sive</span> <span class='ocrx_word' id='word_1_176' title='bbox 1217 1114 1301 1147; x_wconf 76' lang='lat' dir='ltr'>circa</span> <span class='ocrx_word' id='word_1_177' title='bbox 1325 1114 1460 1146; x_wconf 85' lang='lat' dir='ltr'>animam</span> <span class='ocrx_word' id='word_1_178' title='bbox 1476 1114 1525 1146; x_wconf 81' lang='lat' dir='ltr'>vis</span> <span class='ocrx_word' id='word_1_179' title='bbox 1538 1114 1605 1146; x_wconf 78' lang='lat' dir='ltr'>sive</span> <span class='ocrx_word' id='word_1_180' title='bbox 1619 1114 1704 1147; x_wconf 78' lang='lat' dir='ltr'>circa</span> 
     </span>
     <span class='ocr_line' id='line_1_17' title="bbox 233 1167 1704 1213; baseline -0.003 -9"><span class='ocrx_word' id='word_1_181' title='bbox 233 1182 347 1213; x_wconf 82' lang='lat' dir='ltr'>corpus</span> <span class='ocrx_word' id='word_1_182' title='bbox 360 1172 371 1202; x_wconf 86' lang='lat'>?</span> <span class='ocrx_word' id='word_1_183' title='bbox 394 1170 472 1202; x_wconf 88' lang='lat' dir='ltr'>nihil</span> <span class='ocrx_word' id='word_1_184' title='bbox 488 1169 572 1201; x_wconf 91' lang='lat' dir='ltr'>enim</span> <span class='ocrx_word' id='word_1_185' title='bbox 587 1169 691 1206; x_wconf 81' lang='lat' dir='ltr'>refert,</span> <span class='ocrx_word' id='word_1_186' title='bbox 705 1174 742 1199; x_wconf 89' lang='lat' dir='ltr'>ut</span> <span class='ocrx_word' id='word_1_187' title='bbox 757 1169 899 1202; x_wconf 78' lang='lat' dir='ltr'>arbitror.</span> <span class='ocrx_word' id='word_1_188' title='bbox 945 1168 1037 1200; x_wconf 84' lang='lat' dir='ltr'>Itane</span> <span class='ocrx_word' id='word_1_189' title='bbox 1053 1174 1112 1210; x_wconf 87' lang='lat' dir='ltr'>est,</span> <span class='ocrx_word' id='word_1_190' title='bbox 1126 1179 1166 1200; x_wconf 85' lang='lat' dir='ltr'>an</span> <span class='ocrx_word' id='word_1_191' title='bbox 1181 1168 1293 1201; x_wconf 85' lang='lat' dir='ltr'>aliter?</span> <span class='ocrx_word' id='word_1_192' title='bbox 1339 1168 1426 1202; x_wconf 71' lang='lat' dir='ltr'>Cn..</span> <span class='ocrx_word' id='word_1_193' title='bbox 1447 1167 1511 1202; x_wconf 86' lang='lat' dir='ltr'>Ita.</span> <span class='ocrx_word' id='word_1_194' title='bbox 1555 1169 1614 1201; x_wconf 83' lang='lat' dir='ltr'>So.</span> <span class='ocrx_word' id='word_1_195' title='bbox 1636 1168 1704 1201; x_wconf 88' lang='lat' dir='ltr'>Ve-</span> 
     </span>
     <span class='ocr_line' id='line_1_18' title="bbox 232 1222 1702 1271; baseline -0.001 -14"><span class='ocrx_word' id='word_1_196' title='bbox 232 1232 395 1258; x_wconf 79' lang='lat' dir='ltr'>runtamen</span> <span class='ocrx_word' id='word_1_197' title='bbox 411 1225 536 1257; x_wconf 76' lang='lat' dir='ltr'>felicem</span> <span class='ocrx_word' id='word_1_198' title='bbox 551 1234 619 1256; x_wconf 88' lang='lat' dir='ltr'>esse</span> <span class='ocrx_word' id='word_1_199' title='bbox 633 1223 725 1255; x_wconf 82' lang='lat' dir='ltr'>simul</span> <span class='ocrx_word' id='word_1_200' title='bbox 741 1228 774 1255; x_wconf 88' lang='lat' dir='ltr'>et</span> <span class='ocrx_word' id='word_1_201' title='bbox 786 1223 956 1271; x_wconf 79' lang='lat' dir='ltr'>infelicem,</span> <span class='ocrx_word' id='word_1_202' title='bbox 971 1223 1167 1266; x_wconf 85' lang='lat' dir='ltr'>impossibile</span> <span class='ocrx_word' id='word_1_203' title='bbox 1181 1234 1249 1255; x_wconf 83' lang='lat' dir='ltr'>esse</span> <span class='ocrx_word' id='word_1_204' title='bbox 1260 1223 1378 1255; x_wconf 88' lang='lat' dir='ltr'>dixisti.</span> <span class='ocrx_word' id='word_1_205' title='bbox 1422 1223 1510 1256; x_wconf 68' lang='lat' dir='ltr'>Car..</span> <span class='ocrx_word' id='word_1_206' title='bbox 1532 1222 1702 1266; x_wconf 86' lang='lat' dir='ltr'>Equidem.</span> 
     </span>
     <span class='ocr_line' id='line_1_19' title="bbox 233 1277 1703 1322; baseline -0.001 -10"><span class='ocrx_word' id='word_1_207' title='bbox 233 1280 330 1322; x_wconf 79' lang='grc'><strong>[497]</strong></span> <span class='ocrx_word' id='word_1_208' title='bbox 354 1279 410 1311; x_wconf 86' lang='lat' dir='ltr'>So.</span> <span class='ocrx_word' id='word_1_209' title='bbox 434 1278 480 1310; x_wconf 85' lang='lat' dir='ltr'>At</span> <span class='ocrx_word' id='word_1_210' title='bbox 495 1289 567 1310; x_wconf 87' lang='lat' dir='ltr'>vero</span> <span class='ocrx_word' id='word_1_211' title='bbox 593 1277 752 1310; x_wconf 84' lang='lat' dir='ltr'>dolentem</span> <span class='ocrx_word' id='word_1_212' title='bbox 777 1277 915 1320; x_wconf 83' lang='lat' dir='ltr'>gaudere</span> <span class='ocrx_word' id='word_1_213' title='bbox 942 1288 1046 1320; x_wconf 87' lang='lat' dir='ltr'>posse,</span> <span class='ocrx_word' id='word_1_214' title='bbox 1062 1277 1222 1309; x_wconf 83' lang='lat' dir='ltr'>confessus</span> <span class='ocrx_word' id='word_1_215' title='bbox 1246 1288 1292 1309; x_wconf 83' lang='lat' dir='ltr'>es.</span> <span class='ocrx_word' id='word_1_216' title='bbox 1334 1277 1422 1310; x_wconf 70' lang='lat' dir='ltr'>Cu..</span> <span class='ocrx_word' id='word_1_217' title='bbox 1445 1277 1602 1320; x_wconf 82' lang='lat' dir='ltr'>Apparet.</span> <span class='ocrx_word' id='word_1_218' title='bbox 1644 1277 1703 1311; x_wconf 86' lang='lat' dir='ltr'>So.</span> 
     </span>
     <span class='ocr_line' id='line_1_20' title="bbox 232 1331 1701 1376; baseline -0.002 -11"><span class='ocrx_word' id='word_1_219' title='bbox 232 1335 434 1376; x_wconf 77' lang='lat' dir='ltr'>Quapropter</span> <span class='ocrx_word' id='word_1_220' title='bbox 448 1333 584 1375; x_wconf 84' lang='lat' dir='ltr'>gaudere</span> <span class='ocrx_word' id='word_1_221' title='bbox 598 1342 663 1363; x_wconf 88' lang='lat' dir='ltr'>non</span> <span class='ocrx_word' id='word_1_222' title='bbox 676 1331 759 1363; x_wconf 89' lang='lat' dir='ltr'>idem</span> <span class='ocrx_word' id='word_1_223' title='bbox 775 1336 823 1363; x_wconf 87' lang='lat' dir='ltr'>est</span> <span class='ocrx_word' id='word_1_224' title='bbox 837 1335 933 1373; x_wconf 82' lang='lat' dir='ltr'>atque</span> <span class='ocrx_word' id='word_1_225' title='bbox 947 1341 1015 1363; x_wconf 89' lang='lat' dir='ltr'>esse</span> <span class='ocrx_word' id='word_1_226' title='bbox 1029 1331 1168 1372; x_wconf 77' lang='lat' dir='ltr'>felicem,</span> <span class='ocrx_word' id='word_1_227' title='bbox 1183 1341 1286 1374; x_wconf 90' lang='lat' dir='ltr'>neque</span> <span class='ocrx_word' id='word_1_228' title='bbox 1300 1331 1408 1363; x_wconf 91' lang='lat' dir='ltr'>dolere</span> <span class='ocrx_word' id='word_1_229' title='bbox 1421 1331 1504 1363; x_wconf 86' lang='lat' dir='ltr'>idem</span> <span class='ocrx_word' id='word_1_230' title='bbox 1520 1331 1606 1374; x_wconf 87' lang='lat' dir='ltr'>quod</span> <span class='ocrx_word' id='word_1_231' title='bbox 1621 1331 1701 1363; x_wconf 86' lang='lat' dir='ltr'>infe·</span> 
     </span>
     <span class='ocr_line' id='line_1_21' title="bbox 231 1384 1702 1429; baseline -0.003 -8"><span class='ocrx_word' id='word_1_232' title='bbox 231 1389 322 1421; x_wconf 89' lang='lat' dir='ltr'>licem</span> <span class='ocrx_word' id='word_1_233' title='bbox 339 1398 419 1420; x_wconf 75' lang='lat' dir='ltr'>esse.</span> <span class='ocrx_word' id='word_1_234' title='bbox 463 1387 606 1429; x_wconf 88' lang='lat' dir='ltr'>Ideoque</span> <span class='ocrx_word' id='word_1_235' title='bbox 631 1386 717 1417; x_wconf 87' lang='lat' dir='ltr'>aliud</span> <span class='ocrx_word' id='word_1_236' title='bbox 733 1385 879 1427; x_wconf 81' lang='lat' dir='ltr'>voluptas</span> <span class='ocrx_word' id='word_1_237' title='bbox 902 1391 951 1417; x_wconf 82' lang='lat' dir='ltr'>est</span> <span class='ocrx_word' id='word_1_238' title='bbox 973 1396 1066 1428; x_wconf 83' lang='lat' dir='ltr'>quam</span> <span class='ocrx_word' id='word_1_239' title='bbox 1093 1386 1220 1417; x_wconf 90' lang='lat' dir='ltr'>bonum.</span> <span class='ocrx_word' id='word_1_240' title='bbox 1267 1385 1354 1419; x_wconf 62' lang='lat' dir='ltr'>Car..</span> <span class='ocrx_word' id='word_1_241' title='bbox 1376 1384 1506 1423; x_wconf 89' lang='lat' dir='ltr'>Nescio,</span> <span class='ocrx_word' id='word_1_242' title='bbox 1522 1385 1599 1428; x_wconf 89' lang='lat' dir='ltr'>quid</span> <span class='ocrx_word' id='word_1_243' title='bbox 1614 1396 1702 1417; x_wconf 81' lang='lat' dir='ltr'>eom·</span> 
     </span>
     <span class='ocr_line' id='line_1_22' title="bbox 231 1439 1701 1483; baseline -0.002 -9"><span class='ocrx_word' id='word_1_244' title='bbox 231 1443 391 1483; x_wconf 87' lang='lat' dir='ltr'>menteris,</span> <span class='ocrx_word' id='word_1_245' title='bbox 406 1453 426 1473; x_wconf 93' lang='lat' dir='ltr'>o</span> <span class='ocrx_word' id='word_1_246' title='bbox 438 1441 594 1473; x_wconf 79' lang='lat' dir='ltr'>Socrates.</span> <span class='ocrx_word' id='word_1_247' title='bbox 638 1440 695 1473; x_wconf 90' lang='lat' dir='ltr'>So.</span> <span class='ocrx_word' id='word_1_248' title='bbox 719 1440 821 1471; x_wconf 85' lang='lat' dir='ltr'>Immo</span> <span class='ocrx_word' id='word_1_249' title='bbox 837 1439 909 1478; x_wconf 89' lang='lat' dir='ltr'>scis,</span> <span class='ocrx_word' id='word_1_250' title='bbox 925 1440 979 1472; x_wconf 91' lang='lat' dir='ltr'>sed</span> <span class='ocrx_word' id='word_1_251' title='bbox 995 1450 1058 1471; x_wconf 88' lang='lat' dir='ltr'>non</span> <span class='ocrx_word' id='word_1_252' title='bbox 1075 1439 1122 1471; x_wconf 83' lang='lat' dir='ltr'>vis</span> <span class='ocrx_word' id='word_1_253' title='bbox 1135 1439 1239 1480; x_wconf 82' lang='lat' dir='ltr'>fateri,</span> <span class='ocrx_word' id='word_1_254' title='bbox 1249 1439 1418 1471; x_wconf 83' lang='lat' dir='ltr'>Callicles:</span> <span class='ocrx_word' id='word_1_255' title='bbox 1442 1443 1476 1471; x_wconf 79' lang='lat' dir='ltr'>at</span> <span class='ocrx_word' id='word_1_256' title='bbox 1485 1449 1581 1481; x_wconf 83' lang='lat' dir='ltr'>perge</span> <span class='ocrx_word' id='word_1_257' title='bbox 1592 1449 1701 1482; x_wconf 61' lang='lat' dir='ltr'>quw-so</span> 
     </span>
     <span class='ocr_line' id='line_1_23' title="bbox 230 1493 1701 1540; baseline -0.001 -12"><span class='ocrx_word' id='word_1_258' title='bbox 230 1497 452 1540; x_wconf 84' lang='lat' dir='ltr'>respondendo</span> <span class='ocrx_word' id='word_1_259' title='bbox 466 1506 475 1527; x_wconf 72' lang='grc' dir='ltr'><strong><em>ι</em></strong></span> <span class='ocrx_word' id='word_1_260' title='bbox 496 1495 579 1527; x_wconf 88' lang='lat' dir='ltr'>ultro</span> <span class='ocrx_word' id='word_1_261' title='bbox 593 1494 678 1527; x_wconf 90' lang='lat' dir='ltr'>enim</span> <span class='ocrx_word' id='word_1_262' title='bbox 700 1494 833 1526; x_wconf 77' lang='lat' dir='ltr'>delirasz</span> <span class='ocrx_word' id='word_1_263' title='bbox 860 1500 895 1525; x_wconf 92' lang='lat' dir='ltr'>ut</span> <span class='ocrx_word' id='word_1_264' title='bbox 919 1504 1013 1535; x_wconf 82' lang='lat' dir='ltr'>quam</span> <span class='ocrx_word' id='word_1_265' title='bbox 1039 1494 1164 1536; x_wconf 84' lang='lat' dir='ltr'>sapiens</span> <span class='ocrx_word' id='word_1_266' title='bbox 1179 1493 1222 1525; x_wconf 90' lang='lat' dir='ltr'>sis</span> <span class='ocrx_word' id='word_1_267' title='bbox 1236 1503 1402 1536; x_wconf 81' lang='lat' dir='ltr'>agnoscas,</span> <span class='ocrx_word' id='word_1_268' title='bbox 1417 1493 1472 1535; x_wconf 91' lang='lat' dir='ltr'>qui</span> <span class='ocrx_word' id='word_1_269' title='bbox 1488 1503 1538 1525; x_wconf 91' lang='lat' dir='ltr'>me</span> <span class='ocrx_word' id='word_1_270' title='bbox 1552 1493 1701 1536; x_wconf 78' lang='lat' dir='ltr'>castigas.</span> 
     </span>
     <span class='ocr_line' id='line_1_24' title="bbox 230 1547 1700 1593; baseline -0.002 -11"><span class='ocrx_word' id='word_1_271' title='bbox 230 1550 348 1582; x_wconf 88' lang='lat' dir='ltr'>Nonne</span> <span class='ocrx_word' id='word_1_272' title='bbox 363 1549 579 1593; x_wconf 67' lang='lat' dir='ltr'>unusquisque</span> <span class='ocrx_word' id='word_1_273' title='bbox 602 1553 742 1580; x_wconf 84' lang='lat' dir='ltr'>nostrum</span> <span class='ocrx_word' id='word_1_274' title='bbox 769 1548 855 1579; x_wconf 89' lang='lat' dir='ltr'>sitire</span> <span class='ocrx_word' id='word_1_275' title='bbox 879 1547 1009 1586; x_wconf 88' lang='lat' dir='ltr'>desinit,</span> <span class='ocrx_word' id='word_1_276' title='bbox 1024 1554 1120 1590; x_wconf 89' lang='lat' dir='ltr'>atque</span> <span class='ocrx_word' id='word_1_277' title='bbox 1145 1547 1236 1579; x_wconf 87' lang='lat' dir='ltr'>simul</span> <span class='ocrx_word' id='word_1_278' title='bbox 1263 1548 1399 1589; x_wconf 85' lang='lat' dir='ltr'>gaudere</span> <span class='ocrx_word' id='word_1_279' title='bbox 1422 1553 1550 1590; x_wconf 90' lang='lat' dir='ltr'>propter</span> <span class='ocrx_word' id='word_1_280' title='bbox 1564 1547 1700 1590; x_wconf 82' lang='lat' dir='ltr'>potum?</span> 
     </span>
     <span class='ocr_line' id='line_1_25' title="bbox 231 1601 1700 1646; baseline -0.001 -10"><span class='ocrx_word' id='word_1_281' title='bbox 231 1605 319 1637; x_wconf 69' lang='lat' dir='ltr'>Car..</span> <span class='ocrx_word' id='word_1_282' title='bbox 342 1603 461 1636; x_wconf 89' lang='lat' dir='ltr'>Nescio</span> <span class='ocrx_word' id='word_1_283' title='bbox 476 1603 554 1646; x_wconf 87' lang='lat' dir='ltr'>quid</span> <span class='ocrx_word' id='word_1_284' title='bbox 567 1603 665 1636; x_wconf 88' lang='lat' dir='ltr'>dicas.</span> <span class='ocrx_word' id='word_1_285' title='bbox 710 1602 802 1635; x_wconf 73' lang='lat' dir='ltr'>Gon.</span> <span class='ocrx_word' id='word_1_286' title='bbox 826 1602 1037 1645; x_wconf 80' lang='lat' dir='ltr'>Nequaquam</span> <span class='ocrx_word' id='word_1_287' title='bbox 1053 1603 1108 1640; x_wconf 82' lang='lat' dir='ltr'>ita,</span> <span class='ocrx_word' id='word_1_288' title='bbox 1124 1613 1144 1634; x_wconf 91' lang='lat' dir='ltr'>o</span> <span class='ocrx_word' id='word_1_289' title='bbox 1160 1602 1321 1634; x_wconf 87' lang='lat' dir='ltr'>Callicles.</span> <span class='ocrx_word' id='word_1_290' title='bbox 1344 1601 1440 1633; x_wconf 86' lang='lat' dir='ltr'>immo</span> <span class='ocrx_word' id='word_1_291' title='bbox 1456 1602 1612 1644; x_wconf 87' lang='lat' dir='ltr'>responde</span> <span class='ocrx_word' id='word_1_292' title='bbox 1626 1612 1700 1634; x_wconf 83' lang='lat' dir='ltr'>nos·</span> 
     </span>
     <span class='ocr_line' id='line_1_26' title="bbox 232 1655 1700 1700; baseline -0.001 -10"><span class='ocrx_word' id='word_1_293' title='bbox 232 1659 270 1690; x_wconf 85' lang='lat' dir='ltr'>tri</span> <span class='ocrx_word' id='word_1_294' title='bbox 291 1659 401 1700; x_wconf 83' lang='lat' dir='ltr'>gratia,</span> <span class='ocrx_word' id='word_1_295' title='bbox 416 1663 453 1689; x_wconf 91' lang='lat' dir='ltr'>ut</span> <span class='ocrx_word' id='word_1_296' title='bbox 477 1657 652 1700; x_wconf 84' lang='lat' dir='ltr'>disputatio</span> <span class='ocrx_word' id='word_1_297' title='bbox 675 1657 894 1689; x_wconf 79' lang='lat' dir='ltr'>concludatur.</span> <span class='ocrx_word' id='word_1_298' title='bbox 939 1656 1025 1689; x_wconf 67' lang='lat' dir='ltr'>Car..</span> <span class='ocrx_word' id='word_1_299' title='bbox 1047 1655 1094 1688; x_wconf 81' lang='lat' dir='ltr'>At</span> <span class='ocrx_word' id='word_1_300' title='bbox 1105 1667 1178 1689; x_wconf 81' lang='lat' dir='ltr'>vero</span> <span class='ocrx_word' id='word_1_301' title='bbox 1205 1666 1327 1699; x_wconf 82' lang='lat' dir='ltr'>semper</span> <span class='ocrx_word' id='word_1_302' title='bbox 1353 1656 1424 1688; x_wconf 84' lang='lat' dir='ltr'>talis</span> <span class='ocrx_word' id='word_1_303' title='bbox 1448 1661 1497 1687; x_wconf 87' lang='lat' dir='ltr'>est</span> <span class='ocrx_word' id='word_1_304' title='bbox 1510 1656 1700 1698; x_wconf 84' lang='lat' dir='ltr'>Socrates‚o</span> 
     </span>
     <span class='ocr_line' id='line_1_27' title="bbox 229 1709 1699 1755; baseline -0.002 -10"><span class='ocrx_word' id='word_1_305' title='bbox 229 1713 359 1755; x_wconf 77' lang='lat' dir='ltr'>Gorgia.</span> <span class='ocrx_word' id='word_1_306' title='bbox 380 1712 495 1754; x_wconf 81' lang='lat' dir='ltr'>exigua</span> <span class='ocrx_word' id='word_1_307' title='bbox 509 1712 592 1744; x_wconf 90' lang='lat' dir='ltr'>enim</span> <span class='ocrx_word' id='word_1_308' title='bbox 604 1717 637 1743; x_wconf 85' lang='lat' dir='ltr'>et</span> <span class='ocrx_word' id='word_1_309' title='bbox 644 1711 761 1743; x_wconf 88' lang='lat' dir='ltr'>nullius</span> <span class='ocrx_word' id='word_1_310' title='bbox 771 1711 920 1743; x_wconf 78' lang='lat' dir='ltr'>momenti</span> <span class='ocrx_word' id='word_1_311' title='bbox 933 1710 1084 1753; x_wconf 88' lang='lat' dir='ltr'>perquirit</span> <span class='ocrx_word' id='word_1_312' title='bbox 1099 1715 1193 1753; x_wconf 89' lang='lat' dir='ltr'>atque</span> <span class='ocrx_word' id='word_1_313' title='bbox 1208 1710 1378 1753; x_wconf 87' lang='lat' dir='ltr'>redarguit.</span> <span class='ocrx_word' id='word_1_314' title='bbox 1422 1709 1514 1743; x_wconf 78' lang='lat' dir='ltr'>Gon..</span> <span class='ocrx_word' id='word_1_315' title='bbox 1539 1711 1626 1749; x_wconf 87' lang='lat' dir='ltr'>Quid</span> <span class='ocrx_word' id='word_1_316' title='bbox 1643 1715 1699 1743; x_wconf 80' lang='lat' dir='ltr'>tua</span> 
     </span>
     <span class='ocr_line' id='line_1_28' title="bbox 231 1765 1699 1808; baseline -0.002 -9"><span class='ocrx_word' id='word_1_317' title='bbox 231 1767 349 1799; x_wconf 82' lang='lat' dir='ltr'>refert?</span> <span class='ocrx_word' id='word_1_318' title='bbox 365 1778 430 1798; x_wconf 86' lang='lat' dir='ltr'>non</span> <span class='ocrx_word' id='word_1_319' title='bbox 444 1767 527 1798; x_wconf 86' lang='lat' dir='ltr'>enim</span> <span class='ocrx_word' id='word_1_320' title='bbox 537 1766 597 1798; x_wconf 88' lang='lat' dir='ltr'>hoc</span> <span class='ocrx_word' id='word_1_321' title='bbox 608 1771 696 1797; x_wconf 90' lang='lat' dir='ltr'>tuum</span> <span class='ocrx_word' id='word_1_322' title='bbox 711 1765 848 1797; x_wconf 87' lang='lat' dir='ltr'>officium</span> <span class='ocrx_word' id='word_1_323' title='bbox 855 1770 914 1802; x_wconf 80' lang='lat' dir='ltr'>est,</span> <span class='ocrx_word' id='word_1_324' title='bbox 929 1776 949 1796; x_wconf 93' lang='lat' dir='ltr'>o</span> <span class='ocrx_word' id='word_1_325' title='bbox 962 1765 1110 1798; x_wconf 80' lang='lat' dir='ltr'>Callicles</span> <span class='ocrx_word' id='word_1_326' title='bbox 1125 1777 1133 1796; x_wconf 88' lang='lat'>:</span> <span class='ocrx_word' id='word_1_327' title='bbox 1149 1765 1202 1796; x_wconf 85' lang='lat' dir='ltr'>sed</span> <span class='ocrx_word' id='word_1_328' title='bbox 1215 1765 1372 1807; x_wconf 85' lang='lat' dir='ltr'>permitte,</span> <span class='ocrx_word' id='word_1_329' title='bbox 1385 1770 1420 1797; x_wconf 92' lang='lat' dir='ltr'>ut</span> <span class='ocrx_word' id='word_1_330' title='bbox 1430 1770 1541 1808; x_wconf 79' lang='lat' dir='ltr'>arguat</span> <span class='ocrx_word' id='word_1_331' title='bbox 1549 1765 1699 1797; x_wconf 86' lang='lat' dir='ltr'>arbitratu</span> 
     </span>
     <span class='ocr_line' id='line_1_29' title="bbox 229 1819 1698 1862; baseline -0.001 -10"><span class='ocrx_word' id='word_1_332' title='bbox 229 1832 298 1853; x_wconf 88' lang='lat' dir='ltr'>suo.</span> <span class='ocrx_word' id='word_1_333' title='bbox 345 1821 433 1853; x_wconf 70' lang='lat' dir='ltr'>Cn..</span> <span class='ocrx_word' id='word_1_334' title='bbox 457 1821 572 1858; x_wconf 86' lang='lat' dir='ltr'>Quaere</span> <span class='ocrx_word' id='word_1_335' title='bbox 586 1819 691 1861; x_wconf 84' lang='lat' dir='ltr'>igitur,</span> <span class='ocrx_word' id='word_1_336' title='bbox 706 1820 861 1857; x_wconf 84' lang='lat' dir='ltr'>Socrates,</span> <span class='ocrx_word' id='word_1_337' title='bbox 877 1820 918 1851; x_wconf 91' lang='lat' dir='ltr'>de</span> <span class='ocrx_word' id='word_1_338' title='bbox 932 1821 1074 1862; x_wconf 85' lang='lat' dir='ltr'>angustis</span> <span class='ocrx_word' id='word_1_339' title='bbox 1089 1830 1126 1852; x_wconf 87' lang='lat' dir='ltr'>ac</span> <span class='ocrx_word' id='word_1_340' title='bbox 1142 1820 1255 1851; x_wconf 84' lang='lat' dir='ltr'>vilibus</span> <span class='ocrx_word' id='word_1_341' title='bbox 1267 1819 1358 1851; x_wconf 84' lang='lat' dir='ltr'>istis:</span> <span class='ocrx_word' id='word_1_342' title='bbox 1380 1819 1552 1862; x_wconf 80' lang='lat' dir='ltr'>quandoid</span> <span class='ocrx_word' id='word_1_343' title='bbox 1569 1819 1698 1862; x_wconf 72' lang='lat' dir='ltr'>Gorgiae</span> 
     </span>
     <span class='ocr_line' id='line_1_30' title="bbox 230 1874 1698 1917; baseline 0 -11"><span class='ocrx_word' id='word_1_344' title='bbox 230 1875 347 1917; x_wconf 89' lang='lat' dir='ltr'>placet.</span> <span class='ocrx_word' id='word_1_345' title='bbox 392 1875 449 1906; x_wconf 90' lang='lat' dir='ltr'>So.</span> <span class='ocrx_word' id='word_1_346' title='bbox 472 1874 596 1907; x_wconf 85' lang='lat' dir='ltr'>Siccine</span> <span class='ocrx_word' id='word_1_347' title='bbox 612 1875 721 1906; x_wconf 83' lang='lat' dir='ltr'>beatus</span> <span class='ocrx_word' id='word_1_348' title='bbox 736 1884 783 1915; x_wconf 86' lang='lat' dir='ltr'>es,</span> <span class='ocrx_word' id='word_1_349' title='bbox 799 1885 818 1906; x_wconf 93' lang='lat' dir='ltr'>o</span> <span class='ocrx_word' id='word_1_350' title='bbox 834 1874 996 1912; x_wconf 83' lang='lat' dir='ltr'>Callicles,</span> <span class='ocrx_word' id='word_1_351' title='bbox 1010 1880 1047 1906; x_wconf 82' lang='lat' dir='ltr'>ut</span> <span class='ocrx_word' id='word_1_352' title='bbox 1062 1885 1176 1916; x_wconf 83' lang='lat' dir='ltr'>magna</span> <span class='ocrx_word' id='word_1_353' title='bbox 1190 1879 1378 1906; x_wconf 85' lang='lat' dir='ltr'>consecutus</span> <span class='ocrx_word' id='word_1_354' title='bbox 1393 1875 1540 1917; x_wconf 75' lang='lat' dir='ltr'>mysteria</span> <span class='ocrx_word' id='word_1_355' title='bbox 1554 1874 1596 1906; x_wconf 84' lang='lat' dir='ltr'>sis</span> <span class='ocrx_word' id='word_1_356' title='bbox 1612 1875 1698 1917; x_wconf 86' lang='lat' dir='ltr'>prius</span> 
     </span>
     <span class='ocr_line' id='line_1_31' title="bbox 230 1928 1699 1970; baseline 0 -11"><span class='ocrx_word' id='word_1_357' title='bbox 230 1939 325 1970; x_wconf 85' lang='lat' dir='ltr'>quam</span> <span class='ocrx_word' id='word_1_358' title='bbox 341 1938 447 1970; x_wconf 84' lang='lat' dir='ltr'>parva.</span> <span class='ocrx_word' id='word_1_359' title='bbox 469 1939 530 1970; x_wconf 85' lang='lat' dir='ltr'>ego</span> <span class='ocrx_word' id='word_1_360' title='bbox 545 1938 617 1960; x_wconf 85' lang='lat' dir='ltr'>vero</span> <span class='ocrx_word' id='word_1_361' title='bbox 632 1928 678 1959; x_wconf 83' lang='lat' dir='ltr'>fas</span> <span class='ocrx_word' id='word_1_362' title='bbox 694 1938 762 1960; x_wconf 86' lang='lat' dir='ltr'>esse</span> <span class='ocrx_word' id='word_1_363' title='bbox 785 1938 849 1959; x_wconf 89' lang='lat' dir='ltr'>non</span> <span class='ocrx_word' id='word_1_364' title='bbox 871 1928 1068 1970; x_wconf 85' lang='lat' dir='ltr'>judicabam.</span> <span class='ocrx_word' id='word_1_365' title='bbox 1115 1928 1178 1960; x_wconf 87' lang='lat' dir='ltr'>Sed</span> <span class='ocrx_word' id='word_1_366' title='bbox 1196 1928 1264 1970; x_wconf 87' lang='lat' dir='ltr'>jam</span> <span class='ocrx_word' id='word_1_367' title='bbox 1281 1938 1439 1960; x_wconf 78' lang='lat' dir='ltr'>resumens</span> <span class='ocrx_word' id='word_1_368' title='bbox 1456 1929 1541 1960; x_wconf 91' lang='lat' dir='ltr'>unde</span> <span class='ocrx_word' id='word_1_369' title='bbox 1555 1928 1699 1966; x_wconf 79' lang='lat' dir='ltr'>amisisti,</span> 
     </span>
     <span class='ocr_line' id='line_1_32' title="bbox 229 1981 1698 2024; baseline 0 -9"><span class='ocrx_word' id='word_1_370' title='bbox 229 1983 397 2024; x_wconf 82' lang='lat' dir='ltr'>responde.</span> <span class='ocrx_word' id='word_1_371' title='bbox 442 1983 495 2014; x_wconf 87' lang='lat' dir='ltr'>An</span> <span class='ocrx_word' id='word_1_372' title='bbox 510 1993 575 2014; x_wconf 90' lang='lat' dir='ltr'>non</span> <span class='ocrx_word' id='word_1_373' title='bbox 592 1982 684 2014; x_wconf 78' lang='lat' dir='ltr'>simul</span> <span class='ocrx_word' id='word_1_374' title='bbox 701 1981 818 2014; x_wconf 87' lang='lat' dir='ltr'>desinit</span> <span class='ocrx_word' id='word_1_375' title='bbox 833 1982 904 2024; x_wconf 89' lang='lat' dir='ltr'>quis</span> <span class='ocrx_word' id='word_1_376' title='bbox 920 1981 1005 2014; x_wconf 88' lang='lat' dir='ltr'>sitire</span> <span class='ocrx_word' id='word_1_377' title='bbox 1020 1987 1116 2024; x_wconf 84' lang='lat' dir='ltr'>atque</span> <span class='ocrx_word' id='word_1_378' title='bbox 1131 1983 1288 2023; x_wconf 87' lang='lat' dir='ltr'>gaudere?</span> <span class='ocrx_word' id='word_1_379' title='bbox 1326 1982 1413 2014; x_wconf 69' lang='lat' dir='ltr'>CAL.</span> <span class='ocrx_word' id='word_1_380' title='bbox 1437 1982 1600 2015; x_wconf 80' lang='lat' dir='ltr'>concedo.</span> <span class='ocrx_word' id='word_1_381' title='bbox 1637 1982 1698 2016; x_wconf 79' lang='lat' dir='ltr'>so.</span> 
     </span>
     <span class='ocr_line' id='line_1_33' title="bbox 228 2035 1731 2078; baseline 0 -10"><span class='ocrx_word' id='word_1_382' title='bbox 228 2036 347 2069; x_wconf 88' lang='lat' dir='ltr'>Nonne</span> <span class='ocrx_word' id='word_1_383' title='bbox 361 2041 395 2068; x_wconf 86' lang='lat' dir='ltr'>et</span> <span class='ocrx_word' id='word_1_384' title='bbox 416 2037 597 2073; x_wconf 81' lang='lat' dir='ltr'>famescere,</span> <span class='ocrx_word' id='word_1_385' title='bbox 612 2036 753 2078; x_wconf 85' lang='lat' dir='ltr'>aliasque</span> <span class='ocrx_word' id='word_1_386' title='bbox 779 2035 970 2078; x_wconf 87' lang='lat' dir='ltr'>cupiditates</span> <span class='ocrx_word' id='word_1_387' title='bbox 992 2036 1108 2068; x_wconf 85' lang='lat' dir='ltr'>habere</span> <span class='ocrx_word' id='word_1_388' title='bbox 1129 2036 1221 2067; x_wconf 86' lang='lat' dir='ltr'>simul</span> <span class='ocrx_word' id='word_1_389' title='bbox 1247 2040 1342 2078; x_wconf 87' lang='lat' dir='ltr'>atque</span> <span class='ocrx_word' id='word_1_390' title='bbox 1356 2035 1536 2078; x_wconf 85' lang='lat' dir='ltr'>voluptates</span> <span class='ocrx_word' id='word_1_391' title='bbox 1559 2037 1700 2069; x_wconf 78' lang='lat' dir='ltr'>desinit?</span> <span class='ocrx_word' id='word_1_392' title='bbox 1727 2069 1731 2072; x_wconf 74' lang='grc'><strong>,</strong></span> 
     </span>
     <span class='ocr_line' id='line_1_34' title="bbox 229 2090 1699 2133; baseline 0.001 -10"><span class='ocrx_word' id='word_1_393' title='bbox 229 2091 316 2124; x_wconf 68' lang='grc' dir='ltr'>ΟΜ..</span> <span class='ocrx_word' id='word_1_394' title='bbox 339 2091 389 2123; x_wconf 83' lang='lat' dir='ltr'>Ita</span> <span class='ocrx_word' id='word_1_395' title='bbox 402 2096 460 2123; x_wconf 87' lang='lat' dir='ltr'>est.</span> <span class='ocrx_word' id='word_1_396' title='bbox 503 2090 561 2124; x_wconf 89' lang='lat' dir='ltr'>So.</span> <span class='ocrx_word' id='word_1_397' title='bbox 585 2090 641 2122; x_wconf 90' lang='lat' dir='ltr'>An</span> <span class='ocrx_word' id='word_1_398' title='bbox 666 2101 731 2121; x_wconf 87' lang='lat' dir='ltr'>non</span> <span class='ocrx_word' id='word_1_399' title='bbox 757 2101 831 2133; x_wconf 83' lang='lat' dir='ltr'>ergo</span> <span class='ocrx_word' id='word_1_400' title='bbox 857 2095 890 2122; x_wconf 88' lang='lat' dir='ltr'>et</span> <span class='ocrx_word' id='word_1_401' title='bbox 914 2090 1038 2122; x_wconf 88' lang='lat' dir='ltr'>dolores</span> <span class='ocrx_word' id='word_1_402' title='bbox 1063 2095 1097 2122; x_wconf 87' lang='lat' dir='ltr'>et</span> <span class='ocrx_word' id='word_1_403' title='bbox 1112 2090 1289 2132; x_wconf 84' lang='lat' dir='ltr'>voluptates</span> <span class='ocrx_word' id='word_1_404' title='bbox 1316 2090 1406 2121; x_wconf 85' lang='lat' dir='ltr'>simul</span> <span class='ocrx_word' id='word_1_405' title='bbox 1433 2096 1537 2122; x_wconf 82' lang='lat' dir='ltr'>cessat</span> <span class='ocrx_word' id='word_1_406' title='bbox 1558 2091 1699 2124; x_wconf 80' lang='lat' dir='ltr'>habere?</span> 
     </span>
     <span class='ocr_line' id='line_1_35' title="bbox 229 2144 1700 2186; baseline 0 -8"><span class='ocrx_word' id='word_1_407' title='bbox 229 2146 318 2179; x_wconf 60' lang='lat' dir='ltr'>Cat..</span> <span class='ocrx_word' id='word_1_408' title='bbox 340 2146 402 2178; x_wconf 86' lang='lat' dir='ltr'>Ita.</span> <span class='ocrx_word' id='word_1_409' title='bbox 448 2146 503 2178; x_wconf 89' lang='lat' dir='ltr'>So.</span> <span class='ocrx_word' id='word_1_410' title='bbox 527 2145 744 2178; x_wconf 81' lang='lat' dir='ltr'>Veruntamen</span> <span class='ocrx_word' id='word_1_411' title='bbox 761 2156 779 2176; x_wconf 87' lang='lat' dir='ltr'>a</span> <span class='ocrx_word' id='word_1_412' title='bbox 795 2145 886 2177; x_wconf 86' lang='lat' dir='ltr'>bouis</span> <span class='ocrx_word' id='word_1_413' title='bbox 901 2150 934 2176; x_wconf 87' lang='lat' dir='ltr'>et</span> <span class='ocrx_word' id='word_1_414' title='bbox 948 2155 967 2176; x_wconf 87' lang='lat' dir='ltr'>a</span> <span class='ocrx_word' id='word_1_415' title='bbox 981 2144 1071 2176; x_wconf 87' lang='lat' dir='ltr'>malis</span> <span class='ocrx_word' id='word_1_416' title='bbox 1086 2155 1150 2176; x_wconf 88' lang='lat' dir='ltr'>non</span> <span class='ocrx_word' id='word_1_417' title='bbox 1166 2144 1255 2176; x_wconf 85' lang='lat' dir='ltr'>simul</span> <span class='ocrx_word' id='word_1_418' title='bbox 1278 2151 1391 2186; x_wconf 86' lang='lat' dir='ltr'>cessat,</span> <span class='ocrx_word' id='word_1_419' title='bbox 1406 2150 1442 2176; x_wconf 91' lang='lat' dir='ltr'>ut</span> <span class='ocrx_word' id='word_1_420' title='bbox 1459 2149 1493 2176; x_wconf 89' lang='lat' dir='ltr'>tu</span> <span class='ocrx_word' id='word_1_421' title='bbox 1509 2145 1604 2176; x_wconf 90' lang='lat' dir='ltr'>modo</span> <span class='ocrx_word' id='word_1_422' title='bbox 1618 2146 1700 2178; x_wconf 75' lang='lat' dir='ltr'>fate·</span> 
     </span>
     <span class='ocr_line' id='line_1_36' title="bbox 227 2199 1700 2243; baseline 0 -11"><span class='ocrx_word' id='word_1_423' title='bbox 227 2200 322 2232; x_wconf 88' lang='lat' dir='ltr'>baris.</span> <span class='ocrx_word' id='word_1_424' title='bbox 343 2210 429 2232; x_wconf 86' lang='lat' dir='ltr'>nuuc</span> <span class='ocrx_word' id='word_1_425' title='bbox 445 2210 518 2232; x_wconf 90' lang='lat' dir='ltr'>vero</span> <span class='ocrx_word' id='word_1_426' title='bbox 543 2210 608 2230; x_wconf 89' lang='lat' dir='ltr'>non</span> <span class='ocrx_word' id='word_1_427' title='bbox 635 2199 817 2231; x_wconf 84' lang='lat' dir='ltr'>confiteris?</span> <span class='ocrx_word' id='word_1_428' title='bbox 866 2199 953 2232; x_wconf 70' lang='lat' dir='ltr'>Cn..</span> <span class='ocrx_word' id='word_1_429' title='bbox 976 2199 1146 2242; x_wconf 84' lang='lat' dir='ltr'>Equidem.</span> <span class='ocrx_word' id='word_1_430' title='bbox 1171 2200 1226 2231; x_wconf 87' lang='lat' dir='ltr'>sed</span> <span class='ocrx_word' id='word_1_431' title='bbox 1247 2199 1323 2242; x_wconf 86' lang='lat' dir='ltr'>quid</span> <span class='ocrx_word' id='word_1_432' title='bbox 1349 2199 1440 2230; x_wconf 87' lang='lat' dir='ltr'>tum?</span> <span class='ocrx_word' id='word_1_433' title='bbox 1493 2199 1550 2232; x_wconf 87' lang='lat' dir='ltr'>So.</span> <span class='ocrx_word' id='word_1_434' title='bbox 1571 2199 1700 2243; x_wconf 81' lang='lat' dir='ltr'>Nempe</span> 
     </span>
     <span class='ocr_line' id='line_1_37' title="bbox 228 2253 1700 2296; baseline 0 -10"><span class='ocrx_word' id='word_1_435' title='bbox 228 2265 294 2286; x_wconf 87' lang='lat' dir='ltr'>non</span> <span class='ocrx_word' id='word_1_436' title='bbox 317 2255 430 2287; x_wconf 87' lang='lat' dir='ltr'>eadem</span> <span class='ocrx_word' id='word_1_437' title='bbox 444 2260 530 2291; x_wconf 88' lang='lat' dir='ltr'>sunt,</span> <span class='ocrx_word' id='word_1_438' title='bbox 544 2265 563 2285; x_wconf 93' lang='lat' dir='ltr'>o</span> <span class='ocrx_word' id='word_1_439' title='bbox 589 2253 702 2292; x_wconf 86' lang='lat' dir='ltr'>amice,</span> <span class='ocrx_word' id='word_1_440' title='bbox 716 2254 801 2285; x_wconf 87' lang='lat' dir='ltr'>bona</span> <span class='ocrx_word' id='word_1_441' title='bbox 825 2259 859 2285; x_wconf 87' lang='lat' dir='ltr'>et</span> <span class='ocrx_word' id='word_1_442' title='bbox 878 2254 1052 2296; x_wconf 82' lang='lat' dir='ltr'>voluptaria</span> <span class='ocrx_word' id='word_1_443' title='bbox 1066 2266 1076 2294; x_wconf 65' lang='grc' dir='ltr'><strong>ς</strong></span> <span class='ocrx_word' id='word_1_444' title='bbox 1098 2263 1201 2296; x_wconf 88' lang='lat' dir='ltr'>neque</span> <span class='ocrx_word' id='word_1_445' title='bbox 1216 2254 1298 2285; x_wconf 88' lang='lat' dir='ltr'>mala</span> <span class='ocrx_word' id='word_1_446' title='bbox 1311 2254 1423 2285; x_wconf 83' lang='lat' dir='ltr'>eadem</span> <span class='ocrx_word' id='word_1_447' title='bbox 1438 2258 1534 2296; x_wconf 87' lang='lat' dir='ltr'>atque</span> <span class='ocrx_word' id='word_1_448' title='bbox 1555 2254 1700 2287; x_wconf 82' lang='lat' dir='ltr'>molesta.</span> 
     </span>
     <span class='ocr_line' id='line_1_38' title="bbox 229 2307 1700 2351; baseline -0.001 -10"><span class='ocrx_word' id='word_1_449' title='bbox 229 2310 270 2341; x_wconf 88' lang='lat' dir='ltr'>ab</span> <span class='ocrx_word' id='word_1_450' title='bbox 284 2309 333 2341; x_wconf 85' lang='lat' dir='ltr'>his</span> <span class='ocrx_word' id='word_1_451' title='bbox 347 2309 429 2340; x_wconf 87' lang='lat' dir='ltr'>enim</span> <span class='ocrx_word' id='word_1_452' title='bbox 445 2308 516 2350; x_wconf 90' lang='lat' dir='ltr'>quis</span> <span class='ocrx_word' id='word_1_453' title='bbox 527 2308 618 2340; x_wconf 82' lang='lat' dir='ltr'>simul</span> <span class='ocrx_word' id='word_1_454' title='bbox 633 2313 735 2340; x_wconf 82' lang='lat' dir='ltr'>cessat</span> <span class='ocrx_word' id='word_1_455' title='bbox 748 2318 757 2340; x_wconf 73' lang='grc' dir='ltr'><strong><em>ε</em></strong></span> <span class='ocrx_word' id='word_1_456' title='bbox 783 2308 822 2339; x_wconf 82' lang='lat' dir='ltr'>ab</span> <span class='ocrx_word' id='word_1_457' title='bbox 835 2307 898 2340; x_wconf 86' lang='lat' dir='ltr'>illis</span> <span class='ocrx_word' id='word_1_458' title='bbox 911 2318 985 2340; x_wconf 83' lang='lat' dir='ltr'>vero</span> <span class='ocrx_word' id='word_1_459' title='bbox 999 2318 1210 2350; x_wconf 85' lang='lat' dir='ltr'>nequaquam,</span> <span class='ocrx_word' id='word_1_460' title='bbox 1224 2313 1336 2350; x_wconf 88' lang='lat' dir='ltr'>utpote</span> <span class='ocrx_word' id='word_1_461' title='bbox 1351 2308 1430 2339; x_wconf 84' lang='lat' dir='ltr'>aliis.</span> <span class='ocrx_word' id='word_1_462' title='bbox 1453 2318 1588 2350; x_wconf 87' lang='lat' dir='ltr'>quanam</span> <span class='ocrx_word' id='word_1_463' title='bbox 1604 2309 1700 2351; x_wconf 78' lang='lat' dir='ltr'>igitur</span> 
     </span>
     <span class='ocr_line' id='line_1_39' title="bbox 228 2362 1699 2405; baseline 0 -10"><span class='ocrx_word' id='word_1_464' title='bbox 228 2363 350 2396; x_wconf 87' lang='lat' dir='ltr'>ratione</span> <span class='ocrx_word' id='word_1_465' title='bbox 363 2362 542 2405; x_wconf 83' lang='lat' dir='ltr'>voluptaria</span> <span class='ocrx_word' id='word_1_466' title='bbox 556 2363 667 2394; x_wconf 87' lang='lat' dir='ltr'>eadem</span> <span class='ocrx_word' id='word_1_467' title='bbox 683 2366 788 2394; x_wconf 84' lang='lat' dir='ltr'>essent</span> <span class='ocrx_word' id='word_1_468' title='bbox 801 2367 896 2405; x_wconf 87' lang='lat' dir='ltr'>atque</span> <span class='ocrx_word' id='word_1_469' title='bbox 911 2362 1008 2400; x_wconf 86' lang='lat' dir='ltr'>bona,</span> <span class='ocrx_word' id='word_1_470' title='bbox 1022 2363 1072 2394; x_wconf 85' lang='lat' dir='ltr'>vel</span> <span class='ocrx_word' id='word_1_471' title='bbox 1088 2362 1218 2394; x_wconf 83' lang='lat' dir='ltr'>molesta</span> <span class='ocrx_word' id='word_1_472' title='bbox 1233 2362 1344 2394; x_wconf 84' lang='lat' dir='ltr'>eadem</span> <span class='ocrx_word' id='word_1_473' title='bbox 1365 2366 1461 2404; x_wconf 87' lang='lat' dir='ltr'>atque</span> <span class='ocrx_word' id='word_1_474' title='bbox 1475 2362 1582 2394; x_wconf 76' lang='lat' dir='ltr'>mala?</span> <span class='ocrx_word' id='word_1_475' title='bbox 1624 2363 1699 2396; x_wconf 82' lang='lat' dir='ltr'>Jam</span> 
     </span>
     <span class='ocr_line' id='line_1_40' title="bbox 228 2415 1703 2458; baseline 0 -9"><span class='ocrx_word' id='word_1_476' title='bbox 228 2427 314 2454; x_wconf 84' lang='lat' dir='ltr'>vero,</span> <span class='ocrx_word' id='word_1_477' title='bbox 331 2416 356 2448; x_wconf 82' lang='lat' dir='ltr'>si</span> <span class='ocrx_word' id='word_1_478' title='bbox 372 2416 430 2458; x_wconf 85' lang='lat' dir='ltr'>vis,</span> <span class='ocrx_word' id='word_1_479' title='bbox 446 2417 507 2448; x_wconf 86' lang='lat' dir='ltr'>hoc</span> <span class='ocrx_word' id='word_1_480' title='bbox 532 2426 635 2448; x_wconf 89' lang='lat' dir='ltr'>rursus</span> <span class='ocrx_word' id='word_1_481' title='bbox 659 2420 755 2458; x_wconf 82' lang='lat' dir='ltr'>pacto</span> <span class='ocrx_word' id='word_1_482' title='bbox 781 2416 956 2449; x_wconf 88' lang='lat' dir='ltr'>considera.</span> <span class='ocrx_word' id='word_1_483' title='bbox 981 2416 1111 2447; x_wconf 83' lang='lat' dir='ltr'>arbitror</span> <span class='ocrx_word' id='word_1_484' title='bbox 1132 2415 1217 2447; x_wconf 90' lang='lat' dir='ltr'>enim</span> <span class='ocrx_word' id='word_1_485' title='bbox 1242 2426 1303 2448; x_wconf 87' lang='lat' dir='ltr'>nec</span> <span class='ocrx_word' id='word_1_486' title='bbox 1328 2426 1385 2458; x_wconf 87' lang='lat' dir='ltr'>per</span> <span class='ocrx_word' id='word_1_487' title='bbox 1398 2417 1484 2449; x_wconf 89' lang='lat' dir='ltr'>hunc</span> <span class='ocrx_word' id='word_1_488' title='bbox 1498 2417 1627 2449; x_wconf 88' lang='lat' dir='ltr'>modum</span> <span class='ocrx_word' id='word_1_489' title='bbox 1642 2417 1703 2449; x_wconf 82' lang='lat' dir='ltr'>tibi</span> 
     </span>
     <span class='ocr_line' id='line_1_41' title="bbox 227 2470 1698 2513; baseline 0.001 -10"><span class='ocrx_word' id='word_1_490' title='bbox 227 2470 408 2503; x_wconf 82' lang='lat' dir='ltr'>consentiri.</span> <span class='ocrx_word' id='word_1_491' title='bbox 432 2471 561 2502; x_wconf 87' lang='lat' dir='ltr'>attende</span> <span class='ocrx_word' id='word_1_492' title='bbox 587 2470 702 2512; x_wconf 82' lang='lat' dir='ltr'>igitur:</span> <span class='ocrx_word' id='word_1_493' title='bbox 727 2471 838 2503; x_wconf 83' lang='lat' dir='ltr'>Bonos</span> <span class='ocrx_word' id='word_1_494' title='bbox 851 2470 934 2502; x_wconf 80' lang='lat' dir='ltr'>viros</span> <span class='ocrx_word' id='word_1_495' title='bbox 958 2481 1064 2503; x_wconf 89' lang='lat' dir='ltr'>nonne</span> <span class='ocrx_word' id='word_1_496' title='bbox 1088 2471 1241 2502; x_wconf 87' lang='lat' dir='ltr'>bonorum</span> <span class='ocrx_word' id='word_1_497' title='bbox 1270 2471 1438 2513; x_wconf 76' lang='lat' dir='ltr'>praesentia</span> <span class='ocrx_word' id='word_1_498' title='bbox 1464 2471 1564 2503; x_wconf 86' lang='lat' dir='ltr'>bonos</span> <span class='ocrx_word' id='word_1_499' title='bbox 1579 2473 1698 2505; x_wconf 79' lang='lat' dir='ltr'>vocas?</span> 
     </span>
     <span class='ocr_line' id='line_1_42' title="bbox 228 2524 1698 2569; baseline 0.003 -13"><span class='ocrx_word' id='word_1_500' title='bbox 228 2525 494 2568; x_wconf 84' lang='lat' dir='ltr'>quemadmodum</span> <span class='ocrx_word' id='word_1_501' title='bbox 509 2524 657 2567; x_wconf 86' lang='lat' dir='ltr'>pulchros</span> <span class='ocrx_word' id='word_1_502' title='bbox 671 2535 738 2564; x_wconf 84' lang='lat' dir='ltr'>eos,</span> <span class='ocrx_word' id='word_1_503' title='bbox 753 2525 868 2569; x_wconf 88' lang='lat' dir='ltr'>quibus</span> <span class='ocrx_word' id='word_1_504' title='bbox 881 2525 1084 2568; x_wconf 87' lang='lat' dir='ltr'>pulchritudo</span> <span class='ocrx_word' id='word_1_505' title='bbox 1099 2525 1194 2563; x_wconf 85' lang='lat' dir='ltr'>adsit,</span> <span class='ocrx_word' id='word_1_506' title='bbox 1219 2525 1374 2567; x_wconf 83' lang='lat' dir='ltr'>appellas.</span> <span class='ocrx_word' id='word_1_507' title='bbox 1418 2525 1505 2559; x_wconf 71' lang='lat' dir='ltr'>Car..</span> <span class='ocrx_word' id='word_1_508' title='bbox 1527 2525 1698 2569; x_wconf 75' lang='lat' dir='ltr'>Equidem.</span> 
     </span>
     <span class='ocr_line' id='line_1_43' title="bbox 229 2578 1699 2624; baseline 0.002 -13"><span class='ocrx_word' id='word_1_509' title='bbox 229 2579 286 2611; x_wconf 84' lang='lat' dir='ltr'>So.</span> <span class='ocrx_word' id='word_1_510' title='bbox 309 2579 396 2617; x_wconf 86' lang='lat' dir='ltr'>Quid</span> <span class='ocrx_word' id='word_1_511' title='bbox 411 2589 486 2611; x_wconf 84' lang='lat' dir='ltr'>vero</span> <span class='ocrx_word' id='word_1_512' title='bbox 507 2578 520 2611; x_wconf 74' lang='grc' dir='ltr'>ἰ</span> <span class='ocrx_word' id='word_1_513' title='bbox 543 2579 643 2611; x_wconf 92' lang='lat' dir='ltr'>bonos</span> <span class='ocrx_word' id='word_1_514' title='bbox 657 2580 739 2612; x_wconf 87' lang='lat' dir='ltr'>viros</span> <span class='ocrx_word' id='word_1_515' title='bbox 754 2580 897 2623; x_wconf 84' lang='lat' dir='ltr'>appellas</span> <span class='ocrx_word' id='word_1_516' title='bbox 911 2581 1074 2613; x_wconf 88' lang='lat' dir='ltr'>dementes</span> <span class='ocrx_word' id='word_1_517' title='bbox 1088 2585 1122 2612; x_wconf 88' lang='lat' dir='ltr'>et</span> <span class='ocrx_word' id='word_1_518' title='bbox 1136 2580 1286 2612; x_wconf 85' lang='lat' dir='ltr'>timidos?</span> <span class='ocrx_word' id='word_1_519' title='bbox 1308 2590 1373 2612; x_wconf 88' lang='lat' dir='ltr'>non</span> <span class='ocrx_word' id='word_1_520' title='bbox 1388 2585 1473 2614; x_wconf 84' lang='lat' dir='ltr'>certe</span> <span class='ocrx_word' id='word_1_521' title='bbox 1491 2581 1588 2624; x_wconf 81' lang='lat' dir='ltr'>paulo</span> <span class='ocrx_word' id='word_1_522' title='bbox 1602 2586 1699 2622; x_wconf 58' lang='grc' dir='ltr'>πῶς</span> 
     </span>
     <span class='ocr_line' id='line_1_44' title="bbox 231 2632 1702 2677; baseline 0.003 -14"><span class='ocrx_word' id='word_1_523' title='bbox 231 2633 328 2664; x_wconf 89' lang='lat' dir='ltr'>immo</span> <span class='ocrx_word' id='word_1_524' title='bbox 342 2632 437 2664; x_wconf 85' lang='lat' dir='ltr'>fortes</span> <span class='ocrx_word' id='word_1_525' title='bbox 452 2633 686 2675; x_wconf 87' lang='lat' dir='ltr'>prudentesque</span> <span class='ocrx_word' id='word_1_526' title='bbox 701 2633 841 2666; x_wconf 85' lang='lat' dir='ltr'>dicebas.</span> <span class='ocrx_word' id='word_1_527' title='bbox 863 2644 970 2666; x_wconf 85' lang='lat' dir='ltr'>nonne</span> <span class='ocrx_word' id='word_1_528' title='bbox 994 2635 1052 2666; x_wconf 86' lang='lat' dir='ltr'>hos</span> <span class='ocrx_word' id='word_1_529' title='bbox 1065 2635 1151 2677; x_wconf 84' lang='lat' dir='ltr'>ipsos</span> <span class='ocrx_word' id='word_1_530' title='bbox 1165 2638 1332 2676; x_wconf 80' lang='lat' dir='ltr'>nuncupas</span> <span class='ocrx_word' id='word_1_531' title='bbox 1346 2635 1468 2667; x_wconf 83' lang='lat' dir='ltr'>bonos?</span> <span class='ocrx_word' id='word_1_532' title='bbox 1512 2635 1599 2668; x_wconf 70' lang='lat' dir='ltr'>Cn..</span> <span class='ocrx_word' id='word_1_533' title='bbox 1622 2635 1702 2668; x_wconf 90' lang='lat' dir='ltr'>Om-</span> 
     </span>
     <span class='ocr_line' id='line_1_45' title="bbox 229 2686 1702 2732; baseline 0.003 -14"><span class='ocrx_word' id='word_1_534' title='bbox 229 2687 305 2719; x_wconf 90' lang='lat' dir='ltr'>nino</span> <span class='ocrx_word' id='word_1_535' title='bbox 320 2686 462 2729; x_wconf 86' lang='lat' dir='ltr'>quidem.</span> <span class='ocrx_word' id='word_1_536' title='bbox 508 2687 563 2720; x_wconf 87' lang='lat' dir='ltr'>So.</span> <span class='ocrx_word' id='word_1_537' title='bbox 587 2687 674 2725; x_wconf 85' lang='lat' dir='ltr'>Quid</span> <span class='ocrx_word' id='word_1_538' title='bbox 701 2689 832 2720; x_wconf 81' lang='lat' dir='ltr'>autem?</span> <span class='ocrx_word' id='word_1_539' title='bbox 855 2689 1034 2721; x_wconf 87' lang='lat' dir='ltr'>dementem</span> <span class='ocrx_word' id='word_1_540' title='bbox 1057 2699 1192 2731; x_wconf 86' lang='lat' dir='ltr'>puerum</span> <span class='ocrx_word' id='word_1_541' title='bbox 1208 2688 1315 2720; x_wconf 78' lang='lat' dir='ltr'>vidisti</span> <span class='ocrx_word' id='word_1_542' title='bbox 1338 2689 1511 2731; x_wconf 84' lang='lat' dir='ltr'>aliquando</span> <span class='ocrx_word' id='word_1_543' title='bbox 1536 2689 1702 2732; x_wconf 77' lang='lat' dir='ltr'>voluptate</span> 
     </span>
     <span class='ocr_line' id='line_1_46' title="bbox 229 2740 1705 2785; baseline 0.002 -12"><span class='ocrx_word' id='word_1_544' title='bbox 229 2740 399 2784; x_wconf 83' lang='lat' dir='ltr'>perfundi?</span> <span class='ocrx_word' id='word_1_545' title='bbox 445 2740 531 2774; x_wconf 71' lang='lat' dir='ltr'>Cn..</span> <span class='ocrx_word' id='word_1_546' title='bbox 553 2741 640 2773; x_wconf 89' lang='lat' dir='ltr'>Vidi.</span> <span class='ocrx_word' id='word_1_547' title='bbox 686 2743 744 2775; x_wconf 90' lang='lat' dir='ltr'>So.</span> <span class='ocrx_word' id='word_1_548' title='bbox 767 2743 880 2775; x_wconf 85' lang='lat' dir='ltr'>Virum</span> <span class='ocrx_word' id='word_1_549' title='bbox 905 2747 1010 2775; x_wconf 86' lang='lat' dir='ltr'>autem</span> <span class='ocrx_word' id='word_1_550' title='bbox 1035 2743 1212 2775; x_wconf 87' lang='lat' dir='ltr'>dementem</span> <span class='ocrx_word' id='word_1_551' title='bbox 1229 2743 1338 2775; x_wconf 83' lang='lat' dir='ltr'>vidisti</span> <span class='ocrx_word' id='word_1_552' title='bbox 1361 2743 1533 2785; x_wconf 81' lang='lat' dir='ltr'>aliquando</span> <span class='ocrx_word' id='word_1_553' title='bbox 1547 2743 1629 2776; x_wconf 78' lang='lat' dir='ltr'>affici</span> <span class='ocrx_word' id='word_1_554' title='bbox 1643 2754 1705 2776; x_wconf 82' lang='lat' dir='ltr'>vo·</span> 
     </span>
     <span class='ocr_line' id='line_1_47' title="bbox 231 2794 1702 2840; baseline 0.003 -13"><span class='ocrx_word' id='word_1_555' title='bbox 231 2794 375 2838; x_wconf 85' lang='lat' dir='ltr'>luptate?</span> <span class='ocrx_word' id='word_1_556' title='bbox 421 2795 505 2828; x_wconf 72' lang='lat' dir='ltr'>Cu..</span> <span class='ocrx_word' id='word_1_557' title='bbox 527 2795 654 2839; x_wconf 87' lang='lat' dir='ltr'>Opinor</span> <span class='ocrx_word' id='word_1_558' title='bbox 676 2808 726 2829; x_wconf 88' lang='lat' dir='ltr'>me</span> <span class='ocrx_word' id='word_1_559' title='bbox 755 2797 884 2831; x_wconf 84' lang='lat' dir='ltr'>vidisse.</span> <span class='ocrx_word' id='word_1_560' title='bbox 919 2798 976 2830; x_wconf 89' lang='lat' dir='ltr'>sed</span> <span class='ocrx_word' id='word_1_561' title='bbox 1003 2808 1152 2840; x_wconf 86' lang='lat' dir='ltr'>quorsum</span> <span class='ocrx_word' id='word_1_562' title='bbox 1179 2798 1274 2830; x_wconf 82' lang='lat' dir='ltr'>haec?</span> <span class='ocrx_word' id='word_1_563' title='bbox 1317 2797 1374 2831; x_wconf 86' lang='lat' dir='ltr'>So.</span> <span class='ocrx_word' id='word_1_564' title='bbox 1411 2797 1500 2829; x_wconf 82' lang='lat' dir='ltr'>Nihil</span> <span class='ocrx_word' id='word_1_565' title='bbox 1519 2797 1624 2830; x_wconf 78' lang='lat' dir='ltr'>refert.</span> <span class='ocrx_word' id='word_1_566' title='bbox 1644 2799 1702 2832; x_wconf 79' lang='lat' dir='ltr'>sed</span> 
     </span>
     <span class='ocr_line' id='line_1_48' title="bbox 230 2850 1705 2894; baseline 0.003 -13"><span class='ocrx_word' id='word_1_567' title='bbox 230 2851 396 2892; x_wconf 78' lang='lat' dir='ltr'>responde.</span> <span class='ocrx_word' id='word_1_568' title='bbox 441 2850 526 2883; x_wconf 69' lang='lat' dir='ltr'>Cat..</span> <span class='ocrx_word' id='word_1_569' title='bbox 549 2850 640 2884; x_wconf 85' lang='lat' dir='ltr'>Vidi.</span> <span class='ocrx_word' id='word_1_570' title='bbox 665 2851 762 2894; x_wconf 77' lang='lat'>[498]</span> <span class='ocrx_word' id='word_1_571' title='bbox 786 2852 840 2885; x_wconf 89' lang='lat' dir='ltr'>So.</span> <span class='ocrx_word' id='word_1_572' title='bbox 865 2852 950 2890; x_wconf 87' lang='lat' dir='ltr'>Quid</span> <span class='ocrx_word' id='word_1_573' title='bbox 968 2863 1040 2884; x_wconf 87' lang='lat' dir='ltr'>vero</span> <span class='ocrx_word' id='word_1_574' title='bbox 1054 2852 1065 2883; x_wconf 86' lang='lat'>?</span> <span class='ocrx_word' id='word_1_575' title='bbox 1082 2862 1167 2884; x_wconf 65' lang='lat' dir='ltr'>sanas</span> <span class='ocrx_word' id='word_1_576' title='bbox 1183 2853 1297 2884; x_wconf 87' lang='lat' dir='ltr'>mentis</span> <span class='ocrx_word' id='word_1_577' title='bbox 1311 2852 1411 2883; x_wconf 81' lang='lat' dir='ltr'>virum</span> <span class='ocrx_word' id='word_1_578' title='bbox 1423 2852 1583 2884; x_wconf 82' lang='lat' dir='ltr'>dolentem</span> <span class='ocrx_word' id='word_1_579' title='bbox 1597 2852 1705 2886; x_wconf 80' lang='lat' dir='ltr'>vidisti</span> 
     </span>
     <span class='ocr_line' id='line_1_49' title="bbox 228 2905 1701 2949; baseline 0.003 -13"><span class='ocrx_word' id='word_1_580' title='bbox 228 2910 325 2946; x_wconf 82' lang='lat' dir='ltr'>atque</span> <span class='ocrx_word' id='word_1_581' title='bbox 350 2905 564 2948; x_wconf 72' lang='lat' dir='ltr'>gaudentem?</span> <span class='ocrx_word' id='word_1_582' title='bbox 608 2905 695 2938; x_wconf 70' lang='lat' dir='ltr'>Cn..</span> <span class='ocrx_word' id='word_1_583' title='bbox 719 2905 826 2938; x_wconf 87' lang='lat' dir='ltr'>Certe.</span> <span class='ocrx_word' id='word_1_584' title='bbox 870 2907 928 2939; x_wconf 84' lang='lat' dir='ltr'>So.</span> <span class='ocrx_word' id='word_1_585' title='bbox 952 2906 1023 2939; x_wconf 83' lang='lat' dir='ltr'>Utri</span> <span class='ocrx_word' id='word_1_586' title='bbox 1052 2917 1124 2938; x_wconf 86' lang='lat' dir='ltr'>vero</span> <span class='ocrx_word' id='word_1_587' title='bbox 1152 2907 1250 2948; x_wconf 77' lang='lat' dir='ltr'>magis</span> <span class='ocrx_word' id='word_1_588' title='bbox 1274 2907 1414 2949; x_wconf 80' lang='lat' dir='ltr'>gaudent</span> <span class='ocrx_word' id='word_1_589' title='bbox 1443 2911 1539 2949; x_wconf 86' lang='lat' dir='ltr'>atque</span> <span class='ocrx_word' id='word_1_590' title='bbox 1567 2907 1701 2941; x_wconf 83' lang='lat' dir='ltr'>dolent:</span> 
     </span>
     <span class='ocr_line' id='line_1_50' title="bbox 229 2959 1704 3002; baseline 0.003 -12"><span class='ocrx_word' id='word_1_591' title='bbox 229 2959 442 3002; x_wconf 83' lang='lat' dir='ltr'>prudentesnc</span> <span class='ocrx_word' id='word_1_592' title='bbox 455 2969 495 2991; x_wconf 85' lang='lat' dir='ltr'>an</span> <span class='ocrx_word' id='word_1_593' title='bbox 510 2959 746 3002; x_wconf 86' lang='lat' dir='ltr'>imprudentes?</span> <span class='ocrx_word' id='word_1_594' title='bbox 792 2960 879 2993; x_wconf 67' lang='lat' dir='ltr'>Cn..</span> <span class='ocrx_word' id='word_1_595' title='bbox 903 2961 999 2993; x_wconf 80' lang='lat' dir='ltr'>Haud</span> <span class='ocrx_word' id='word_1_596' title='bbox 1016 2961 1144 2994; x_wconf 85' lang='lat' dir='ltr'>multum</span> <span class='ocrx_word' id='word_1_597' title='bbox 1158 2961 1283 2993; x_wconf 81' lang='lat' dir='ltr'>differre</span> <span class='ocrx_word' id='word_1_598' title='bbox 1297 2960 1441 2993; x_wconf 77' lang='lat' dir='ltr'>arbitror.</span> <span class='ocrx_word' id='word_1_599' title='bbox 1486 2959 1548 2993; x_wconf 85' lang='lat' dir='ltr'>So.</span> <span class='ocrx_word' id='word_1_600' title='bbox 1569 2962 1654 2994; x_wconf 82' lang='lat' dir='ltr'>Satis</span> <span class='ocrx_word' id='word_1_601' title='bbox 1668 2968 1704 2995; x_wconf 79' lang='lat' dir='ltr'>et</span> 
     </span>
    </p>
   </div>
  </div>
 </body>
</html>
