1832 3256
217 231 317 281 261]
808 223 1097 263 PHAEDRUS.
1635 223 1682 262 19

221 334 320 376 [260]
333 343 395 364 non
410 342 478 363 esse
488 332 592 363 futuro
603 329 716 362 oratori
729 330 948 365 necessarium,
961 338 1032 370 quta
1048 338 1154 359 revera
1163 327 1246 369 justa
1255 331 1327 359 sunt
1338 326 1470 366 discere,
1481 326 1536 359 sed
1548 336 1619 368 quaa
1630 327 1686 368 ju-

219 387 393 419 dicantium
416 384 610 416 multitudini
640 383 827 414 videantur:
858 393 963 424 neque
984 392 1088 413 revera
1111 382 1204 419 bona,
1230 386 1285 412 aut
1307 381 1448 417 honesta,
1472 381 1527 411 sed
1551 391 1622 421 quie
1638 381 1684 411 sic

219 444 401 482 appareant.
424 450 462 471 ex
476 439 524 469 his
539 438 622 469 enim
638 436 756 479 potius,
770 447 864 478 quam
878 447 916 468 ex
931 436 1073 473 veritate,
1088 446 1180 477 posse
1194 436 1392 478 persuadere.
1415 434 1472 465 So.
1496 434 1680 476 Nunquam,

220 495 393 530 oPhaedre,
414 493 589 534 sapientum
611 491 843 523 contemnenda
867 494 940 521 sunt
959 490 1068 522 dicta:
1091 490 1184 521 immo
1204 489 1383 530 diligenter,
1405 488 1483 529 quid
1500 487 1558 519 sibi
1573 487 1684 525 velint,

219 547 458 579 consideranda.
494 546 611 587 itaque,
625 545 710 587 quod
725 545 819 575 modo
834 544 973 581 dicebas,
988 543 1239 585 praetereundum
1253 552 1321 573 esse
1335 552 1399 573 non
1414 541 1553 572 arbitror.
1587 540 1683 572 Pas..

220 600 323 632 Probe
345 599 490 642 loqueris.
533 599 590 630 So.
611 599 663 630 Sic
685 598 780 640 igitur
793 598 878 629 istud
893 597 1137 629 consideremus.
1173 596 1269 629 Pam.
1293 596 1366 634 Quo
1382 595 1500 637 pacto?
1532 594 1589 626 So.
1610 593 1683 626 Hoc

219 654 326 696 plane.
369 653 403 685 Si
417 653 476 684 tibi
491 654 664 691 suaderem,
680 653 784 683 hostes
800 656 831 683 te
845 662 928 694 equo
949 655 1212 693 expugnaturum,
1234 650 1358 691 utrique
1374 659 1445 680 vero
1459 659 1575 690 equum
1590 647 1682 690 igno-

218 718 364 745 raremus,
380 708 434 739 sed
449 718 509 749 ego
523 706 557 738 id
573 711 695 737 tantum
711 707 751 737 de
767 710 799 737 te
815 705 936 743 scirem,
950 704 1036 746 quod
1053 705 1204 736 Phaedrus
1219 714 1334 746 equum
1349 708 1441 744 putat
1454 712 1521 733 esse
1533 701 1681 732 domesti-

221 771 293 792 cum
309 766 342 793 et
356 761 524 803 grandibus
539 760 666 792 auribus
680 760 808 790 animal.
854 758 948 790 PHAE.
971 758 1155 790 Ridiculum
1178 758 1210 790 id
1233 757 1361 800 quidem
1382 761 1476 793 esset,
1491 766 1510 786 o
1526 756 1682 786 Socrates.

217 814 274 847 So.
298 815 449 846 Nondum
464 815 547 845 istud
562 825 570 845 :
595 814 650 845 sed
665 814 792 855 quando
817 813 934 844 obnixe
950 812 1008 843 tibi
1023 812 1208 854 persuadere
1231 821 1371 850 conarer,
1392 809 1532 841 oratione
1553 809 1586 839 in
1601 806 1682 840 asini

218 868 327 900 laudes
341 870 526 910 composita,
540 879 655 910 equum
672 868 759 899 illum
776 877 902 904 vocans,
924 867 1140 908 affirmansque
1165 865 1454 908 praestantissimum
1464 863 1579 895 animal
1600 873 1681 903 esse,

218 922 296 954 utile
320 922 406 954 domi
429 927 462 954 et
483 922 569 959 foris,
585 923 626 953 ad
647 922 764 953 bellum
787 921 1063 963 promptissimum,
1090 921 1129 952 ad
1151 920 1285 952 sarcinas
1300 919 1442 950 ferendas
1457 922 1579 959 aptum,
1593 922 1626 948 et
1639 916 1681 947 ad

218 976 316 1007 multa
329 977 390 1008 alia
404 975 700 1008 commodissimum.
744 975 838 1007 Pam.
862 975 966 1006 Valde
982 975 1016 1006 id
1032 974 1211 1007 absurdum.
1256 974 1311 1005 So.
1332 972 1449 1004 Nonne
1465 975 1591 1012 praestat
1605 969 1680 1001 ridi-

217 1030 322 1061 culum
348 1030 482 1062 amicum
504 1040 583 1068 esse,
607 1040 701 1072 quam
728 1039 851 1071 gravem
871 1033 906 1060 et
927 1028 1111 1060 inimicum?
1155 1028 1250 1060 Pam.
1275 1026 1421 1058 Videtur.
1463 1025 1520 1056 So.
1543 1024 1682 1062 Quando

215 1082 312 1125 igitur
325 1088 428 1114 orator
441 1084 516 1114 boni
531 1083 668 1124 malique
691 1083 828 1124 ignarus,
855 1082 975 1113 civitati
989 1082 1130 1113 similiter
1153 1082 1275 1114 affectas
1300 1081 1442 1116 suadeat,
1457 1089 1521 1114 non
1541 1077 1683 1109 oratione

217 1136 345 1178 quidem
358 1137 391 1167 in
409 1137 524 1167 umbrae
538 1135 618 1166 asini
643 1136 780 1172 laudem,
797 1140 944 1176 tanquam
971 1145 1071 1176 equus
1097 1135 1153 1165 illa
1177 1135 1228 1172 sit,
1244 1133 1430 1175 composita,
1455 1132 1511 1163 sed
1532 1132 1574 1162 de
1587 1131 1682 1168 malo,

218 1194 364 1231 tanquam
385 1190 502 1220 bonum
523 1189 556 1220 id
582 1188 636 1229 sit,
661 1189 828 1228 disserens,
851 1188 1000 1229 vulgique
1026 1187 1192 1229 opiniones
1213 1191 1399 1229 aucupatus,
1414 1185 1496 1217 mala
1508 1184 1609 1216 facere
1625 1195 1682 1226 pro

217 1243 307 1274 bonis
321 1243 450 1275 inducat
467 1254 475 1274 :
499 1243 624 1284 qualem
640 1248 733 1284 putas
749 1246 900 1273 oratorem
915 1241 1095 1283 hujusmodi
1112 1246 1262 1283 segetem,
1274 1251 1367 1282 quam
1379 1239 1471 1280 sevit,
1486 1248 1656 1271 messurum
1669 1240 1681 1270 ἒ

215 1296 310 1330 Pam.
333 1296 427 1328 Haud
443 1297 517 1327 satis
532 1297 657 1327 bonam.
701 1296 758 1329 So.
780 1295 879 1332 Num,
895 1306 913 1326 o
929 1295 1011 1326 bone
1034 1295 1093 1332 vir,
1116 1294 1273 1332 rusticius,
1296 1304 1390 1336 quam
1411 1294 1533 1330 deceat,
1554 1292 1683 1325 dicendi

215 1355 311 1382 artem
327 1350 566 1392 vituperavimus
579 1351 591 1381 ?
635 1349 697 1381 Illa
710 1360 783 1382 vero
798 1349 927 1381 forsitan
950 1349 1082 1380 dixerit:
1107 1349 1208 1386 Quid,
1230 1359 1250 1380 o
1264 1348 1322 1379 viri
1337 1347 1506 1384 mirabiles,
1521 1346 1682 1378 deliratis?

215 1415 275 1446 ego
290 1404 371 1436 enim
387 1405 543 1435 neminem
564 1403 700 1435 veritatis
722 1403 864 1446 ignarum
887 1403 1007 1435 discere
1029 1413 1114 1434 orare
1136 1402 1314 1444 compenoz
1338 1402 1394 1433 sed
1416 1401 1442 1432 si
1464 1402 1534 1444 quis
1549 1401 1680 1432 consilio

215 1467 286 1489 meo
301 1458 446 1500 paruerit,
462 1463 614 1500 percepta
628 1458 759 1490 veritate
775 1469 824 1489 me
840 1457 955 1500 capiet.
998 1457 1070 1489 Hoc
1085 1467 1161 1490 saue
1181 1457 1298 1488 affirmo
1313 1466 1380 1488 esse
1399 1455 1578 1493 maximum,
1594 1456 1681 1497 quod

212 1512 331 1554 absque
345 1523 396 1543 me
409 1512 457 1543 illi
471 1513 526 1555 qui
540 1523 587 1544 res
601 1512 733 1550 noverit,
747 1512 845 1544 nihilo
867 1512 967 1553 magis
983 1511 1191 1553 persuadendi
1215 1521 1263 1542 ars
1275 1510 1386 1542 aderit.
1430 1510 1525 1542 Pnae.
1546 1508 1600 1540 An
1615 1519 1681 1541 non

209 1564 282 1607 jure
296 1566 363 1598 haec
377 1566 508 1598 dixerit?
532 1567 586 1598 So.
610 1566 722 1598 Fateor
737 1566 897 1608 equidem,
913 1566 939 1598 si
961 1566 1056 1597 modo
1071 1570 1238 1608 sequentes
1251 1565 1385 1596 rationes
1399 1569 1497 1596 artem
1511 1574 1578 1595 esse
1591 1563 1679 1595 illam

213 1623 374 1651 testentur.
419 1620 526 1652 audire
547 1631 682 1663 namque
706 1621 783 1652 mihi
799 1620 907 1652 videor
928 1620 1062 1652 rationes
1077 1620 1256 1657 nonnullas,
1271 1624 1442 1651 asserentes
1457 1619 1580 1650 mentiri
1594 1629 1678 1656 eam,

214 1682 317 1714 neque
332 1678 428 1705 artem
443 1685 521 1712 esse,
537 1675 592 1706 sed
607 1675 743 1716 aliquem
759 1675 827 1706 sine
841 1679 906 1705 arte
921 1685 1024 1706 usum.
1069 1684 1172 1706 veram
1188 1679 1292 1705 autem
1307 1672 1436 1704 dicendi
1450 1676 1546 1704 artem
1561 1673 1680 1715 absque

214 1726 354 1764 veritate,
369 1727 471 1770 inquit
486 1728 604 1766 Lacon,
619 1739 723 1771 neque
738 1739 806 1760 esse
823 1728 972 1771 aliquam,
986 1739 1089 1770 neque
1105 1738 1242 1770 unquam
1256 1728 1333 1760 fore.
1369 1726 1465 1769 [261]
1501 1726 1596 1758 Pam.
1620 1726 1680 1758 His

215 1779 324 1822 utique
347 1781 518 1813 rationibus
542 1793 622 1824 opus
645 1788 705 1819 est,
732 1793 751 1813 ο
771 1783 937 1821 Socrates3
959 1782 1054 1824 igitur
1076 1782 1138 1814 huc
1158 1792 1211 1814 eas
1226 1782 1402 1822 adducens,
1417 1780 1632 1824 quidsjdicant,
1646 1785 1680 1812 et

214 1835 386 1876 quomodo,
400 1836 534 1868 discute.
564 1837 622 1868 So.
644 1836 780 1876 Adeste,
795 1837 943 1868 animalia
957 1847 1120 1879 generosa,
1134 1846 1171 1868 ac
1187 1836 1320 1868 Phaedro
1335 1837 1470 1868 honesto
1485 1835 1681 1867 adolescenti

214 1889 409 1932 persuadete,
424 1890 483 1921 nisi
499 1889 687 1923 sufficienter
710 1891 961 1933 philosophetur,
983 1902 1055 1923 eum
1079 1901 1239 1933 nunquam
1263 1889 1369 1933 aliqua
1387 1891 1428 1922 de
1439 1900 1471 1921 re
1494 1890 1681 1921 sufficienter

212 1951 280 1974 esse
295 1943 461 1974 dicturum.
504 1943 712 1987 Respondeat
726 1946 886 1978 Phaedrus.
909 1946 967 1977 So.
989 1946 1184 1987 Interrogate
1198 1957 1206 1976 ε
1229 1944 1282 1976 An
1294 1955 1362 1976 non
1377 1944 1534 1976 rhetorica
1548 1944 1677 1977 omnino

212 2005 261 2027 ars
284 1997 345 2028 erit
367 1997 508 2030 alliciens
533 2000 668 2031 animam
694 2011 750 2042 per
774 2010 944 2038 sermones,
962 2010 1027 2032 non
1042 2000 1076 2031 iu
1088 1999 1220 2042 judiciis
1236 1999 1342 2037 modo,
1356 1999 1528 2041 ceterisque
1543 1999 1678 2041 publicis

212 2050 355 2089 coetibus,
369 2062 474 2084 verum
488 2053 583 2085 etiam
597 2053 629 2085 in
651 2054 780 2096 privatis
801 2054 1018 2097 congressibus
1041 2055 1151 2086 eadem
1173 2054 1213 2086 de
1235 2054 1355 2095 magnis
1380 2054 1556 2096 quibusque
1581 2054 1674 2085 rebus

212 2108 245 2135 et
261 2105 384 2146 parvis?
407 2107 485 2138 nihil
500 2107 582 2138 enim
597 2109 809 2140 honorabilius
824 2109 857 2139 in
872 2108 1005 2150 magniS,
1019 2118 1115 2150 quarn
1130 2107 1163 2138 iu
1178 2108 1310 2150 exiguis,
1319 2118 1358 2139 ex
1372 2112 1456 2139 reeta
1471 2107 1544 2138 artis
1556 2107 1676 2139 ratione

213 2168 246 2189 se
262 2169 376 2200 gerere.
421 2159 585 2204 Numquid
602 2166 635 2193 tu
651 2163 718 2194 haec
734 2162 848 2194 audisti
862 2163 873 2194 ἓ
919 2163 1014 2194 Pam.
1035 2162 1112 2193 Non
1134 2162 1177 2193 ita
1189 2172 1312 2204 prorsus
1333 2172 1389 2204 per
1401 2162 1527 2194 Jovem.
1570 2171 1677 2192 verum

211 2212 294 2245 circa
304 2212 427 2255 judicia
443 2216 598 2258 praecipue
618 2227 665 2248 ars
680 2217 740 2248 ista
754 2217 879 2254 dicitur,
895 2217 1113 2258 scribiturque,
1129 2227 1189 2248 nec
1204 2227 1269 2247 non
1284 2216 1366 2248 circa
1380 2215 1548 2248 conciones
1562 2226 1571 2247 :
1596 2215 1677 2247 ultra

212 2277 285 2298 vero
300 2278 368 2298 eam
383 2270 496 2310 porrigi
513 2280 576 2300 non
592 2270 710 2302 audivi.
755 2271 811 2302 So.
835 2270 999 2312 Numquid
1020 2276 1116 2301 artem
1137 2271 1277 2310 dicendi,
1297 2281 1360 2312 qua
1383 2269 1500 2301 Nestor
1519 2274 1552 2301 et
1565 2269 1676 2301 Ulixes

213 2321 298 2362 apud
309 2321 406 2359 ¹Ilium
423 2323 471 2354 usi
486 2328 571 2364 sunt,
586 2325 699 2355 audisti
712 2325 724 2356 ?
748 2335 816 2356 earn
833 2335 916 2361 veru,
931 2335 994 2366 qua
1009 2324 1207 2361 Palamedes,
1223 2324 1339 2355 audisti
1354 2323 1539 2365 nunquam?
1582 2323 1679 2355 Prile.

213 2373 256 2405 Et
270 2385 325 2416 per
337 2376 358 2408 J
360 2387 461 2414 ovem,
477 2376 618 2409 Nestoris
632 2378 786 2410 orationes
812 2377 918 2409 audivi
931 2389 939 2410 ε
964 2378 1024 2409 nisi
1038 2379 1118 2409 forte
1140 2378 1289 2420 Gorgiam
1309 2377 1474 2410 Nestorem
1489 2378 1580 2418 fingis
1595 2388 1675 2414 esse,

213 2433 269 2459 aut
285 2429 551 2472 Thrasymachum
574 2431 601 2461 T
603 2432 836 2474 heodorumque
864 2432 996 2463 Ulixem.
1042 2433 1098 2464 So.
1120 2433 1259 2465 Forsan:
1284 2433 1339 2464 sed
1360 2433 1416 2463 hos
1439 2432 1618 2462 mittamus:
1642 2437 1677 2463 tu.

214 2491 285 2512 vero
300 2485 454 2524 responde
467 2495 475 2516 ε
501 2485 586 2522 Quid
603 2486 635 2516 in
647 2485 779 2527 judiciis
794 2486 961 2517 adversarii
976 2486 1121 2517 faciunt?
1143 2497 1247 2518 nonne
1262 2486 1506 2519 contradicunt?
1528 2485 1582 2516 An
1598 2485 1677 2526 quid

213 2534 299 2566 aliud
314 2536 475 2568 dicemus?
519 2539 614 2570 Pam.
637 2540 708 2572 Hoc
722 2540 836 2582 ipsum.
880 2540 938 2572 So.
954 2539 1039 2571 Num
1056 2541 1096 2572 de
1107 2540 1195 2582 justo
1210 2546 1304 2583 atque
1320 2540 1461 2582 injusto?
1505 2539 1599 2570 Pnae.
1613 2538 1675 2570 Ita.

214 2589 269 2620 So.
294 2588 409 2620 Nonne
429 2591 483 2633 qui
509 2597 573 2624 arte
594 2593 626 2624 id
650 2594 725 2636 agit,
747 2594 871 2632 efficiet,
893 2599 929 2625 ut
950 2594 1032 2625 idern
1054 2594 1171 2626 eisdem
1193 2600 1259 2625 tum
1274 2594 1408 2636 justum,
1427 2599 1493 2625 turn
1522 2593 1675 2635 injustum

213 2645 386 2684 appareat?
429 2644 524 2676 Pam.
547 2646 632 2683 Quid
659 2643 827 2689 prohibet?
872 2649 928 2679 So.
952 2647 995 2679 Et
1020 2648 1053 2678 in
1078 2649 1243 2689 concione,
1270 2655 1305 2680 ut
1321 2649 1431 2680 eadem
1446 2646 1565 2678 civitati
1581 2646 1675 2677 modo

215 2696 309 2733 bona,
324 2697 418 2728 modo
433 2699 587 2730 contraria
602 2700 787 2732 videantur?
819 2702 912 2734 Pam.
928 2701 1033 2734 Certe.
1066 2702 1122 2733 So.
1135 2702 1301 2734 Enimvero
1316 2702 1458 2733 Eleatem
1473 2700 1675 2732 Palamedem

214 2750 345 2781 artificio
361 2762 417 2782 suo
432 2752 554 2784 efficere
570 2754 694 2784 solitum
714 2755 906 2797 accepimus,
926 2761 962 2786 ut
976 2756 1086 2788 eadem
1105 2757 1305 2788 audientibus
1320 2755 1432 2786 similia
1454 2760 1487 2785 et
1501 2753 1674 2789 dissimilia,

213 2813 311 2833 uuum
335 2808 368 2835 et
392 2806 501 2844 multa,
527 2808 683 2838 manentia
706 2816 738 2839 et
761 2809 892 2840 fluentia
911 2809 1098 2841 viderentur.
1142 2810 1235 2841 Pnae.
1257 2809 1409 2841 Maxime.
1453 2809 1508 2840 So.
1531 2807 1675 2838 Facultas

213 2866 288 2898 ergo
303 2858 552 2897 contradictoria,
567 2872 630 2892 non
644 2861 677 2892 in
689 2858 822 2903 judiciis
837 2863 935 2894 solum
952 2869 984 2894 ct
1005 2864 1223 2904 concionibus,
1239 2874 1343 2895 verum
1359 2863 1454 2894 etiam
1470 2862 1502 2892 in
1517 2859 1674 2896 omnibus,

214 2914 250 2940 ut
263 2916 405 2953 apparet,
419 2924 489 2955 quae
504 2914 662 2953 dicuntur,
678 2917 935 2959 quandoquidem
952 2928 1014 2950 una
1037 2918 1180 2961 quaedam
1202 2927 1250 2950 ars
1267 2921 1327 2955 est,
1345 2920 1500 2957 versatur:
1524 2924 1587 2956 qua
1601 2913 1673 2956 quis
