1832 3256
185 210 239 248 24
783 203 1054 244 PLATONIS
1555 207 1652 260 [270

190 315 333 354 oportere
347 308 520 351 discipulos
534 318 605 340 suos
620 305 745 350 propria
760 306 911 338 industria
925 315 1117 347 comparare.
1162 304 1255 337 Pn.
1276 305 1362 339 Talis
1385 306 1539 349 prefecto,
1559 318 1580 340 o
1595 308 1655 342 So.

192 370 304 403 crates,
319 375 366 396 ars
381 365 437 395 illa
449 363 573 395 videtur
585 372 665 400 esse,
680 371 773 403 quam
788 361 839 392 isti
853 365 1002 402 tanquam
1021 359 1204 391 rhetoricam
1228 359 1357 401 docent,
1377 365 1410 392 et
1423 361 1573 393 scribunt.
1617 371 1656 397 ae

193 418 270 451 mihi
283 419 396 450 videris
412 428 485 449 vera
499 417 623 448 dixisse.
667 415 784 447 Verum
799 413 927 446 oratoris
944 413 1197 455 persuasorisque
1210 412 1276 445 veri
1285 419 1380 446 artem
1395 425 1529 456 quonam
1544 421 1656 457 paeto,

193 478 227 505 et
240 473 324 504 unde
338 472 430 504 nobis
442 471 602 503 vindicare
618 469 808 511 poterimus?
853 468 906 500 So.
930 467 1185 499 Consentaneum
1199 472 1259 504 est,
1273 478 1293 499 ο
1307 467 1452 508 Phaedre,
1465 469 1546 501 forts
1558 468 1655 502 etiam

192 526 411 563 necessarium,
426 525 686 568 quemadmodum
702 524 735 554 in
750 522 874 559 ceteris,
887 521 933 552 ita
946 527 980 552 et
993 521 1027 552 in
1040 522 1100 553 hoc
1113 521 1283 553 certamine
1293 523 1471 564 peragendo
1482 523 1653 564 perfeetum

192 590 270 612 esse.
287 581 406 622 quippe
420 580 446 611 si
468 578 526 610 tibi
540 583 660 616 natura,
674 581 711 608 ut
726 577 767 609 sis
782 580 894 613 orator,
918 575 1069 612 tribuerit,
1092 576 1263 609 accedente
1283 576 1427 608 doctrina
1449 581 1484 608 et
1504 577 1655 610 exercita·

192 633 279 666 tione
294 633 450 666 excellens
465 633 524 664 eris
538 636 660 663 orator:
683 630 709 662 si
723 629 801 673 quid
817 640 889 661 vero
904 629 963 660 tibi
979 629 1106 660 istorum
1122 629 1268 665 defuerit,
1284 639 1414 662 mancus
1430 630 1500 663 eris.
1526 630 1656 668 Quanta

192 697 266 719 vero
281 698 328 719 ars
343 686 523 728 hujusmodi
538 686 589 723 sit,
603 696 668 717 non
681 695 719 717 ea
733 684 796 722 via,
811 693 905 726 quam
921 682 1054 724 Gorgias
1068 687 1101 714 et
1120 682 1372 725 Thrasymachus
1385 683 1484 716 secuti
1499 689 1584 722 sunt,
1598 685 1656 717 sed

195 741 256 771 alia
270 741 388 783 potius,
403 745 544 771 constare
557 739 690 770 videtur.
714 739 809 771 Pam.
833 737 978 774 Quanam
993 736 1148 767 maxime?
1193 736 1250 767 So.
1271 736 1417 773 Videtur,
1431 747 1451 768 ο
1466 737 1511 769 vir
1525 738 1656 780 optime,

193 804 259 826 non
273 795 386 836 injuria
400 793 536 826 Pericles
551 797 706 824 oratorum
718 790 856 822 omniurn
872 790 1112 832 perfectissimus
1125 789 1289 821 exstitisse.
1333 790 1428 822 Pu.
1443 791 1532 823 Cur?
1556 790 1656 834 [2⁷0]

195 848 252 880 So.
275 849 404 890 Magna}
419 847 568 890 quaelibet
582 851 661 878 artes
676 843 900 877 exercitatione
922 842 1101 879 dialectica,
1124 843 1454 886 contemplationeque
1477 843 1656 879 sublimium

194 901 228 932 in
242 907 352 933 natura
366 911 465 933 rerum
489 899 644 941 indigent.
688 899 758 940 ipsa
783 898 866 929 enim
882 897 995 928 mentis
1010 895 1198 937 sublimitas,
1211 901 1244 928 et
1258 896 1303 928 vis
1318 897 1428 929 efficax
1450 897 1483 928 in
1497 898 1607 940 quavis
1621 908 1655 932 re

194 955 396 997 perficienda,
415 955 489 987 hinc
514 953 745 995 quodammodo
762 950 918 993 proticisci
938 951 1103 981 videntur:
1126 950 1214 993 quod
1235 950 1374 982 Pericles
1394 951 1437 984 ad
1449 950 1655 992 ingeniiacn-

194 1019 268 1040 men
292 1008 446 1049 adjunxit.
491 1006 686 1047 Anaxagora
709 1015 858 1047 namque,
884 1004 1067 1046 hujusmodi
1088 1014 1190 1035 rerum
1215 1004 1418 1046 indagatoris,
1445 1004 1656 1037 familiaritate

191 1062 300 1099 fretus,
314 1060 570 1102 contemplationi
585 1071 618 1092 se
631 1059 771 1100 tradidit,
783 1058 960 1100 mentisque
973 1062 1006 1089 et
1020 1058 1186 1090 dementiae
1199 1063 1342 1089 naturam
1356 1057 1440 1090 illam
1452 1059 1657 1100 comprehen-

194 1116 253 1153 dit,
268 1117 308 1147 de
323 1126 387 1157 qua
401 1114 603 1156 Anaxagoras
623 1113 738 1144 diffuse
757 1112 913 1144 disseruit.
958 1113 1044 1144 unde
1068 1112 1109 1144 ad
1132 1112 1260 1144 dicendi
1279 1117 1388 1153 artem,
1402 1112 1488 1154 quod
1501 1111 1564 1154 ipsi
1579 1122 1656 1144 coa·-

193 1170 309 1202 ducere
324 1169 498 1205 videbatur,
513 1167 659 1199 traduxit.
703 1167 798 1198 Pnae.
820 1166 989 1203 Quomodo
1005 1166 1089 1198 istud
1105 1166 1172 1198 ais?
1216 1166 1273 1198 So.
1295 1166 1452 1198 Medendi
1473 1165 1548 1198 artis
1561 1170 1658 1208 atquo

192 1223 320 1256 dicendi
341 1223 451 1255 eadem
475 1222 570 1254 ferme
595 1221 674 1252 ratio
695 1225 755 1253 est.
801 1220 894 1252 Pam.
917 1220 1066 1258 Quonam
1081 1220 1200 1262 pacto?
1243 1220 1300 1252 So.
1323 1219 1364 1251 In
1386 1219 1526 1262 utrisque
1550 1218 1660 1261 partiri

193 1281 334 1308 naturam
357 1281 493 1319 oportet,
506 1275 642 1317 corporis
655 1274 782 1317 quidem
797 1274 829 1305 in
845 1284 920 1311 una,
935 1274 971 1305 in
984 1274 1082 1306 altera
1100 1274 1212 1306 animae
1226 1285 1234 1305 ε
1257 1274 1286 1307 si
1306 1273 1402 1305 modo
1421 1283 1489 1304 non
1506 1273 1660 1305 exercita-

192 1331 279 1362 tione
294 1331 394 1362 solum
408 1334 440 1362 et
454 1341 524 1368 usu,
539 1340 642 1361 verum
666 1329 759 1360 etiam
782 1334 858 1366 arte,
873 1327 996 1371 corpori
1017 1328 1188 1360 medicinas
1210 1333 1243 1359 et
1265 1326 1414 1360 alimenta
1426 1327 1474 1358 ita
1487 1326 1528 1358 sis
1543 1326 1655 1369 praebi·

193 1389 292 1422 turus,
308 1389 344 1415 ut:
367 1388 399 1416 et
414 1394 523 1415 sanum
549 1388 582 1415 et
605 1384 765 1414 robustum
790 1382 928 1422 efficias3
951 1382 1063 1414 animoe
1086 1387 1190 1413 autem
1215 1392 1272 1423 per
1285 1381 1418 1413 rationes
1438 1380 1656 1422 legitimasque

190 1428 404 1470 institutiones
429 1437 661 1480 persuasionem
686 1436 806 1468 affatim
832 1437 1040 1478 virtutemque
1053 1435 1259 1468 adhibiturus.
1302 1435 1398 1467 Pam.
1419 1434 1471 1466 Ita
1491 1433 1658 1467 verisimile

192 1497 252 1529 est,
267 1503 287 1523 o
302 1488 456 1524 Socrates.
478 1491 534 1523 So.
549 1491 672 1523 Animae
688 1501 760 1522 vero
775 1494 917 1521 naturam
931 1490 1051 1532 absque
1070 1489 1167 1520 totius
1182 1493 1294 1520 natura
1306 1488 1494 1521 sufficienter
1507 1488 1658 1530 cognosci

192 1556 286 1588 posse
301 1546 457 1578 existimas
471 1545 482 1576 ?
505 1545 600 1577 Pam.
615 1545 650 1576 Si
665 1544 867 1586 Hippocrati,
882 1543 1059 1586 AEseulapii
1073 1542 1257 1580 successori,
1271 1542 1464 1575 credendum
1476 1546 1538 1584 est,
1551 1552 1656 1584 neque

192 1599 288 1631 etiam
314 1599 452 1641 corporis
476 1603 618 1631 naturam
639 1598 705 1630 sine
731 1598 874 1631 doctrina
900 1597 1081 1639 hujusmodi
1105 1596 1329 1639 comprehendi
1350 1606 1441 1638 posse
1463 1596 1656 1637 putabimus.

193 1653 250 1685 So.
272 1653 358 1685 Seite
374 1653 524 1695 loquitur,
539 1663 558 1684 o
573 1652 685 1684 amice.
706 1657 831 1695 oportet
845 1656 949 1683 autem
965 1655 1075 1693 praeter
1091 1650 1316 1693 Hippocratem
1330 1649 1537 1686 considerare,
1550 1653 1656 1681 utrum

191 1706 414 1748 disputationis
424 1706 515 1737 nobis
529 1706 608 1737 ratio
628 1711 790 1738 consonet.
833 1705 928 1737 Pan.
954 1704 1126 1736 Assentior.
1170 1704 1226 1736 So.
1249 1703 1302 1735 De
1327 1708 1446 1735 natum
1467 1702 1564 1744 igitur
1584 1713 1656 1745 per·

192 1760 381 1792 scrutatione
395 1759 471 1801 quid
488 1759 711 1801 Hippocrates,
726 1763 760 1790 et
785 1768 858 1789 vera
881 1758 960 1789 ratio
981 1757 1080 1795 dicat,
1102 1758 1241 1789 attende.
1286 1756 1341 1788 An
1365 1767 1431 1788 non
1445 1756 1656 1799 iuscujusque

190 1818 303 1847 natura
316 1812 523 1854 excogitanda
535 1811 604 1843 est?
626 1811 726 1852 primo
751 1811 891 1852 quidem,
917 1815 1020 1842 utrum
1046 1810 1177 1852 simplex
1201 1810 1280 1842 illud
1295 1810 1347 1848 sit,
1363 1820 1404 1842 an
1417 1809 1592 1852 multiplex,
1615 1810 1657 1842 de

195 1877 260 1910 quo
274 1871 307 1898 et
321 1866 381 1908 ipsi
393 1866 508 1897 habere
523 1869 631 1902 artem,
654 1867 687 1895 et
700 1863 770 1895 aliis
791 1863 865 1894 dare
889 1873 980 1904 posse
1002 1863 1234 1895 desideramus:
1258 1863 1387 1901 deinde,
1409 1863 1435 1894 si
1448 1867 1497 1894 est
1510 1863 1655 1905 simplex,

194 1919 460 1963 investigandum,
479 1928 584 1961 quam,
598 1923 631 1949 et
645 1918 685 1949 ad
700 1917 776 1959 quid
792 1917 824 1948 in
847 1918 983 1959 agendo,
997 1927 1162 1959 rursusque
1179 1927 1284 1959 quam,
1299 1922 1331 1948 et
1347 1927 1366 1947 a
1379 1927 1443 1959 quo
1457 1916 1490 1948 in
1505 1917 1656 1958 patiendo

192 1979 304 2006 natura
329 1974 394 2005 vim
416 1972 542 2005 haheat.
586 1971 682 2010 Quod
707 1970 734 2002 si
757 1971 877 2013 species
903 1971 998 2002 habet
1022 1971 1148 2008 multas,
1173 1971 1222 2002 his
1247 1971 1450 2002 dinumeratis
1473 1971 1506 2002 in
1526 1971 1657 2014 singulis

193 2028 336 2060 similiter
360 2037 398 2058 ac
423 2026 457 2058 in
483 2036 558 2066 uno,
580 2025 730 2057 naturalis
754 2029 787 2057 et
812 2024 926 2066 agendi
954 2029 987 2056 et
1010 2024 1152 2066 patiendi
1177 2024 1225 2062 vis
1243 2024 1441 2066 inquirenda.
1485 2024 1580 2057 Pan.
1602 2025 1656 2058 ste

193 2086 338 2124 apparet,
351 2091 371 2112 o
385 2080 538 2112 Socrates.
581 2079 638 2112 So.
661 2078 736 2111 Sine
751 2078 801 2110 his
814 2088 886 2110 vero
902 2078 1089 2120 progressio,
1104 2082 1255 2120 tanquam
1278 2078 1353 2111 caeci
1367 2078 1427 2110 iter
1439 2088 1508 2110 esse
1520 2078 1658 2112 videtur.

191 2146 258 2168 non
281 2139 386 2169 tamen
402 2143 486 2165 caeco
511 2132 561 2164 vel
585 2133 691 2170 surdo,
716 2132 772 2174 qui
797 2137 863 2163 arte
878 2136 989 2164 tractat
1003 2131 1134 2174 aliquid,
1150 2137 1199 2163 est
1211 2132 1459 2173 comparandus:
1483 2133 1539 2163 sed
1553 2137 1656 2174 patet,

190 2189 278 2232 quod
292 2187 432 2231 quisquis
444 2192 508 2218 arte
523 2186 619 2218 alicui
632 2196 789 2221 sermones
803 2186 1029 2226 accommodat,
1043 2190 1185 2217 naturam
1206 2186 1388 2217 substantias
1402 2185 1486 2217 illius
1501 2186 1657 2228 exquisite

191 2241 389 2283 monstrabit,
432 2241 483 2277 cui
509 2250 665 2272 sermones
690 2239 837 2272 adhibet:
859 2240 894 2272 id
918 2244 1022 2271 autem
1047 2244 1096 2271 est
1120 2238 1234 2271 anima.
1279 2239 1375 2271 Pan-2.
1395 2239 1525 2282 Absque
1545 2240 1657 2274 dubio.

193 2296 250 2328 80.
273 2295 390 2327 Nonne
406 2295 447 2326 ad
460 2294 494 2326 id
509 2294 644 2325 studium
657 2294 740 2325 illius
756 2304 847 2325 omne
862 2294 1038 2331 contendit,
1055 2291 1154 2335 [271]
1170 2299 1205 2324 ut
1219 2293 1291 2325 huic
1303 2294 1430 2336 penitus
1446 2293 1656 2336 persuadeat?

191 2350 288 2385 Pus..
325 2349 465 2380 Prorsus.
509 2348 562 2379 So.
600 2348 733 2380 Constat
760 2348 865 2390 igitur,
893 2347 981 2390 quod
1015 2346 1279 2390 Thrasymachus,
1307 2352 1340 2378 et
1367 2347 1547 2390 quicunque
1575 2347 1658 2380 alius

190 2402 356 2437 tradendae
368 2401 522 2435 incumbit
537 2401 712 2439 rhetoricas,
726 2401 825 2443 primo
840 2401 967 2444 quidem
985 2411 1105 2432 summa
1123 2401 1286 2442 diligentia
1298 2400 1470 2433 describere
1484 2400 1657 2434 declame-

193 2466 255 2498 que
278 2455 419 2493 debebit,
433 2459 535 2487 utrum
549 2454 653 2486 anima
667 2456 847 2487 naturaliter
867 2465 976 2493 unum,
995 2460 1028 2486 et
1049 2455 1200 2497 quiddam
1225 2455 1325 2486 simile
1340 2455 1390 2493 sit,
1414 2465 1455 2486 an
1481 2456 1655 2488 secundum

191 2508 322 2540 formam
346 2508 483 2551 corporis
507 2509 681 2551 multiplex.
724 2510 786 2541 hoc
811 2509 894 2541 enim
923 2519 990 2540 esse
1013 2508 1158 2547 dicimus,
1180 2514 1321 2540 naturam
1335 2510 1513 2542 ostendere.
1559 2509 1656 2543 Pam.

193 2562 344 2597 Omnino.
375 2562 432 2594 So.
455 2562 613 2600 Secundo,
629 2563 706 2604 quid
721 2563 823 2595 facere
835 2563 962 2605 cuique,
976 2563 1092 2604 quidve
1107 2572 1125 2593 a
1138 2573 1263 2605 quoque
1278 2564 1344 2604 pati
1358 2567 1464 2605 queat,
1478 2564 1655 2597 ostendere.

192 2616 288 2648 Pu.
311 2615 415 2648 Certe.
436 2615 492 2649 So,
514 2616 632 2654 Tertio,
647 2616 803 2648 distinctis
817 2627 990 2648 sermonum
1001 2616 1175 2658 animmque
1189 2617 1354 2658 generibus
1369 2622 1464 2659 atque
1478 2616 1656 2655 affectibus,

192 2679 303 2702 causas
318 2679 425 2701 omnes
440 2679 626 2711 percurrere,
641 2670 763 2712 singula
786 2670 916 2712 singulis
939 2670 1191 2711 accommodans,
1214 2670 1407 2713 docensque,
1421 2669 1523 2712 qualis
1537 2670 1656 2708 anima,

192 2723 339 2767 qualibus
353 2722 557 2761 sermonibus,
573 2733 705 2766 quamve
720 2725 761 2755 ob
776 2734 900 2755 causam
923 2724 1097 2756 necessario
1113 2725 1180 2755 haec
1195 2724 1322 2766 quidem
1338 2727 1490 2761 movetur,
1511 2723 1566 2755 illa
1579 2732 1654 2755 vero

192 2787 402 2820 nequaquam.
444 2776 537 2811 Prin.
560 2777 842 2815 Praeclarissimum,
858 2782 893 2808 ut
908 2777 1041 2819 videtur,
1056 2779 1115 2809 hoc
1131 2783 1223 2810 esset.
1266 2778 1321 2811 So.
1344 2776 1460 2819 Neque
1473 2776 1568 2818 igitur
1581 2777 1655 2815 hoc,

193 2842 214 2863 o
230 2831 340 2869 amice,
354 2841 457 2873 neque
472 2830 558 2862 aliud
581 2830 764 2873 quidquam,
785 2831 811 2862 si
832 2831 921 2863 aliter
939 2835 1097 2869 tractetur,
1123 2832 1288 2863 artificiose
1310 2840 1447 2873 unquam
1462 2829 1655 2862 tras-bitur.

195 2884 304 2916 Nostri
319 2894 391 2917 vero
407 2884 440 2915 in
457 2885 516 2916 hac
531 2889 597 2916 arte
611 2885 785 2927 scriptores,
801 2895 879 2926 quos
895 2885 963 2927 ipse
978 2885 1103 2924 audisti,
1115 2885 1221 2917 callidi
1232 2890 1316 2923 sunt,
1332 2889 1375 2921 et,
1387 2883 1499 2915 auium
1513 2888 1656 2915 naturam

196 2938 402 2980 pulcherrime
417 2943 651 2980 cognoscentes,
676 2949 733 2970 nos
750 2938 864 2974 celant.
907 2939 976 2971 Nos
992 2949 1076 2978 vero,
1098 2939 1275 2981 priusquam
1296 2939 1356 2970 hoc
1373 2937 1465 2970 modo
1479 2937 1659 2981 loquantur,
