1846 3268
154 272 253 324 353]
711 273 1085 318 PARMENIDES.
1543 283 1615 321 121
1651 261 1654 263 ’

152 376 195 408 ob
209 378 340 410 eandem
355 376 504 411 rationem
520 374 620 420 majus
635 380 695 414 est,
718 377 772 408 illa
786 387 857 409 vero
879 377 1008 410 minora.
1043 378 1190 411 Videtur.
1224 378 1330 411 Unum
1353 379 1461 423 itaque
1485 383 1620 425 aequale,

150 431 316 474 majusque
332 438 364 464 et
379 431 481 463 minus
496 441 528 462 se
543 430 612 472 ipso
629 435 662 462 et
675 430 745 462 aliis
761 437 819 463 est.
841 432 997 474 Apparet.
1020 431 1122 475 Atqui
1137 433 1163 464 si
1174 433 1275 475 majus
1285 440 1320 465 et
1331 435 1431 466 minus
1443 440 1475 466 et
1487 437 1619 478 aequale,

150 486 316 527 aequaiium
332 485 390 517 erit
403 495 626 526 mensurarum,
652 485 850 527 pluriumque
871 492 904 517 et
929 487 1123 528 pauciorum,
1149 489 1255 529 quoad
1278 498 1311 519 se
1333 488 1436 530 ipsum
1459 494 1554 531 atque
1577 491 1620 522 ad

150 537 232 570 alia:
255 543 301 578 et,
314 538 340 570 si
354 549 578 580 mensurarum,
604 538 739 580 partium
755 541 861 572 etiam.
897 540 985 578 Quid
1001 541 1171 583 prohibet?
1206 541 1341 573 Easdem
1358 553 1432 584 ergo
1447 553 1619 581 mensuras,

148 591 316 634 pluresque
331 598 364 624 et
375 593 537 635 pauciores
553 594 682 631 habens,
706 604 835 626 numero
861 604 988 637 quoque
1011 596 1083 637 plus
1107 601 1202 638 atque
1227 595 1330 628 minus
1344 596 1403 628 erit
1417 601 1450 628 et
1463 597 1504 628 ad
1520 608 1553 628 se
1567 597 1624 639 ip-

148 655 230 686 sum,
255 651 288 678 et
307 647 349 678 ad
369 653 494 680 cetera:
518 658 579 680 nec
594 658 658 679 non
673 648 794 689 aequale
810 648 869 679 sibi
893 653 988 691 atque
1005 649 1082 683 aliis,
1099 650 1140 680 ob
1161 650 1285 681 easdem
1313 660 1434 683 causas.
1469 650 1618 688 Quonam

150 704 244 741 pacto
259 700 270 731 ?
293 700 416 738 Quibus
432 701 532 743 majus
548 707 606 738 est,
623 701 740 743 plures,
756 712 848 743 quam
864 701 931 742 illa,
958 713 1119 734 mensuras
1144 703 1239 734 habet
1253 714 1261 734 :
1285 709 1426 745 quotque
1446 714 1618 744 mensuras,

148 753 282 786 totidem
296 759 329 786 et
342 759 444 796 partes
458 766 466 786 ε
489 760 523 787 et
536 755 650 797 quibus
666 755 768 787 minus
783 761 843 793 est,
869 757 983 788 eodem
1010 757 1102 787 modo
1118 767 1127 796 3
1151 756 1302 798 quibusve
1318 757 1451 799 aequale,
1468 758 1620 790 similiter.

147 805 201 838 Sic
215 812 274 839 est.
302 808 433 850 Nonne,
447 819 519 841 cum
536 819 569 840 se
584 809 655 851 ipso
671 809 771 850 majus
782 809 949 851 minusque
965 810 1017 848 sit,
1030 814 1063 841 et
1078 810 1212 851 aequale,
1224 810 1390 852 aequalium
1406 821 1618 843 mensurarum

147 859 345 904 pluriumque
360 868 393 894 et
408 863 603 905 pauciorum,
615 864 720 905 quoad
736 874 769 895 se
783 863 885 905 ipsum
902 869 950 895 est
964 864 1144 906 particeps?
1168 869 1200 896 et
1211 870 1377 906 postquam
1392 875 1621 908 mensurarum,

146 913 241 946 etiarn
261 916 418 958 partium?
442 917 586 955 Quidni?
621 918 815 961 Habensque
837 923 941 960 partes
967 919 1103 961 sibiipsi
1126 919 1274 961 aequales,
1298 918 1499 951 multitudine
1523 920 1619 952 etiam

150 969 270 1010 aequale
286 970 347 1002 sibi
371 971 448 1003 erit:
472 971 576 1014 plures
592 983 664 1004 vero
692 972 776 1015 plus,
798 973 961 1015 pauciores
985 974 1121 1016 denique
1145 974 1247 1005 minus
1270 983 1398 1005 numero
1425 974 1593 1016 semetipso
1606 975 1618 1006 ?

150 1021 299 1056 Videtur.
340 1026 393 1056 An
409 1036 473 1057 non
488 1027 527 1057 ad
545 1026 606 1058 alia
621 1027 762 1058 similiter
777 1038 809 1059 se
825 1038 922 1059 unum
936 1027 1089 1059 habebit?
1113 1028 1188 1070 quia
1202 1026 1262 1069 maj
1269 1038 1302 1058 us
1317 1027 1379 1059 illis
1395 1033 1538 1070 apparet,
1561 1039 1618 1060 ne-

150 1085 236 1120 cesse
251 1082 299 1109 est
313 1078 396 1120 plus,
413 1090 506 1121 quam
523 1080 590 1118 illa,
614 1090 743 1112 numero
767 1092 856 1112 esse:
881 1082 955 1123 quia
971 1092 1043 1112 vero
1067 1081 1168 1113 minus
1192 1081 1420 1124 magnitudine,
1447 1082 1542 1113 etiam
1557 1093 1616 1114 nu—

150 1140 235 1162 rnero
249 1132 351 1164 minus
365 1143 374 1165 z
398 1133 473 1175 quia
489 1133 627 1176 denique
643 1134 763 1177 aequale
779 1135 810 1165 in
826 1134 1057 1177 magnitudine,
1071 1146 1199 1167 numero
1214 1145 1341 1177 quoque
1358 1146 1413 1177 par
1424 1146 1504 1167 esse.
1547 1135 1616 1167 Ne-

150 1185 284 1216 cessario
300 1185 346 1218 fit.
391 1186 461 1219 Hac
477 1187 588 1219 iterum
603 1187 736 1225 ratione,
752 1199 868 1225 unum,·
876 1199 944 1230 par,
971 1187 1054 1230 plus,
1076 1189 1190 1227 minus,
1215 1190 1389 1221 secundum
1405 1199 1566 1221 numerum
1583 1200 1618 1222 se

149 1238 219 1280 ipso
234 1239 304 1279 erit,
319 1251 355 1272 ac
368 1242 489 1273 ceteris.
533 1241 603 1273 Erit
617 1251 704 1274 sane.
749 1242 914 1284 Numquid
929 1247 962 1274 et
984 1247 1123 1285 tempore
1140 1253 1235 1274 unum
1252 1243 1431 1285 participat,
1459 1248 1569 1285 estque
1584 1249 1617 1274 et

148 1292 185 1324 fit
193 1292 303 1334 junius
316 1306 352 1327 ac
368 1296 473 1327 senius
490 1306 522 1327 se
533 1296 602 1338 ipso
618 1296 710 1328 simul
726 1302 759 1328 et
774 1296 867 1328 aliis?
890 1301 923 1328 et
947 1307 1049 1328 rursus
1073 1303 1181 1329 contra
1196 1308 1255 1329 nec
1266 1297 1376 1339 junius
1392 1307 1495 1339 neque
1510 1297 1616 1329 senius

148 1347 274 1389 seipso,
287 1349 335 1380 vei
352 1349 432 1388 aliis,
458 1350 533 1382 dum
554 1350 725 1393 participat
750 1351 914 1393 tempore?
958 1351 1006 1383 At
1027 1351 1187 1394 quomodo
1213 1351 1247 1383 id
1273 1351 1340 1383 fieri
1363 1351 1492 1394 potest?
1538 1351 1617 1383 Esse

148 1402 290 1442 profecto
314 1403 360 1435 illi
385 1405 549 1447 competit,
570 1405 595 1436 si
618 1405 746 1448 quidem
768 1416 864 1436 unum
887 1411 946 1438 est.
992 1405 1166 1448 Competit.
1211 1406 1319 1449 Ipsum
1334 1416 1401 1438 esse
1418 1411 1522 1437 autem
1538 1406 1617 1448 quid

146 1456 233 1488 aliud
245 1464 305 1495 est,
320 1469 413 1500 quam
425 1459 568 1490 essentiae
583 1470 654 1492 cum
671 1460 816 1502 praesenti
833 1465 973 1502 tempore
987 1461 1186 1502 participatio
1201 1472 1209 1491 :
1233 1460 1497 1503 quemadmodum
1512 1461 1615 1502 ipsum

148 1516 215 1544 erat
235 1512 332 1555 [152]
356 1523 427 1545 cum
444 1513 614 1555 praeterito,
629 1519 662 1545 et
673 1514 776 1556 ipsum
792 1515 850 1546 crit
865 1525 936 1547 cum
953 1515 1069 1552 futuro.
1081 1515 1223 1547 essentia:
1235 1514 1334 1557 ipsius
1346 1514 1589 1546 communicatio
1603 1515 1615 1545 ?

146 1565 256 1599 Isthuc
269 1566 386 1609 ipsum.
430 1567 514 1610 Ergo
529 1567 555 1599 si
571 1568 639 1610 ipso
655 1579 722 1600 esse
737 1569 916 1611 participat,
933 1580 1060 1601 necesse
1075 1575 1123 1601 est
1145 1570 1293 1612 temporis
1314 1579 1440 1611 quoque
1462 1579 1530 1600 esse
1545 1575 1615 1610 par-⁴

145 1621 256 1663 ticeps.
278 1621 447 1655 Nimirum.
470 1622 587 1654 Nonne
601 1622 727 1655 fluentis
742 1623 915 1666 temporis?
950 1623 1054 1656 Certe.
1078 1623 1208 1666 Semper
1223 1634 1296 1666 ergo
1311 1623 1416 1655 senius
1431 1633 1464 1654 se
1480 1623 1550 1664 ipso
1566 1622 1614 1660 fit,

146 1675 171 1707 si
186 1675 314 1718 quidem
322 1667 503 1708 secundum
520 1682 643 1719 tempus
658 1678 821 1720 percurrit.
843 1676 997 1710 Necesse.
1020 1678 1292 1715 Recordamurne,
1310 1678 1395 1719 quod
1412 1673 1616 1709 seniusNem·

146 1725 204 1772 per
217 1729 264 1767 fit,
279 1730 384 1762 senius
399 1741 450 1769 eo,
475 1732 561 1773 quod
583 1731 706 1774 junius,
730 1732 790 1764 fit?
825 1731 1051 1765 Recordemur.
1081 1731 1199 1763 Nonne
1214 1731 1319 1773 igitur,
1335 1736 1500 1774 postquam
1516 1741 1615 1762 unum

152 1793 186 1815 se
201 1782 271 1826 ipso
285 1783 321 1815 fit
335 1785 451 1823 senius,
467 1796 500 1817 se
514 1785 584 1827 ipso
599 1785 674 1818 dum
685 1785 795 1828 junius
809 1785 857 1825 fit,
882 1786 918 1819 fit
929 1791 962 1818 et
976 1786 1081 1818 senius
1095 1786 1107 1817 ?
1140 1785 1361 1823 Necessarium
1376 1790 1433 1818 est.
1465 1784 1516 1816 Fit
1540 1795 1614 1827 ergo

149 1848 206 1880 per
219 1838 304 1870 hunc
317 1839 444 1872 modum
454 1838 564 1881 junius
580 1851 612 1871 se
628 1840 698 1882 ipso
714 1851 750 1872 ac
765 1841 882 1873 senius.
906 1840 968 1873 Fit.
991 1840 1103 1872 Senius
1119 1845 1223 1872 autem
1236 1851 1341 1872 nonne
1355 1845 1429 1871 tunc
1444 1845 1503 1877 est,
1514 1849 1616 1881 quan-

148 1892 191 1924 do
206 1902 340 1934 praesens
351 1893 419 1935 jam
435 1898 558 1935 tempus
571 1893 710 1936 attingit,
735 1896 822 1937 quod
838 1895 974 1926 medium
991 1900 1039 1927 est
1064 1895 1162 1937 ipsius
1177 1900 1243 1926 erat
1257 1900 1290 1926 et
1303 1895 1382 1926 erit?
1405 1904 1508 1936 neque
1529 1893 1612 1925 enim

148 1956 274 1979 currens
283 1957 322 1979 ex
336 1948 534 1989 praecedente
547 1948 581 1979 in
596 1953 767 1990 posterum,
782 1959 919 1991 praesens
942 1949 1046 1991 ipsum
1061 1949 1304 1991 supergreditur.
1338 1948 1416 1980 Non
1432 1952 1527 1981 certe.
1558 1947 1614 1979 An

147 2011 214 2032 non
224 2001 340 2034 desinit
354 2007 429 2034 tunc
444 2002 510 2034 fieri
528 2002 644 2040 senius,
659 2014 731 2035 curn
747 2002 880 2046 primum
897 2013 1032 2046 praesens
1047 2003 1148 2046 tangit
1161 2004 1173 2035 ?
1196 2014 1255 2035 nec
1270 2008 1336 2034 tum
1352 2003 1400 2045 fit,
1416 2003 1471 2035 sed
1486 2006 1534 2034 est
1544 2002 1612 2044 jam

147 2054 274 2088 senius?
295 2057 469 2100 procedens
484 2057 580 2099 enim,
595 2058 634 2089 ab
647 2058 716 2101 ipso
732 2059 877 2101 praesenti
889 2069 1089 2101 nequaquam
1112 2057 1398 2100 comprehenditur,
1415 2056 1501 2100 quod
1522 2066 1614 2087 nam·

147 2121 210 2153 que
225 2111 378 2153 procedit,
398 2111 442 2144 sic
456 2122 488 2143 se
514 2112 622 2150 habet,
643 2118 679 2144 ut
704 2117 883 2155 utrumque,
912 2123 1048 2155 praesens
1071 2112 1193 2145 scilicet
1218 2112 1431 2154 futurumque,
1455 2110 1614 2152 attingat3

147 2175 284 2207 praesens
297 2166 426 2207 quidem
437 2165 626 2208 relinquens,
641 2166 779 2199 futurum
794 2167 1046 2209 apprehendens,
1058 2166 1138 2198 inter
1148 2172 1315 2208 utrumque
1326 2165 1464 2198 medium
1476 2174 1612 2207 praesens

145 2219 323 2251 futurumve
336 2220 464 2253 cadens.
488 2220 582 2253 Vera.
605 2221 640 2252 Si
655 2232 727 2253 vero
743 2232 871 2253 necesse
887 2227 946 2259 est,
969 2222 1183 2263 quodcunque
1205 2221 1253 2262 fit,
1275 2221 1378 2262 ipsum
1402 2229 1536 2261 praesens
1551 2218 1611 2249 mi⁴

145 2273 230 2305 nime
246 2274 428 2316 transgredi,
443 2285 513 2307 cum
526 2275 658 2317 primum
673 2274 753 2306 illud
769 2280 895 2307 nactum
911 2281 970 2318 est,
984 2275 1051 2307 fieri
1066 2274 1193 2316 desinit,
1215 2278 1325 2315 estque
1341 2277 1415 2305 tunc
1433 2271 1501 2314 jam
1516 2271 1610 2313 illud,

143 2328 230 2369 quod
244 2328 351 2360 fiebat.
371 2328 526 2371 Apparet.
550 2329 657 2361 Unum
673 2329 767 2372 igitur
782 2330 909 2372 quando
925 2330 1031 2362 senius
1045 2329 1176 2366 factum,
1197 2328 1301 2370 ipsum
1317 2337 1454 2369 praesens
1469 2326 1610 2368 assequi-

145 2387 205 2420 tur,
220 2382 343 2414 desistit
362 2382 440 2420 fieri,
461 2387 572 2425 estque
589 2383 657 2425 jam
675 2383 792 2416 senius.
816 2382 971 2418 Omnino.
994 2383 1048 2415 An
1063 2394 1128 2414 non
1151 2382 1207 2414 illo
1222 2381 1328 2413 senius
1349 2385 1408 2419 est,
1434 2391 1497 2423 quo
1513 2380 1611 2411 fiebat

145 2436 249 2468 senius
262 2436 275 2467 ?
298 2436 394 2468 fiebat
408 2442 512 2469 autem
527 2448 559 2470 se
574 2438 656 2480 ipso.
688 2438 751 2470 Ita.
774 2438 887 2470 Senius
899 2449 971 2469 vero
983 2437 1102 2479 juniori
1115 2437 1241 2469 senius?
1265 2436 1333 2469 Est.
1356 2435 1377 2467 J
1380 2436 1471 2467 unius
1486 2445 1559 2476 ergo
1575 2445 1610 2466 se

145 2489 215 2532 ipso
231 2495 306 2522 tune
320 2495 369 2522 est
382 2502 488 2528 unum,
513 2492 641 2534 quando
656 2492 760 2524 senius
776 2492 905 2529 factum,
930 2502 1066 2534 praesens
1088 2491 1274 2533 assequitur.
1307 2489 1459 2522 Necesse.
1498 2488 1608 2530 Ipsum

145 2549 296 2586 praeterea
310 2554 444 2586 praesens
459 2556 580 2587 semper
594 2546 649 2577 uni
664 2546 754 2578 adest
777 2557 833 2588 per
852 2547 1031 2578 universum
1052 2556 1131 2577 esse.
1154 2555 1277 2587 semper
1300 2544 1384 2576 enirn
1399 2547 1448 2575 est
1461 2552 1613 2588 praesens,

145 2598 295 2641 quamdiu
311 2603 371 2630 est.
394 2598 538 2636 Quidni?
562 2600 692 2642 Semper
705 2611 779 2643 ergo
795 2611 892 2632 unum
907 2605 968 2642 est,
984 2604 1014 2631 et
1030 2599 1066 2630 fit
1075 2598 1187 2642 junius
1203 2604 1297 2641 atque
1311 2598 1415 2629 senius
1426 2597 1607 2638 semetipso.

145 2653 292 2686 Videtur.
315 2652 403 2690 Quin
417 2652 511 2684 etiam
526 2653 702 2695 longiusne,
720 2655 767 2686 vel
791 2654 914 2686 brevius
936 2659 1060 2695 tempus
1082 2658 1140 2691 est,
1163 2658 1219 2684 aut
1234 2653 1282 2693 fit,
1308 2662 1402 2694 quam
1417 2651 1607 2693 ipsummet;

146 2718 187 2739 nn
202 2707 308 2749 potius
323 2706 469 2748 aequum?
493 2707 643 2749 AEquum.
665 2708 783 2740 Verum
798 2709 884 2751 quod
900 2708 1020 2751 aequale
1036 2712 1160 2750 tempus
1176 2712 1236 2748 est,
1261 2711 1317 2738 aut
1331 2706 1377 2743 fit,
1393 2705 1525 2736 eandem
1542 2703 1609 2745 agit

147 2767 281 2795 aetatem.
305 2761 392 2799 Quid
408 2761 576 2803 prohibet?
600 2762 696 2799 Quod
711 2767 816 2794 autem
831 2763 964 2794 eandem
980 2767 1103 2793 aetatem
1119 2761 1242 2804 implet,
1266 2769 1368 2802 neque
1385 2759 1489 2790 senius
1504 2767 1608 2799 neque

143 2815 254 2858 junius
267 2820 326 2848 est.
349 2814 569 2857 Nequaquam.
592 2816 792 2859 Quapropter
807 2827 916 2854 unum,
932 2827 1004 2849 curn
1020 2816 1139 2858 aequale
1153 2820 1275 2856 tempus
1291 2815 1329 2845 ad
1347 2824 1380 2845 se
1394 2813 1495 2854 ipsum
1511 2816 1542 2843 et
1557 2811 1610 2852 sit,

146 2874 180 2901 et
193 2869 261 2909 fiat,
275 2878 378 2911 neque
389 2868 505 2907 senius,
527 2879 630 2911 neque
642 2869 752 2912 junius
768 2881 801 2902 se
815 2871 898 2912 ipso,
922 2875 976 2901 aut
990 2875 1048 2907 est,
1072 2875 1127 2900 aut
1148 2869 1291 2901 efficitur.
1322 2867 1418 2898 Haud
1441 2876 1515 2897 sane
1531 2864 1608 2895 mihi

145 2922 281 2954 videtur.
304 2923 378 2960 Quo
392 2928 497 2955 autem
513 2924 607 2955 modo
623 2925 662 2955 ad
679 2924 740 2955 alia
756 2935 788 2956 se
804 2925 922 2956 habet?
949 2924 1046 2966 [153]
1070 2923 1200 2960 Nescio,
1224 2922 1301 2964 quid
1324 2921 1437 2952 dicam.
1473 2919 1544 2950 Hoc
1559 2923 1606 2948 ta-

148 2986 219 3008 men
235 2982 326 3018 potes
340 2977 457 3016 dicere,
473 2979 558 3021 quod
571 2978 631 3011 alia
645 2979 683 3010 ab
700 2989 774 3018 uno,
790 2979 815 3011 si
831 2978 958 3022 quidem
975 2979 1071 3011 altera
1085 2983 1169 3018 sunt,
1184 2987 1248 3010 non
1264 2976 1405 3013 alterum,
1431 2973 1519 3015 plura
1535 2975 1607 3002 sunt

236 3029 324 3063 Plat.
342 3032 397 3064 Tr.
917 3032 944 3067 Ι.
1449 3027 1479 3063 Q
