1846 3268
226 234 304 271 278
372 264 377 267 .
821 226 1086 267 PLA'roNJs
1590 267 1592 269 ,
1616 229 1687 282 [ss

226 335 283 367 So.
305 334 394 372 Quot
409 333 524 376 pedum
542 332 623 366 erit?
669 331 734 364 Pu.
757 330 852 364 Octo.
895 331 952 363 So.
975 331 1055 373 Age,
1079 330 1146 373 jam
1170 341 1284 363 conare
1305 330 1380 363 mihi
1395 330 1511 370 dicere,
1525 329 1628 374 qualis
1641 336 1692 364 est

224 388 375 430 quaelibet
386 387 472 420 illius
487 387 569 418 linea
583 397 591 418 :
615 385 710 427 hujus
726 385 879 426 siquidem
905 386 1036 417 duorum
1053 385 1179 427 pedum.
1203 385 1287 417 linea
1302 396 1374 417 vero
1389 385 1473 417 illius
1491 385 1594 426 dupli,
1608 395 1686 426 qua-

227 442 264 474 lis
278 442 289 473 ?
333 442 397 473 Pu.
421 441 526 478 Patet,
539 452 557 471 o
574 441 728 477 Socrates,
745 449 811 470 esse
827 439 968 480 duplam.
1010 439 1067 470 So.
1090 439 1212 477 Cernis,
1228 450 1247 471 o
1261 440 1406 482 ,Menon,
1429 450 1478 470 me
1493 438 1572 470 nihil
1587 449 1626 470 ex
1640 438 1689 469 his

227 496 352 533 docere,
374 496 428 527 sed
451 494 575 535 singula
589 493 694 535 potius
709 492 916 534 interrogare?
940 496 970 523 et
986 502 1071 524 nunc
1086 493 1144 524 iste
1159 503 1250 524 nosse
1266 503 1299 524 se
1314 498 1417 535 putat,
1430 492 1532 535 qualis
1547 502 1586 524 ea
1601 491 1654 529 sit,
1669 501 1690 522 a.

227 560 291 591 qua
305 550 439 591 spatium
456 553 528 580 octo
544 549 661 590 pedum
685 546 860 578 conficitur.
907 545 959 576 An
986 556 1051 577 nou
1067 546 1124 578 tibi
1140 546 1283 578 videtur?
1328 547 1427 578 ΜΕΝ.
1449 545 1535 578 Mihi
1550 545 1689 588 quidem.

226 603 282 635 So.
305 603 404 634 Novit
418 602 532 644 igitur?
578 601 677 632 Mau.
701 600 848 632 Minime.
892 601 945 631 So.
967 600 1065 631 Putat
1087 605 1190 631 autem
1206 611 1224 631 a
1239 601 1362 643 dupla?
1407 600 1505 633 ΜΕΝ.
1529 599 1609 638 Ῑὶεῠι.4
1634 599 1690 630 So.

226 657 347 698 Aspice
367 656 518 697 deinceps
546 656 631 686 hunc
657 665 713 696 per
737 653 889 691 ordinem,
905 659 941 684 ut
966 659 1101 696 oportet,
1117 653 1378 686 reminiscentem.
1420 654 1470 685 Tu
1495 658 1600 685 autem
1615 652 1689 690 ldie,

227 711 354 751 amabo,
370 721 388 743 e
403 710 502 752 dupla
517 709 602 740 linea
612 709 743 750 duplum
768 708 843 751 [83]
868 708 1002 749 spatium
1019 709 1106 740 nasci
1119 709 1223 740 fateris
1236 709 1248 740 ἓ
1272 709 1334 740 tale
1350 709 1492 750 profecto
1507 708 1591 746 dico,
1603 707 1688 749 quod

228 774 294 795 non
307 765 366 796 hac
383 765 523 806 longum,
538 763 592 794 illa
605 763 722 802 breve;
745 763 799 793 sed
825 762 945 804 aequale
965 763 1116 804 undique,
1140 763 1404 804 quemadmodum
1428 763 1534 794 istud:
1558 761 1692 803 duplum

229 829 302 849 vero
323 817 425 855 istius,
440 821 513 849 octo
536 817 664 858 pedum.
687 815 742 847 sed
764 815 900 856 inspice,
915 826 954 847 an
978 815 1037 846 tibi
1059 816 1161 847 adhuc
1180 827 1199 847 a
1221 817 1320 858 dupla
1345 816 1411 848 fieri
1426 817 1578 848 videatur.
1624 815 1689 847 Pu.

229 871 315 904 Mihi
330 871 435 913 plane.
480 871 538 902 So.
561 869 678 901 Nonne
693 868 787 910 hujus
804 869 902 910 dupla
917 869 984 900 haec
1000 868 1047 909 fit,
1067 869 1094 899 si
1120 869 1211 900 aliam
1228 869 1379 911 aequalem
1395 869 1469 901 huic
1482 868 1691 911 adjiciamus?

230 927 295 958 Pu.
318 926 458 957 Pro'rsus.
500 925 557 957 So.
580 923 634 955 Ab
650 923 709 954 hac
724 922 790 953 fore
807 922 886 954 dicis
899 927 971 953 octo
994 923 1110 963 pedum
1127 923 1274 964 spatium,
1297 923 1452 965 siquidem
1473 928 1606 965 quatuor
1620 922 1694 954 huic

229 980 365 1022 aequales
380 977 573 1010 efficiantur?
621 977 686 1008 Pu.
710 975 782 1008 Aio.
826 976 882 1008 So.
905 975 1127 1007 Describamus
1149 976 1260 1021 iterum
1286 976 1380 1018 igitur
1405 977 1445 1007 ab
1471 977 1530 1007 hac
1556 975 1693 1018 aequales

229 1038 384 1075 quatuor:
409 1032 549 1069 aliudne,
565 1041 659 1072 quarn
685 1030 771 1072 quod
797 1034 870 1061 octo
898 1030 1012 1071 pedum
1028 1039 1134 1067 vocas,
1153 1030 1347 1061 suborietur?
1392 1029 1454 1061 Pu.
1478 1029 1552 1061 Hoc
1575 1029 1692 1071 ipsum.

230 1087 286 1118 So.
310 1086 427 1118 Nonne
451 1086 482 1117 in
508 1085 578 1127 ipso
601 1089 675 1115 sunt
699 1085 766 1115 haec
792 1088 936 1124 quatuor,
952 1094 1083 1126 quorum
1110 1084 1274 1125 quodlibet
1294 1084 1346 1115 isti
1361 1083 1557 1126 quadrupedi
1573 1083 1694 1126 aequnle

228 1141 296 1171 est?
343 1140 408 1172 Pu.
433 1139 537 1171 Certe.
582 1139 638 1170 So.
661 1137 936 1179 Quantumitaque
950 1138 1006 1168 fit?
1024 1147 1062 1168 au
1077 1148 1139 1169 non
1153 1143 1262 1180 quater
1273 1138 1415 1169 tantum?
1460 1137 1525 1169 Pu.
1547 1137 1692 1176 Quidni?

231 1195 287 1226 So.
311 1194 396 1225 Num
413 1194 544 1235 duplum
571 1198 619 1224 est
640 1192 685 1232 id,
699 1192 783 1234 quod
810 1197 920 1234 quater
939 1191 1082 1222 tantum?
1128 1192 1191 1223 Pu.
1215 1191 1290 1223 Non
1318 1202 1374 1234 per
1396 1192 1523 1224 Jovem.
1568 1191 1624 1224 So.
1648 1190 1693 1227 At

231 1248 439 1290 quotuplum?
483 1247 547 1278 Pu.
570 1246 801 1288 Quadruplum.
845 1246 902 1277 So.
926 1245 957 1276 A
983 1246 1082 1287 dupla
1110 1256 1196 1288 ergo,
1226 1257 1245 1277 o
1270 1257 1359 1288 puer,
1383 1256 1447 1277 non
1469 1245 1613 1287 duplum,
1637 1245 1693 1285 sed

230 1301 439 1344 quadruplum
454 1301 588 1343 spatium
605 1305 794 1343 procreatur.
843 1299 907 1332 Pu.
932 1299 1017 1331 Vera
1042 1300 1190 1342 loqueris.
1234 1300 1290 1331 So.
1314 1301 1434 1338 Quater
1455 1299 1539 1331 enim
1562 1305 1696 1342 quatuor

231 1367 284 1387 sex
298 1363 331 1387 et
342 1357 451 1387 decem
466 1356 638 1397 complent.
661 1354 792 1386 nonne?
836 1352 900 1385 Pu.
924 1353 975 1384 Sic
1003 1357 1062 1385 est.
1106 1354 1162 1385 So.
1186 1353 1269 1385 Octo
1293 1355 1411 1396 pedum
1437 1358 1541 1385 autem
1556 1352 1693 1395 spatium

231 1421 248 1441 a
264 1420 327 1452 qua
342 1409 447 1441 linea?
471 1420 576 1441 nonne
591 1409 630 1440 ab
657 1410 716 1440 hac
738 1407 971 1450 quadruplum?
1016 1407 1083 1439 Pu.
1106 1407 1229 1439 Fateor.
1273 1409 1330 1440 So.
1355 1408 1508 1446 Quartum
1521 1418 1596 1439 vero
1609 1407 1694 1439 istud

233 1464 273 1495 ab
289 1465 346 1495 bac
361 1462 514 1494 dimidia?
550 1463 615 1494 Pu.
638 1462 699 1494 Ita.
742 1462 798 1494 So.
823 1460 894 1503 Age
910 1461 1015 1503 igitur,
1036 1467 1109 1493 octo
1125 1462 1240 1503 pedum
1256 1473 1362 1494 nonne
1378 1461 1471 1503 hujus
1486 1461 1619 1503 duplum
1635 1467 1694 1499 est,

229 1517 314 1549 illius
331 1527 402 1549 vero
426 1517 616 1548 dimidium?
661 1516 724 1549 Pu.
747 1516 860 1547 Immo.
904 1515 960 1548 So.
986 1514 1039 1546 An
1066 1527 1130 1546 non
1157 1517 1216 1548 erit
1238 1527 1311 1558 ergo
1333 1526 1351 1547 a
1376 1515 1487 1558 majori
1501 1516 1584 1547 linea
1599 1526 1694 1557 quam

232 1572 301 1603 haec
316 1576 415 1608 tanta,
429 1577 462 1602 et
475 1582 493 1602 a
509 1570 619 1602 minori
635 1581 727 1612 quam
742 1571 797 1601 illa
813 1570 924 1601 tanta?
970 1570 1034 1603 Pu.
1059 1570 1143 1601 Mihi
1158 1571 1285 1612 quidem
1301 1570 1436 1601 videtur.
1480 1570 1537 1602 So.
1559 1569 1612 1602 Sic
1633 1570 1695 1601 uti-

234 1636 297 1668 que
321 1630 405 1658 recte
427 1618 581 1668 loqueris(
597 1625 683 1667 quod
711 1625 794 1656 enim
824 1625 880 1656 tibi
895 1625 1030 1661 videtur,
1046 1625 1078 1655 id
1103 1625 1276 1666 responde:
1301 1635 1338 1656 ae
1362 1624 1440 1655 mihi
1464 1619 1563 1661 dieas,
1586 1624 1697 1655 haecne

233 1680 365 1711 duorum
383 1681 510 1722 pedum,
525 1680 580 1711 illa
604 1680 761 1722 quatuor?
806 1679 871 1711 Pu.
894 1678 955 1710 Ita.
1000 1679 1055 1711 So.
1078 1678 1214 1721 Oportet
1234 1679 1340 1720 itaque
1363 1683 1436 1710 octo
1460 1678 1579 1721 pedum
1602 1676 1698 1720 spatii

231 1734 348 1766 lineam
373 1734 521 1776 majorem
547 1744 614 1765 esse
640 1734 724 1766 linea
750 1733 843 1776 spatii
870 1734 1036 1775 bipedalis,
1062 1733 1214 1765 minorem
1240 1743 1310 1764 vero
1335 1731 1582 1774 quadrupedalis
1601 1731 1696 1764 linen-

232 1788 297 1821 Pu.
320 1787 467 1830 Oportet.
511 1789 565 1819 So.
586 1787 752 1823 Annitere,
783 1793 818 1818 ut
847 1788 938 1819 nobis
968 1788 1068 1830 qualis
1099 1787 1140 1818 sit
1168 1787 1266 1819 dicas.
1312 1786 1376 1818 Pu.
1405 1785 1593 1828 Tripedalis.
1620 1786 1694 1818 vSo-

234 1841 352 1874 Nonne
371 1843 396 1873 si
412 1842 571 1883 tripedalis
586 1847 646 1883 est,
661 1842 826 1872 dimidium
847 1841 942 1883 hujus
965 1852 1169 1884 assumemus,
1185 1841 1306 1883 eritque
1329 1839 1514 1882 tripedalis?
1537 1840 1601 1871 duo
1616 1832 1698 1871 nan*-

232 1906 295 1938 que
309 1896 436 1937 quidem
451 1896 495 1933 hi,
509 1894 535 1927 is
551 1900 654 1927 autem
670 1906 751 1926 unus
764 1907 773 1926 ι
797 1901 829 1926 et
852 1895 927 1926 hinc
951 1896 1063 1927 eodem
1092 1896 1198 1932 modo,
1214 1896 1279 1926 duo
1294 1895 1423 1936 quidem
1438 1893 1502 1930 isti,
1517 1894 1576 1926 iste
1590 1899 1696 1926 autem

234 1959 335 1980 unus:
359 1949 457 1991 fitque
472 1950 533 1980 hoe
548 1949 633 1991 quod
650 1949 694 1980 ais
718 1948 866 1990 spatium.
911 1948 976 1981 Pu.
1000 1948 1064 1981 Ita.
1108 1948 1165 1980 So.
1189 1948 1306 1979 Nonne
1331 1948 1357 1979 si
1379 1948 1448 1979 haeo
1471 1947 1564 1979 trium
1588 1953 1648 1985 est,
1662 1952 1697 1980 et

231 2002 288 2034 illa
303 2003 407 2041 trium,
423 2008 522 2034 totum
535 2003 644 2045 utique
659 2002 794 2044 spatium
810 2007 856 2034 ter
871 2002 963 2033 trium
980 2002 1095 2044 pedum
1118 2001 1282 2034 conficitur
1296 2002 1308 2032 ἓ
1353 2001 1418 2033 Pu.
1443 2000 1596 2043 Apparet.
1639 2001 1695 2033 So.

232 2057 294 2089 Ter
316 2067 389 2088 vero
413 2062 473 2089 tres
496 2062 575 2099 quot
600 2057 698 2099 pedes
713 2057 809 2087 sunt?
855 2057 918 2089 Pu.
942 2055 1081 2088 Novem.
1126 2057 1182 2089 So.
1208 2055 1351 2098 Duplum
1366 2060 1471 2087 autem
1486 2060 1564 2098 quot
1578 2056 1697 2098 pedum

234 2121 302 2143 esse
317 2122 410 2153 supra
426 2111 586 2153 oportuit?
632 2111 696 2143 Pu.
719 2110 815 2142 Octo.
860 2111 916 2142 So.
943 2110 1015 2141 Non
1037 2121 1111 2152 ergo
1134 2121 1154 2142 a
1178 2110 1324 2152 tripedali
1340 2109 1475 2152 spatium
1491 2115 1564 2141 octo
1581 2110 1698 2154 pedum

234 2165 379 2196 exoritur.
424 2165 489 2198 Pu.
512 2164 587 2196 Non
604 2164 758 2207 profecto.
803 2165 860 2197 So.
883 2164 914 2196 A
930 2165 1015 2207 quali
1029 2165 1125 2206 igitur
1139 2175 1251 2197 conare
1262 2164 1354 2195 nobis
1368 2163 1491 2206 liquido
1503 2164 1697 2205 exprimere:

236 2219 313 2261 [84]
338 2219 423 2261 quod
439 2218 499 2250 nisi
514 2229 675 2250 numerare
692 2218 779 2256 velis,
793 2218 901 2250 saltem
924 2229 943 2250 a
969 2219 1056 2260 quali
1070 2220 1259 2251 demonstra.
1303 2219 1367 2251 Pu.
1392 2218 1452 2250 Per
1466 2219 1591 2255 Jovem.
1605 2229 1625 2249 ο
1639 2218 1700 2250 So-

236 2278 348 2310 crates,
363 2273 448 2304 haud
463 2273 548 2305 novi.
594 2273 649 2306 So.
673 2272 823 2304 Advertis
838 2273 961 2310 iterum,
975 2284 993 2304 o
1010 2273 1144 2310 Menon,
1159 2279 1311 2315 quantum
1321 2273 1372 2304 hic
1383 2273 1423 2303 ad
1438 2272 1700 2304 reminiscendum

238 2327 413 2368 proficiat?
450 2327 534 2358 Nam
550 2327 674 2369 abipso
698 2327 854 2369 principio
881 2327 1065 2369 disputandi
1088 2338 1286 2369 nequaquam
1311 2331 1451 2363 noverat,
1466 2335 1537 2368 qum
1561 2325 1602 2356 sit
1625 2330 1699 2358 octo

237 2381 353 2423 pedum
369 2382 463 2422 spatii
476 2382 570 2419 linea,
585 2382 849 2423 quemadmodum
876 2392 935 2413 nec
960 2381 994 2413 in
1020 2383 1185 2423 praesentia
1200 2381 1303 2413 noscit
1317 2393 1324 2412 :
1348 2391 1452 2412 verum
1468 2386 1544 2412 tunc
1559 2389 1592 2411 se
1606 2390 1700 2412 nosse

233 2434 321 2466 illam
345 2435 543 2476 opinabatur,
556 2441 589 2466 et
614 2436 762 2467 audacter
785 2434 927 2477 nimium,
942 2436 1030 2478 quasi
1052 2436 1166 2476 sciens,
1181 2435 1403 2477 respondebat,
1426 2445 1485 2466 nec
1507 2434 1617 2466 deesse
1640 2434 1701 2466 sibi

237 2487 405 2529 quicquam
420 2489 570 2530 putabat:
595 2499 678 2520 nunc
695 2493 799 2521 autem
815 2499 908 2530 egere
924 2500 956 2520 se
966 2488 1036 2534 jam*
1048 2490 1217 2530 existimat,
1240 2494 1284 2529 et,
1303 2493 1339 2520 ut
1353 2489 1486 2531 ignorat,
1501 2488 1545 2520 sic
1559 2498 1593 2519 se
1607 2487 1698 2530 igno-

238 2551 305 2573 rare
319 2541 445 2574 fatetur.
490 2542 590 2574 ΜΕΝ.
610 2542 694 2574 Vera
719 2543 808 2575 dicis.
853 2543 909 2575 So.
933 2542 1049 2575 Nonne
1066 2543 1175 2575 melius
1189 2554 1273 2575 nunc
1288 2544 1328 2574 ad
1345 2543 1390 2580 id,
1406 2543 1491 2584 quod
1506 2543 1640 2584 ignorat,
1655 2541 1703 2574 uf-

237 2596 340 2628 fectus
354 2595 424 2627 est?
470 2596 567 2628 Mn«.
591 2596 663 2628 Hoc
677 2607 805 2639 quoque
830 2597 971 2629 arbitror.
1016 2598 1072 2630 So.
1097 2598 1177 2630 Cum
1193 2608 1267 2639 ergo
1281 2597 1436 2639 ambigere
1449 2597 1555 2640 ipsum
1570 2605 1702 2638 compu-

236 2649 324 2682 lerim
339 2654 373 2681 et
386 2648 481 2691 piscis
495 2650 577 2681 illius
602 2661 686 2682 more
711 2652 874 2694 stupidum
896 2650 1122 2690 secerim‚num
1137 2651 1256 2694 aliquid
1272 2651 1396 2683 obfuit?
1442 2651 1540 2694 Mim-
1561 2645 1650 2687 Non,
1664 2654 1702 2681 ut

240 2703 318 2735 mihi
342 2703 477 2735 videtur.
522 2704 577 2738 So.
600 2705 714 2747 Operae
750 2706 882 2747 pretium
910 2705 1016 2747 itaque
1054 2706 1184 2738 fecimus
1216 2707 1256 2736 ad
1281 2705 1441 2737 veritatem
1470 2704 1702 2736 inveniendam.

238 2757 337 2789 Nunc
362 2757 459 2797 enim,
474 2762 585 2799 utpote
608 2759 794 2800 ignorantiae
820 2771 884 2791 suae
905 2760 1060 2798 conscius,
1086 2760 1220 2792 libenter
1239 2765 1271 2791 et
1296 2764 1410 2802 sponte
1435 2758 1703 2802 perquireret-:vat

236 2817 313 2844 tunc
328 2810 395 2842 sine
410 2812 619 2843 controversia
633 2818 665 2844 et
680 2824 775 2855 saepe.
792 2818 825 2845 et
840 2814 986 2845 adversus
1007 2825 1099 2856 quarn
1123 2814 1275 2856 plurimos
1290 2814 1374 2855 loqui
1389 2824 1423 2845 se
1435 2818 1518 2845 recte
1532 2812 1701 2853 arbitraba-

237 2869 302 2903 tur,
332 2865 407 2896 dum
431 2866 566 2907 spatium
599 2866 729 2908 duplum
757 2867 884 2909 duplam
906 2867 1105 2910 longitudine
1130 2868 1244 2900 lineam
1272 2868 1385 2899 habere
1407 2871 1550 2908 oportere
1575 2864 1701 2907 profite-

232 2924 326 2951 retur.
373 2919 471 2952 Men.
495 2918 650 2963 ⁸Videtur.
696 2920 751 2953 So.
788 2919 872 2952 Num
898 2931 1018 2959 censes,
1044 2922 1147 2965 ipsum
1172 2922 1327 2954 studuisse
1352 2929 1488 2961 unquam
1514 2919 1546 2951 id
1573 2918 1621 2951 vel
1647 2918 1696 2950 iu-
