1846 3268
195 228 269 271 168
663 230 887 270 INCERTI
921 225 1193 270 AUCTORIS
1563 235 1661 287 [375

193 338 250 370 So.
272 336 312 368 In
338 337 406 379 ipso
427 336 534 378 itaque
560 345 650 367 cursu
667 334 807 366 celeritas
832 334 959 377 quidem
975 336 1106 373 bonum,
1137 335 1266 367 tarditas
1288 341 1392 368 autem
1408 337 1535 370 matum.
1578 337 1661 373 Hm.

194 391 283 430 Quid
299 396 365 423 tum
383 391 395 422 ?
439 391 495 423 So.
520 389 598 422 Uter
612 399 686 431 ergo
701 399 805 421 cursor
819 395 868 421 est
890 390 1018 422 melior?
1041 395 1144 421 utrum
1169 391 1223 433 qui
1249 396 1363 433 sponte
1386 392 1482 424 currit
1497 393 1596 431 tarde,
1618 405 1659 426 an

193 447 247 490 qni
263 447 375 478 secus?
420 445 502 477 Hm.
526 444 592 482 Qui
607 444 699 477 ultro.
744 444 800 476 So.
822 443 940 475 Nonne
961 455 1081 476 currere
1107 450 1155 476 est
1176 445 1294 488 aliquid
1320 446 1445 478 facere?
1494 446 1577 479 Hm.
1602 446 1659 479 Fa-

190 512 260 533 cere
275 501 396 543 utique.
440 500 498 532 So.
522 499 636 530 Facere
651 503 756 531 autem
772 499 890 541 aliquid
915 500 1059 541 operari?
1104 500 1187 532 Hm.
1212 501 1369 533 Profecto,
1415 501 1471 534 So.
1496 501 1579 543 Ergo
1605 502 1661 544 qui

192 556 274 587 male
289 555 524 593 currit,·malum
541 555 602 585 hoc
617 558 650 586 et
665 558 756 595 turpe
781 559 927 596 operatur
951 554 983 585 in
1009 565 1112 586 cursu.
1156 554 1238 586 Hm.
1261 555 1395 588 Malum.
1419 556 1557 599 quidni?
1601 557 1660 590 So.

192 610 282 642 Male
297 615 399 641 autem
417 609 521 646 currit,
533 609 589 651 qui
606 609 693 640 tarde
708 609 813 641 currit.
856 608 940 639 Hm.
963 609 1057 641 Sane.
1103 609 1160 641 So.
1182 609 1299 641 Nonne
1322 610 1417 652 igitur
1438 621 1544 642 cursor
1557 611 1659 643 bonus

190 666 231 697 de
254 665 407 696 industria
432 664 545 695 malum
571 665 631 695 hoc
656 669 689 694 et
714 668 804 705 turpe
832 668 1000 705 operatur:
1036 664 1147 702 malus,
1177 669 1288 706 praeter
1309 665 1529 707 propositum?
1574 665 1658 698 Hm.

193 719 335 751 Videtur.
381 719 439 751 So'.
460 718 502 750 In
516 729 607 751 cursu
619 718 716 760 igitur
729 718 863 750 deterior
878 723 926 750 est
946 718 1002 760 qui
1022 723 1135 760 praeter
1152 719 1347 751 voluntatem
1367 719 1432 761 agit
1445 719 1540 756 mala,
1563 730 1657 762 quam

191 773 246 816 qui
260 773 381 806 volens.
425 773 507 805 Hm.
531 773 570 804 In
586 784 676 805 cursu
700 772 805 814 plane.
831 772 928 815 [374]
953 773 1006 804 So.
1030 772 1118 810 Quid
1141 778 1245 804 autem
1262 773 1294 804 in
1311 773 1477 814 pataestra?
1501 778 1571 805 uter
1591 773 1659 806 luc-

191 834 274 860 tator
286 834 333 860 est
347 827 480 860 melior?
502 838 578 859 num
601 827 657 870 qui
682 827 791 858 dedita
812 837 908 869 opera
923 827 1029 859 cadit?
1053 838 1093 858 an
1109 827 1163 869 qui
1180 827 1319 858 invitus?
1365 827 1447 860 Hm.
1471 827 1536 866 Qui
1550 828 1660 860 dedita

190 894 297 925 opera.
340 883 401 915 So:
421 882 473 914 Ita
487 883 621 914 videtur.
666 881 763 923 Pejus
779 886 882 913 autem
901 892 937 913 ae
954 882 1074 923 turpius
1089 881 1122 913 in
1142 882 1284 924 palaestra
1299 883 1423 922 cadere,
1438 891 1478 912 an
1498 881 1634 924 dejicere
1649 882 1662 913 ?

188 938 273 972 Hm.
296 938 430 970 Cadere.
474 937 529 968 So.
551 936 595 968 Et
618 937 651 967 in
673 937 819 978 palaestra
845 937 940 978 igitur
966 938 1020 978 qui
1037 937 1144 968 studio
1161 937 1242 967 mala
1259 937 1324 978 agit
1350 942 1383 968 et
1405 937 1520 979 turpia,
1547 937 1659 968 melior

189 993 323 1024 luctator
337 996 398 1032 est,
422 1001 516 1034 quam
535 991 589 1033 qui
605 990 819 1022 imbecillitate
835 996 930 1033 atque
951 991 1072 1023 inertia.
1119 991 1201 1023 Hm.
1225 991 1371 1022 Videtur.
1415 991 1471 1022 So.
1496 991 1658 1029 Quidnam

187 1047 220 1078 in
237 1047 322 1078 omni
338 1046 456 1088 reliquo
469 1045 607 1088 corporis
623 1056 681 1076 usu
695 1045 706 1076 ?
730 1056 835 1076 nonne
851 1045 907 1087 qui
922 1056 1051 1087 corpore
1067 1046 1221 1077 robustior
1244 1052 1338 1087 atque
1365 1044 1469 1087 aptior
1482 1050 1541 1082 est,
1556 1045 1660 1077 facere

191 1112 246 1143 pro
262 1101 388 1133 arbitrio
403 1105 534 1142 utraque
550 1105 668 1142 potest,
690 1105 752 1131 tam
775 1110 847 1142 quae
862 1100 981 1131 robusti
1006 1100 1139 1132 hominis
1162 1105 1246 1141 sunt,
1270 1110 1363 1142 quam
1390 1110 1460 1142 quae
1477 1099 1603 1143 debitis,
1625 1105 1660 1132 et:

188 1157 321 1199 pulchra
335 1160 368 1187 et
379 1155 508 1197 turpia?
533 1159 724 1196 quapropter
748 1155 803 1196 qui
827 1154 936 1186 habitu
963 1155 1100 1196 corporis
1116 1158 1255 1197 praesen,
1270 1155 1416 1196 quotiens
1440 1154 1521 1185 mala
1544 1158 1659 1186 secun-¹

187 1211 262 1242 dum
278 1211 392 1252 corpus
407 1209 495 1250 facit,
510 1209 619 1240 volens
635 1209 752 1241 efficit:
777 1209 943 1241 imbecillis
967 1215 1070 1240 autem
1097 1208 1224 1241 invitus.
1269 1208 1351 1239 Hm.
1365 1209 1509 1240 -Videtur
1532 1219 1659 1252 quoque

188 1265 273 1298 idem
289 1264 370 1297 circa
385 1265 477 1296 robur
488 1263 682 1306 contingere.
727 1265 784 1295 So.
809 1264 895 1302 Quid
912 1275 983 1295 vero
1009 1265 1049 1295 de
1074 1264 1171 1305 ipsius
1196 1264 1303 1305 figura>
1318 1263 1533 1296 concinnitate
1548 1264 1658 1295 dicen-

188 1320 289 1352 dum?
311 1330 418 1350 nonne
443 1318 632 1350 formosioris
660 1317 858 1360 meliorisque
882 1319 1021 1361 corporis
1045 1324 1104 1359 est,
1131 1319 1273 1360 impensa
1296 1328 1392 1359 opera
1417 1322 1523 1359 turpes
1544 1318 1657 1360 figuras

188 1374 392 1416 confingere?
416 1373 563 1405 deformis
578 1378 682 1404 autem
697 1374 830 1404 contra?
854 1373 930 1415 quid
952 1374 1010 1404 tibi
1025 1374 1170 1404 videtur?
1216 1373 1300 1404 Hm.
1324 1373 1418 1410 Quod
1436 1377 1469 1404 et
1484 1372 1554 1411 tibi.
1598 1373 1656 1404 So.

187 1428 312 1471 Figurae
324 1429 429 1471 itaque
444 1428 676 1459 inconcinnitas
692 1427 868 1458 voluntaria
884 1427 923 1458 ad
940 1427 1084 1458 virtutem
1100 1427 1239 1469 corporis
1255 1427 1388 1458 attinet:
1413 1427 1569 1465 contragia
1582 1437 1655 1458 vero

187 1484 228 1515 ad
244 1483 366 1516 vitium.
411 1482 494 1514 Hm.
518 1481 671 1524 Apparet.
716 1483 772 1514 So.
797 1482 850 1513 De
864 1492 942 1513 voce
959 1493 1031 1513 vero
1047 1481 1122 1524 quid
1139 1482 1206 1512 ais?
1230 1486 1329 1512 utram
1341 1481 1501 1513 meliorem
1524 1472 1659 1513 usseris?

183 1548 223 1569 ex
236 1537 373 1569 animine
396 1537 558 1567 voluntate
582 1537 754 1576 dissonam,
780 1546 821 1566 an
845 1546 883 1567 ex
907 1535 1046 1567 inertia?
1091 1535 1174 1567 Hm.
1197 1534 1245 1566 Ex
1266 1535 1363 1566 animi
1379 1535 1552 1566 voluntate.
1597 1535 1658 1568 So.

184 1591 325 1624 Alteram
341 1602 413 1623 vero
429 1588 581 1633 pejorem.
626 1590 709 1622 Hm.
732 1590 862 1632 Absque
879 1591 990 1622 dubio.
1034 1591 1091 1622 So.
1131 1590 1242 1621 Utrum
1260 1591 1343 1621 bona
1358 1595 1449 1632 optas
1465 1589 1590 1626 habere,
1614 1599 1656 1620 an

185 1646 292 1678 mala?
336 1645 420 1677 Hm.
442 1646 546 1677 Bona.
591 1645 648 1676 So.
673 1644 785 1676 Utrum
802 1643 932 1687 eligeres
948 1644 1046 1687 pedes
1061 1645 1176 1676 habere
1191 1644 1244 1686 qui
1261 1645 1370 1676 dedita
1385 1655 1481 1686 opera
1495 1644 1654 1676 claudica-

183 1706 266 1739 rent,
282 1711 322 1732 an
337 1701 392 1743 qui
406 1700 520 1732 inviti?
566 1699 649 1733 Hm.
673 1699 736 1730 Eos
762 1699 856 1741 plane
881 1699 936 1742 qui
956 1700 997 1730 de
1022 1699 1186 1731 industria.
1232 1699 1288 1731 So.
1313 1698 1514 1731 Claudicatio
1538 1700 1655 1742 pedum

185 1767 292 1788 nonne
317 1756 430 1788 vitium
455 1760 502 1787 est
527 1759 623 1796 atque
649 1754 852 1785 deformitas?
898 1753 982 1786 Hm.
1018 1754 1087 1785 Est.
1132 1754 1189 1786 So.
1223 1754 1394 1786 Hebetudo
1419 1759 1524 1786 autem
1548 1765 1656 1786 nonne

185 1811 296 1843 vitium
323 1810 509 1843 oculorum?
554 1809 638 1840 Hm.
663 1808 799 1841 Vitium.
844 1808 900 1842 So.
925 1808 1021 1840 Utros
1045 1808 1141 1850 igitur
1163 1808 1268 1850 potius
1292 1809 1400 1840 oculos
1424 1809 1534 1851 eliges,
1560 1819 1656 1841 eosne

188 1865 303 1908 quibus
317 1869 430 1907 sponte
442 1864 511 1906 quis
527 1863 658 1895 confuse
672 1863 780 1894 videat
795 1863 844 1894 vel
865 1874 1006 1905 perverse
1029 1863 1194 1905 inspiciat3
1218 1873 1259 1894 an
1284 1869 1391 1894 contra
1416 1863 1530 1906 quibus
1543 1863 1655 1896 uolens

186 1920 268 1951 male
290 1919 404 1962 aliquis
419 1918 549 1950 videat?
595 1917 679 1949 Hm.
702 1917 767 1948 Eos
791 1917 904 1959 quibus
919 1917 1039 1949 volens.
1084 1918 1139 1948 So.
1163 1917 1210 1948 Ex
1236 1917 1284 1948 his
1299 1928 1372 1949 vero
1396 1928 1467 1959 quae
1490 1922 1545 1948 tua
1569 1922 1656 1956 sunt,

187 1975 311 2016 potiora
333 1984 442 2005 censes
456 1972 511 2004 illa
525 1983 596 2014 quae
622 1972 703 2003 male
725 1977 823 2014 agunt
853 1977 977 2014 sponte,
1001 1982 1095 2014 quam
1113 1983 1186 2015 quae
1209 1971 1337 2003 invita?
1380 1972 1463 2006 Hm.
1487 1971 1654 2014 Ejusmodi

185 2029 331 2072 quaedam
356 2027 514 2060 videlicet.
557 2027 613 2058 So.
636 2026 689 2058 An
711 2037 776 2058 non
802 2031 835 2058 et
859 2026 979 2069 reliqua
1007 2027 1124 2065 omnia,
1150 2038 1251 2064 aures,
1275 2037 1377 2069 nares,
1406 2037 1453 2065 os,
1483 2037 1655 2070 omnesque

181 2091 290 2115 sensus
301 2083 380 2115 ratio
394 2093 458 2113 una
483 2081 742 2123 comprehendit;
766 2091 837 2123 quae
858 2081 963 2119 docet,
986 2092 1094 2113 sensus
1119 2087 1231 2124 praeter
1254 2079 1448 2124 propositum
1475 2087 1656 2124 peccantes,

183 2138 347 2181 eligendos
362 2149 431 2170 esse
446 2146 619 2178 nunquam,
647 2141 757 2178 utpote
778 2135 832 2179 qui
860 2136 947 2178 pravi
973 2136 1056 2168 sint:
1081 2147 1135 2168 eos
1156 2142 1260 2169 autem
1287 2137 1342 2179 qui
1357 2147 1395 2168 ex
1409 2136 1566 2174 instituto,
1582 2141 1654 2168 tan·

181 2203 277 2236 quam
301 2193 411 2230 bonos,
435 2193 539 2234 potius
565 2190 753 2233 eligendos?
798 2190 881 2222 Hm.
904 2191 990 2223 Mihi
1017 2191 1146 2233 quidem
1163 2191 1297 2223 videtur.
1342 2191 1397 2224 So.
1422 2191 1563 2229 Quomm
1579 2201 1653 2223 vero

181 2248 458 2279 instrumentorum
473 2246 582 2278 melior
596 2245 692 2277 usus?
715 2250 819 2277 utrum
845 2245 958 2288 quibus
973 2245 1082 2277 volens
1098 2245 1210 2287 aliquis
1226 2251 1317 2286 errat,
1333 2256 1373 2277 an
1389 2246 1503 2288 quibus
1519 2245 1654 2278 nolens?

183 2312 242 2334 ceu
258 2301 516 2344 gubernaculum,
529 2306 632 2332 utrum
646 2299 759 2332 melius
773 2300 854 2332 illud
870 2309 933 2343 quo
957 2300 998 2332 de
1020 2300 1174 2332 industria
1197 2301 1352 2343 quispiam
1380 2300 1461 2332 male
1486 2301 1650 2343 gubernet,

178 2366 219 2388 an
231 2366 294 2399 quo
309 2356 447 2387 invitus?
493 2355 576 2388 Hm.
600 2355 674 2393 Quo
687 2355 727 2386 de
741 2354 907 2387 industria.
951 2355 1007 2387 So.
1033 2355 1150 2386 Nonne
1175 2366 1264 2387 arcus
1289 2355 1442 2392 similiter.
1466 2360 1499 2386 et
1523 2355 1603 2398 lyra,
1618 2360 1652 2388 et

182 2410 281 2448 tibiae,
297 2420 335 2442 ac
357 2415 462 2442 cetera
477 2410 603 2441 omnia?
649 2409 732 2443 Hm.
753 2409 838 2442 Vera
857 2408 1005 2453 loqueris.
1026 2410 1123 2453 [3⁷5]
1147 2410 1204 2443 So.
1228 2409 1306 2442 Utra
1322 2410 1395 2452 equi
1409 2409 1511 2441 anima
1527 2410 1567 2441 ad
1581 2421 1654 2452 pos-

183 2464 349 2496 sidendum
366 2464 497 2496 melior?
520 2474 599 2496 eane
614 2474 678 2506 qua
693 2469 807 2507 sponte
822 2464 892 2506 quis
907 2464 988 2495 male
1003 2464 1136 2506 equitet,
1153 2474 1192 2495 an
1209 2474 1271 2506 qua
1287 2463 1427 2495 invitus?
1471 2463 1554 2496 Hm.
1579 2464 1652 2502 Qua

183 2524 309 2563 sponte.
353 2519 409 2551 So.
432 2518 606 2561 Estitaque
622 2519 741 2551 melior.
785 2519 870 2553 Hm.
893 2518 962 2552 Est.
1006 2519 1062 2551 So.
1084 2519 1211 2550 Meliori
1235 2519 1329 2561 igitur
1344 2518 1416 2561 equi
1441 2517 1556 2557 anima,
1573 2518 1656 2550 mala

184 2573 280 2616 hujus
292 2573 404 2605 animae
419 2584 515 2615 opera
530 2574 639 2605 volens
649 2574 719 2616 quis
734 2573 831 2606 faciet
845 2586 852 2605 :
876 2573 1031 2606 contraria
1046 2584 1119 2605 vero
1133 2578 1253 2606 contra.
1297 2573 1381 2606 Hm.
1405 2573 1555 2605 Omnino.
1596 2573 1655 2606 So·

186 2627 305 2660 Nonne
317 2628 426 2660 eadem
443 2629 483 2659 de
499 2628 604 2660 anima
619 2629 705 2661 canis
721 2633 956 2671 ceterorumque
970 2628 1150 2660 animalium
1165 2629 1243 2660 ratio
1257 2628 1268 2659 ?
1313 2628 1397 2660 Hm.
1419 2626 1550 2660 Eadem.
1594 2627 1653 2660 So.

186 2682 295 2715 Utrius
308 2687 411 2714 autem
428 2682 618 2724 sagittatoris
634 2683 768 2714 animam
795 2688 943 2726 tanquam
970 2683 1129 2715 meliorem
1154 2683 1305 2725 eligeres?
1329 2682 1452 2714 illiusne
1476 2683 1531 2724 qui
1547 2681 1654 2714 volens

185 2739 307 2770 aberrat
321 2747 339 2768 a
351 2737 453 2779 signo,
470 2747 509 2768 an
525 2737 610 2769 illius
626 2738 682 2780 qui
697 2738 808 2769 nolens
822 2738 834 2769 ?
879 2737 962 2769 Hm.
987 2737 1076 2770 Illius
1093 2739 1147 2781 qui
1165 2738 1257 2769 ultro.
1303 2737 1359 2770 So.
1384 2737 1436 2769 An
1453 2746 1517 2768 non
1533 2736 1600 2768 haec
1614 2735 1655 2767 ad

185 2791 357 2835 sagittandi
371 2796 469 2823 artem
485 2791 616 2824 melior?
661 2792 743 2827 Hm.
766 2793 895 2827 Melior.
941 2793 997 2825 So.
1021 2793 1126 2831 Quare
1142 2793 1247 2824 anima
1260 2802 1330 2836 quae
1343 2793 1463 2824 aberrat
1474 2791 1583 2829 inscia,
1599 2792 1658 2823 de-

184 2848 278 2880 terior
291 2852 340 2880 est
354 2857 392 2879 ea
403 2857 474 2890 quae
489 2847 590 2879 sciens
605 2847 737 2879 aberrat.
781 2847 865 2881 Hm.
889 2848 928 2879 In
941 2848 1112 2890 sagittandi
1128 2848 1276 2880 videlicet
1290 2847 1450 2879 facultate.
1492 2845 1546 2878 Se.
1569 2844 1656 2885 Quid

185 2913 257 2935 vero
272 2900 307 2934 in
323 2901 427 2932 studio
443 2901 606 2933 medicinae
620 2902 631 2932 ?
655 2912 761 2934 nonne
776 2912 847 2944 quae
864 2903 1021 2934 medendo
1036 2903 1144 2935 dedita
1160 2913 1255 2945 opera
1268 2902 1348 2934 mala
1373 2901 1521 2944 quaedam
1545 2910 1659 2942 corpo-

184 2957 268 2989 ribus
282 2955 389 2994 insc‘rt,
402 2956 488 2999 quod
502 2956 541 2988 ad
564 2956 728 2989 medicinae
744 2959 840 2989 artem
857 2956 1004 2999 pertinet,
1022 2957 1154 3000 peritior
1164 2962 1210 2992 est
1225 2966 1320 3000 quam
1335 2955 1390 2989 illa
1407 2965 1479 2999 quae
1498 2965 1553 2998 per
1568 2954 1658 2998 igno-
