<?xml version="1.0" encoding="UTF-8"?>
<!DOCTYPE html PUBLIC "-//W3C//DTD XHTML 1.0 Transitional//EN"
    "http://www.w3.org/TR/xhtml1/DTD/xhtml1-transitional.dtd">
<html xmlns="http://www.w3.org/1999/xhtml" xml:lang="en" lang="en">
 <head>
  <title>
</title>
<meta http-equiv="Content-Type" content="text/html;charset=utf-8" />
  <meta name='ocr-system' content='tesseract 3.04.00' />
  <meta name='ocr-capabilities' content='ocr_page ocr_carea ocr_par ocr_line ocrx_word'/>
</head>
<body>
  <div class='ocr_page' id='page_1' title='image "./platonisetquaeve10plat_0374.png"; bbox 0 0 1846 3268; ppageno 0'>
   <div class='ocr_carea' id='block_1_1' title="bbox 238 260 1716 315">
    <p class='ocr_par' dir='ltr' id='par_1_1' title="bbox 238 260 1716 315">
     <span class='ocr_line' id='line_1_1' title="bbox 238 260 1716 315; baseline 0.001 -15"><span class='ocrx_word' id='word_1_1' title='bbox 238 264 316 301; x_wconf 81' lang='lat'><strong>364</strong></span> <span class='ocrx_word' id='word_1_2' title='bbox 838 260 868 299; x_wconf 89' lang='grc' dir='ltr'>Ρ</span> <span class='ocrx_word' id='word_1_3' title='bbox 875 260 1103 300; x_wconf 83' lang='lat' dir='ltr'><strong>LATONIS</strong></span> <span class='ocrx_word' id='word_1_4' title='bbox 1619 262 1716 315; x_wconf 76' lang='lat'><strong>[263</strong></span> 
     </span>
    </p>
   </div>
   <div class='ocr_carea' id='block_1_2' title="bbox 236 362 1717 3015">
    <p class='ocr_par' dir='ltr' id='par_1_2' title="bbox 236 362 1717 3015">
     <span class='ocr_line' id='line_1_2' title="bbox 237 362 1713 408; baseline 0.003 -13"><span class='ocrx_word' id='word_1_5' title='bbox 237 363 439 405; x_wconf 84' lang='lat' dir='ltr'><strong>significant:</strong></span> <span class='ocrx_word' id='word_1_6' title='bbox 464 375 536 408; x_wconf 82' lang='lat' dir='ltr'><strong>quae</strong></span> <span class='ocrx_word' id='word_1_7' title='bbox 552 365 576 396; x_wconf 85' lang='lat' dir='ltr'><strong>si</strong></span> <span class='ocrx_word' id='word_1_8' title='bbox 590 364 659 407; x_wconf 85' lang='lat' dir='ltr'><strong>quis</strong></span> <span class='ocrx_word' id='word_1_9' title='bbox 675 363 846 405; x_wconf 82' lang='lat' dir='ltr'>subjungat</span> <span class='ocrx_word' id='word_1_10' title='bbox 860 363 977 400; x_wconf 83' lang='lat' dir='ltr'><strong>omnia,</strong></span> <span class='ocrx_word' id='word_1_11' title='bbox 992 362 1093 394; x_wconf 83' lang='lat' dir='ltr'><strong>nihilo</strong></span> <span class='ocrx_word' id='word_1_12' title='bbox 1105 363 1207 406; x_wconf 80' lang='lat' dir='ltr'><strong>magis</strong></span> <span class='ocrx_word' id='word_1_13' title='bbox 1223 363 1397 396; x_wconf 76' lang='lat' dir='ltr'><strong>orationem</strong></span> <span class='ocrx_word' id='word_1_14' title='bbox 1412 363 1500 396; x_wconf 85' lang='lat' dir='ltr'><strong>facit.</strong></span> <span class='ocrx_word' id='word_1_15' title='bbox 1545 365 1635 398; x_wconf 73' lang='lat' dir='ltr'><strong>Tria.</strong></span> <span class='ocrx_word' id='word_1_16' title='bbox 1659 366 1713 399; x_wconf 73' lang='lat' dir='ltr'><strong>Sic</strong></span> 
     </span>
     <span class='ocr_line' id='line_1_3' title="bbox 238 417 1712 463; baseline 0.002 -14"><span class='ocrx_word' id='word_1_17' title='bbox 238 422 297 451; x_wconf 83' lang='lat' dir='ltr'><strong>est,</strong></span> <span class='ocrx_word' id='word_1_18' title='bbox 342 418 374 449; x_wconf 88' lang='lat' dir='ltr'>H</span> <span class='ocrx_word' id='word_1_19' title='bbox 379 428 411 450; x_wconf 95' lang='grc' dir='ltr'><strong>ο.</strong></span> <span class='ocrx_word' id='word_1_20' title='bbox 436 418 622 461; x_wconf 86' lang='lat' dir='ltr'><strong>Rursusque</strong></span> <span class='ocrx_word' id='word_1_21' title='bbox 638 428 710 450; x_wconf 90' lang='lat' dir='ltr'><strong>cum</strong></span> <span class='ocrx_word' id='word_1_22' title='bbox 726 417 854 454; x_wconf 88' lang='lat' dir='ltr'><strong>dicitur,</strong></span> <span class='ocrx_word' id='word_1_23' title='bbox 868 417 931 458; x_wconf 86' lang='lat' dir='ltr'><strong>leo,</strong></span> <span class='ocrx_word' id='word_1_24' title='bbox 946 427 1066 459; x_wconf 88' lang='lat' dir='ltr'><strong>cervus,</strong></span> <span class='ocrx_word' id='word_1_25' title='bbox 1077 428 1188 460; x_wconf 87' lang='lat' dir='ltr'><strong>equus,</strong></span> <span class='ocrx_word' id='word_1_26' title='bbox 1201 423 1367 460; x_wconf 85' lang='lat' dir='ltr'><strong>ceteraque</strong></span> <span class='ocrx_word' id='word_1_27' title='bbox 1383 419 1524 462; x_wconf 76' lang='lat' dir='ltr'><strong>nomina,</strong></span> <span class='ocrx_word' id='word_1_28' title='bbox 1538 430 1610 462; x_wconf 82' lang='lat' dir='ltr'><strong>quae</strong></span> <span class='ocrx_word' id='word_1_29' title='bbox 1625 420 1712 463; x_wconf 73' lang='lat' dir='ltr'><strong>ipson</strong></span> 
     </span>
     <span class='ocr_line' id='line_1_4' title="bbox 237 470 1711 517; baseline 0.003 -15"><span class='ocrx_word' id='word_1_30' title='bbox 237 477 366 514; x_wconf 77' lang='lat' dir='ltr'><strong>agentes</strong></span> <span class='ocrx_word' id='word_1_31' title='bbox 383 473 573 515; x_wconf 82' lang='lat' dir='ltr'><strong>significant,</strong></span> <span class='ocrx_word' id='word_1_32' title='bbox 590 473 729 505; x_wconf 85' lang='lat' dir='ltr'><strong>nondum</strong></span> <span class='ocrx_word' id='word_1_33' title='bbox 741 472 800 503; x_wconf 85' lang='lat' dir='ltr'><strong>hae</strong></span> <span class='ocrx_word' id='word_1_34' title='bbox 816 470 1055 503; x_wconf 80' lang='lat' dir='ltr'><strong>continuatione</strong></span> <span class='ocrx_word' id='word_1_35' title='bbox 1070 472 1170 504; x_wconf 86' lang='lat' dir='ltr'><strong>oratio</strong></span> <span class='ocrx_word' id='word_1_36' title='bbox 1186 473 1252 504; x_wconf 87' lang='lat' dir='ltr'><strong>ulla</strong></span> <span class='ocrx_word' id='word_1_37' title='bbox 1266 472 1443 505; x_wconf 88' lang='lat' dir='ltr'><strong>conficitur.</strong></span> <span class='ocrx_word' id='word_1_38' title='bbox 1467 483 1539 505; x_wconf 88' lang='lat' dir='ltr'><strong>nam</strong></span> <span class='ocrx_word' id='word_1_39' title='bbox 1555 483 1627 516; x_wconf 81' lang='lat' dir='ltr'><strong>quae</strong></span> <span class='ocrx_word' id='word_1_40' title='bbox 1638 484 1711 517; x_wconf 87' lang='lat' dir='ltr'><strong>pro-</strong></span> 
     </span>
     <span class='ocr_line' id='line_1_5' title="bbox 237 525 1713 567; baseline 0.003 -12"><span class='ocrx_word' id='word_1_41' title='bbox 237 525 390 563; x_wconf 76' lang='lat' dir='ltr'><strong>feruntur,</strong></span> <span class='ocrx_word' id='word_1_42' title='bbox 409 528 493 559; x_wconf 83' lang='lat' dir='ltr'><strong>baud</strong></span> <span class='ocrx_word' id='word_1_43' title='bbox 511 533 584 559; x_wconf 84' lang='lat' dir='ltr'><strong>ante</strong></span> <span class='ocrx_word' id='word_1_44' title='bbox 601 527 758 559; x_wconf 83' lang='lat' dir='ltr'><strong>actionem</strong></span> <span class='ocrx_word' id='word_1_45' title='bbox 774 526 823 558; x_wconf 90' lang='lat' dir='ltr'><strong>vel</strong></span> <span class='ocrx_word' id='word_1_46' title='bbox 847 525 982 557; x_wconf 85' lang='lat' dir='ltr'><strong>actionis</strong></span> <span class='ocrx_word' id='word_1_47' title='bbox 998 526 1258 567; x_wconf 83' lang='lat' dir='ltr'><strong>impedimentum</strong></span> <span class='ocrx_word' id='word_1_48' title='bbox 1281 532 1335 559; x_wconf 85' lang='lat' dir='ltr'><strong>aut</strong></span> <span class='ocrx_word' id='word_1_49' title='bbox 1359 527 1527 560; x_wconf 80' lang='lat' dir='ltr'><strong>essentiam</strong></span> <span class='ocrx_word' id='word_1_50' title='bbox 1542 527 1608 560; x_wconf 81' lang='lat' dir='ltr'><strong>sive</strong></span> <span class='ocrx_word' id='word_1_51' title='bbox 1630 528 1713 560; x_wconf 74' lang='lat' dir='ltr'><strong>exis-</strong></span> 
     </span>
     <span class='ocr_line' id='line_1_6' title="bbox 237 581 1714 622; baseline 0.003 -12"><span class='ocrx_word' id='word_1_52' title='bbox 237 581 331 611; x_wconf 72' lang='lat' dir='ltr'><strong>tentis</strong></span> <span class='ocrx_word' id='word_1_53' title='bbox 358 581 406 612; x_wconf 85' lang='lat' dir='ltr'><strong>rei</strong></span> <span class='ocrx_word' id='word_1_54' title='bbox 427 592 481 613; x_wconf 80' lang='lat' dir='ltr'><strong>seu</strong></span> <span class='ocrx_word' id='word_1_55' title='bbox 507 592 570 613; x_wconf 91' lang='lat' dir='ltr'><strong>non</strong></span> <span class='ocrx_word' id='word_1_56' title='bbox 595 581 758 613; x_wconf 86' lang='lat' dir='ltr'><strong>existentis</strong></span> <span class='ocrx_word' id='word_1_57' title='bbox 781 581 965 618; x_wconf 87' lang='lat' dir='ltr'><strong>ostendunt,</strong></span> <span class='ocrx_word' id='word_1_58' title='bbox 981 591 1075 622; x_wconf 80' lang='lat' dir='ltr'><strong>quam</strong></span> <span class='ocrx_word' id='word_1_59' title='bbox 1091 581 1185 613; x_wconf 84' lang='lat' dir='ltr'><strong>verba</strong></span> <span class='ocrx_word' id='word_1_60' title='bbox 1208 582 1388 614; x_wconf 87' lang='lat' dir='ltr'><strong>nominibus</strong></span> <span class='ocrx_word' id='word_1_61' title='bbox 1413 582 1614 615; x_wconf 76' lang='lat' dir='ltr'><strong>misceantur.</strong></span> <span class='ocrx_word' id='word_1_62' title='bbox 1637 587 1714 615; x_wconf 83' lang='lat' dir='ltr'><strong>tunc</strong></span> 
     </span>
     <span class='ocr_line' id='line_1_7' title="bbox 237 633 1711 678; baseline 0.003 -14"><span class='ocrx_word' id='word_1_63' title='bbox 237 645 310 665; x_wconf 84' lang='lat' dir='ltr'><strong>vero</strong></span> <span class='ocrx_word' id='word_1_64' title='bbox 327 635 458 676; x_wconf 88' lang='lat' dir='ltr'><strong>primum</strong></span> <span class='ocrx_word' id='word_1_65' title='bbox 471 633 677 672; x_wconf 84' lang='lat' dir='ltr'><strong>conveniunt,</strong></span> <span class='ocrx_word' id='word_1_66' title='bbox 694 635 860 676; x_wconf 80' lang='lat' dir='ltr'><strong>statimque</strong></span> <span class='ocrx_word' id='word_1_67' title='bbox 877 635 913 665; x_wconf 88' lang='lat' dir='ltr'><strong>fit</strong></span> <span class='ocrx_word' id='word_1_68' title='bbox 928 634 1039 672; x_wconf 87' lang='lat' dir='ltr'><strong>oratio,</strong></span> <span class='ocrx_word' id='word_1_69' title='bbox 1055 640 1088 666; x_wconf 90' lang='lat' dir='ltr'><strong>et</strong></span> <span class='ocrx_word' id='word_1_70' title='bbox 1102 635 1203 677; x_wconf 85' lang='lat' dir='ltr'><strong>prima</strong></span> <span class='ocrx_word' id='word_1_71' title='bbox 1217 636 1327 668; x_wconf 86' lang='lat' dir='ltr'><strong>horum</strong></span> <span class='ocrx_word' id='word_1_72' title='bbox 1342 637 1518 678; x_wconf 82' lang='lat' dir='ltr'><strong>complexio</strong></span> <span class='ocrx_word' id='word_1_73' title='bbox 1530 636 1630 678; x_wconf 72' lang='lat' dir='ltr'><strong>prima</strong></span> <span class='ocrx_word' id='word_1_74' title='bbox 1642 647 1711 668; x_wconf 85' lang='lat' dir='ltr'><strong>ora-</strong></span> 
     </span>
     <span class='ocr_line' id='line_1_8' title="bbox 240 687 1713 733; baseline 0.004 -16"><span class='ocrx_word' id='word_1_75' title='bbox 240 687 284 718; x_wconf 84' lang='lat' dir='ltr'><strong>tio</strong></span> <span class='ocrx_word' id='word_1_76' title='bbox 301 692 358 725; x_wconf 80' lang='lat' dir='ltr'><strong>est,</strong></span> <span class='ocrx_word' id='word_1_77' title='bbox 376 689 496 721; x_wconf 84' lang='lat' dir='ltr'><strong>etiamsi</strong></span> <span class='ocrx_word' id='word_1_78' title='bbox 514 690 554 720; x_wconf 85' lang='lat' dir='ltr'><strong>sit</strong></span> <span class='ocrx_word' id='word_1_79' title='bbox 570 689 760 721; x_wconf 83' lang='lat' dir='ltr'><strong>brevissima.</strong></span> <span class='ocrx_word' id='word_1_80' title='bbox 807 689 894 721; x_wconf 76' lang='lat' dir='ltr'><strong>Tua.</strong></span> <span class='ocrx_word' id='word_1_81' title='bbox 917 689 984 727; x_wconf 88' lang='lat' dir='ltr'><strong>Qui</strong></span> <span class='ocrx_word' id='word_1_82' title='bbox 1009 689 1089 721; x_wconf 88' lang='lat' dir='ltr'><strong>istuc</strong></span> <span class='ocrx_word' id='word_1_83' title='bbox 1115 690 1243 732; x_wconf 84' lang='lat' dir='ltr'><strong>inquis?</strong></span> <span class='ocrx_word' id='word_1_84' title='bbox 1289 690 1359 722; x_wconf 87' lang='lat' dir='ltr'><strong>Ho.</strong></span> <span class='ocrx_word' id='word_1_85' title='bbox 1382 690 1521 728; x_wconf 86' lang='lat' dir='ltr'><strong>Quando</strong></span> <span class='ocrx_word' id='word_1_86' title='bbox 1535 691 1606 733; x_wconf 85' lang='lat' dir='ltr'><strong>quis</strong></span> <span class='ocrx_word' id='word_1_87' title='bbox 1621 691 1713 729; x_wconf 75' lang='lat' dir='ltr'><strong>dicit,</strong></span> 
     </span>
     <span class='ocr_line' id='line_1_9' title="bbox 239 741 1712 786; baseline 0.005 -15"><span class='ocrx_word' id='word_1_88' title='bbox 239 741 346 772; x_wconf 86' lang='lat' dir='ltr'><strong>Homo</strong></span> <span class='ocrx_word' id='word_1_89' title='bbox 361 742 467 781; x_wconf 85' lang='lat' dir='ltr'><strong>discit,</strong></span> <span class='ocrx_word' id='word_1_90' title='bbox 484 743 656 775; x_wconf 80' lang='lat' dir='ltr'><strong>orationem</strong></span> <span class='ocrx_word' id='word_1_91' title='bbox 673 744 754 774; x_wconf 88' lang='lat' dir='ltr'><strong>hanc</strong></span> <span class='ocrx_word' id='word_1_92' title='bbox 766 754 834 774; x_wconf 84' lang='lat' dir='ltr'><strong>csse</strong></span> <span class='ocrx_word' id='word_1_93' title='bbox 849 743 894 774; x_wconf 83' lang='lat' dir='ltr'><strong>ais</strong></span> <span class='ocrx_word' id='word_1_94' title='bbox 909 743 1038 784; x_wconf 80' lang='lat' dir='ltr'><strong>primam</strong></span> <span class='ocrx_word' id='word_1_95' title='bbox 1054 748 1149 785; x_wconf 85' lang='lat' dir='ltr'><strong>atque</strong></span> <span class='ocrx_word' id='word_1_96' title='bbox 1166 742 1399 775; x_wconf 78' lang='lat' dir='ltr'><strong>brevissimam?</strong></span> <span class='ocrx_word' id='word_1_97' title='bbox 1430 745 1517 777; x_wconf 67' lang='lat' dir='ltr'><strong>Tne.</strong></span> <span class='ocrx_word' id='word_1_98' title='bbox 1541 745 1712 786; x_wconf 85' lang='lat' dir='ltr'><strong>Equidem.</strong></span> 
     </span>
     <span class='ocr_line' id='line_1_10' title="bbox 242 795 1714 841; baseline 0.003 -15"><span class='ocrx_word' id='word_1_99' title='bbox 242 795 306 829; x_wconf 86' lang='lat' dir='ltr'><strong>Ho.</strong></span> <span class='ocrx_word' id='word_1_100' title='bbox 330 796 421 829; x_wconf 88' lang='lat' dir='ltr'><strong>Tunc</strong></span> <span class='ocrx_word' id='word_1_101' title='bbox 447 807 522 829; x_wconf 84' lang='lat' dir='ltr'><strong>sane</strong></span> <span class='ocrx_word' id='word_1_102' title='bbox 547 798 686 829; x_wconf 73' lang='lat' dir='ltr'>declarat</span> <span class='ocrx_word' id='word_1_103' title='bbox 705 797 825 840; x_wconf 82' lang='lat' dir='ltr'><strong>aliquid</strong></span> <span class='ocrx_word' id='word_1_104' title='bbox 852 798 892 829; x_wconf 87' lang='lat' dir='ltr'><strong>de</strong></span> <span class='ocrx_word' id='word_1_105' title='bbox 919 798 976 833; x_wconf 84' lang='lat' dir='ltr'><strong>his,</strong></span> <span class='ocrx_word' id='word_1_106' title='bbox 993 807 1063 839; x_wconf 83' lang='lat' dir='ltr'><strong>quae</strong></span> <span class='ocrx_word' id='word_1_107' title='bbox 1086 803 1160 829; x_wconf 85' lang='lat' dir='ltr'><strong>sunt</strong></span> <span class='ocrx_word' id='word_1_108' title='bbox 1173 798 1221 830; x_wconf 88' lang='lat' dir='ltr'><strong>vel</strong></span> <span class='ocrx_word' id='word_1_109' title='bbox 1243 798 1325 829; x_wconf 89' lang='lat' dir='ltr'><strong>fiunt</strong></span> <span class='ocrx_word' id='word_1_110' title='bbox 1349 803 1404 830; x_wconf 85' lang='lat' dir='ltr'><strong>aut</strong></span> <span class='ocrx_word' id='word_1_111' title='bbox 1426 798 1553 830; x_wconf 83' lang='lat' dir='ltr'><strong>fuerunt</strong></span> <span class='ocrx_word' id='word_1_112' title='bbox 1573 798 1641 841; x_wconf 85' lang='lat' dir='ltr'><strong>jam</strong></span> <span class='ocrx_word' id='word_1_113' title='bbox 1657 804 1714 834; x_wconf 79' lang='lat' dir='ltr'><strong>aut</strong></span> 
     </span>
     <span class='ocr_line' id='line_1_11' title="bbox 242 851 1717 894; baseline 0.001 -11"><span class='ocrx_word' id='word_1_114' title='bbox 242 857 344 883; x_wconf 90' lang='lat' dir='ltr'><strong>erunt.</strong></span> <span class='ocrx_word' id='word_1_115' title='bbox 368 862 472 894; x_wconf 83' lang='lat' dir='ltr'><strong>neque</strong></span> <span class='ocrx_word' id='word_1_116' title='bbox 497 852 638 883; x_wconf 81' lang='lat' dir='ltr'><strong>nominat</strong></span> <span class='ocrx_word' id='word_1_117' title='bbox 661 857 796 889; x_wconf 82' lang='lat' dir='ltr'><strong>tantuin,</strong></span> <span class='ocrx_word' id='word_1_118' title='bbox 811 852 866 882; x_wconf 84' lang='lat' dir='ltr'><strong>sed</strong></span> <span class='ocrx_word' id='word_1_119' title='bbox 890 856 923 882; x_wconf 88' lang='lat' dir='ltr'><strong>et</strong></span> <span class='ocrx_word' id='word_1_120' title='bbox 946 851 1058 882; x_wconf 92' lang='lat' dir='ltr'><strong>definit</strong></span> <span class='ocrx_word' id='word_1_121' title='bbox 1081 851 1212 894; x_wconf 84' lang='lat' dir='ltr'><strong>aliquid,</strong></span> <span class='ocrx_word' id='word_1_122' title='bbox 1227 853 1321 883; x_wconf 83' lang='lat' dir='ltr'><strong>verba</strong></span> <span class='ocrx_word' id='word_1_123' title='bbox 1347 852 1526 884; x_wconf 81' lang='lat' dir='ltr'><strong>nominibus</strong></span> <span class='ocrx_word' id='word_1_124' title='bbox 1551 851 1717 894; x_wconf 80' lang='lat' dir='ltr'><strong>copulans.</strong></span> 
     </span>
     <span class='ocr_line' id='line_1_12' title="bbox 242 906 1714 948; baseline 0.001 -12"><span class='ocrx_word' id='word_1_125' title='bbox 242 906 387 948; x_wconf 82' lang='lat' dir='ltr'><strong>Ideoque</strong></span> <span class='ocrx_word' id='word_1_126' title='bbox 397 917 467 938; x_wconf 70' lang='lat' dir='ltr'><strong>non</strong></span> <span class='ocrx_word' id='word_1_127' title='bbox 484 907 578 937; x_wconf 91' lang='lat' dir='ltr'><strong>modo</strong></span> <span class='ocrx_word' id='word_1_128' title='bbox 593 907 767 944; x_wconf 86' lang='lat' dir='ltr'><strong>nominare,</strong></span> <span class='ocrx_word' id='word_1_129' title='bbox 783 917 889 938; x_wconf 89' lang='lat' dir='ltr'><strong>verum</strong></span> <span class='ocrx_word' id='word_1_130' title='bbox 911 906 1005 937; x_wconf 85' lang='lat' dir='ltr'><strong>etiam</strong></span> <span class='ocrx_word' id='word_1_131' title='bbox 1029 906 1114 948; x_wconf 89' lang='lat' dir='ltr'><strong>loqui</strong></span> <span class='ocrx_word' id='word_1_132' title='bbox 1140 906 1242 948; x_wconf 85' lang='lat' dir='ltr'><strong>ipsum</strong></span> <span class='ocrx_word' id='word_1_133' title='bbox 1257 906 1404 944; x_wconf 88' lang='lat' dir='ltr'><strong>dicimus,</strong></span> <span class='ocrx_word' id='word_1_134' title='bbox 1419 906 1536 948; x_wconf 81' lang='lat' dir='ltr'><strong>talique</strong></span> <span class='ocrx_word' id='word_1_135' title='bbox 1552 907 1714 938; x_wconf 72' lang='lat' dir='ltr'><strong>contextui</strong></span> 
     </span>
     <span class='ocr_line' id='line_1_13' title="bbox 241 960 1716 1002; baseline 0.001 -11"><span class='ocrx_word' id='word_1_136' title='bbox 241 971 358 991; x_wconf 88' lang='lat' dir='ltr'><strong>nomen</strong></span> <span class='ocrx_word' id='word_1_137' title='bbox 387 961 560 992; x_wconf 81' lang='lat' dir='ltr'><strong>orationem</strong></span> <span class='ocrx_word' id='word_1_138' title='bbox 588 961 837 993; x_wconf 85' lang='lat' dir='ltr'><strong>enunciavimus.</strong></span> <span class='ocrx_word' id='word_1_139' title='bbox 882 961 971 994; x_wconf 76' lang='lat' dir='ltr'><strong>Tna.</strong></span> <span class='ocrx_word' id='word_1_140' title='bbox 993 961 1108 994; x_wconf 85' lang='lat' dir='ltr'><strong>Recte.</strong></span> <span class='ocrx_word' id='word_1_141' title='bbox 1162 961 1229 992; x_wconf 88' lang='lat' dir='ltr'><strong>Ho.</strong></span> <span class='ocrx_word' id='word_1_142' title='bbox 1254 960 1422 992; x_wconf 86' lang='lat' dir='ltr'><strong>Enimvero</strong></span> <span class='ocrx_word' id='word_1_143' title='bbox 1451 961 1716 1002; x_wconf 73' lang='lat' dir='ltr'><strong>quemadmodum</strong></span> 
     </span>
     <span class='ocr_line' id='line_1_14' title="bbox 239 1014 1716 1057; baseline 0.001 -13"><span class='ocrx_word' id='word_1_144' title='bbox 239 1024 287 1045; x_wconf 83' lang='lat' dir='ltr'><strong>res</strong></span> <span class='ocrx_word' id='word_1_145' title='bbox 303 1014 416 1057; x_wconf 75' lang='lat' dir='ltr'><strong>aliqum</strong></span> <span class='ocrx_word' id='word_1_146' title='bbox 429 1020 605 1046; x_wconf 81' lang='lat' dir='ltr'><strong>consonant</strong></span> <span class='ocrx_word' id='word_1_147' title='bbox 619 1015 769 1057; x_wconf 84' lang='lat' dir='ltr'><strong>invicem,</strong></span> <span class='ocrx_word' id='word_1_148' title='bbox 783 1020 819 1046; x_wconf 89' lang='lat' dir='ltr'><strong>ut</strong></span> <span class='ocrx_word' id='word_1_149' title='bbox 834 1025 928 1057; x_wconf 81' lang='lat' dir='ltr'><strong>supra</strong></span> <span class='ocrx_word' id='word_1_150' title='bbox 943 1015 1091 1055; x_wconf 83' lang='lat' dir='ltr'><strong>diximus,</strong></span> <span class='ocrx_word' id='word_1_151' title='bbox 1105 1014 1218 1057; x_wconf 81' lang='lat' dir='ltr'><strong>aliquae</strong></span> <span class='ocrx_word' id='word_1_152' title='bbox 1242 1014 1427 1055; x_wconf 79' lang='lat' dir='ltr'><strong>dissonant3</strong></span> <span class='ocrx_word' id='word_1_153' title='bbox 1450 1015 1494 1045; x_wconf 81' lang='lat' dir='ltr'><strong>ita</strong></span> <span class='ocrx_word' id='word_1_154' title='bbox 1509 1018 1542 1046; x_wconf 85' lang='lat' dir='ltr'><strong>et</strong></span> <span class='ocrx_word' id='word_1_155' title='bbox 1554 1014 1644 1057; x_wconf 81' lang='lat' dir='ltr'><strong>signa</strong></span> <span class='ocrx_word' id='word_1_156' title='bbox 1657 1026 1716 1046; x_wconf 85' lang='lat' dir='ltr'><strong>vo-</strong></span> 
     </span>
     <span class='ocr_line' id='line_1_15' title="bbox 238 1068 1714 1111; baseline 0.001 -12"><span class='ocrx_word' id='word_1_157' title='bbox 238 1078 309 1100; x_wconf 90' lang='lat' dir='ltr'><strong>cum</strong></span> <span class='ocrx_word' id='word_1_158' title='bbox 326 1070 470 1111; x_wconf 84' lang='lat' dir='ltr'><strong>quaedam</strong></span> <span class='ocrx_word' id='word_1_159' title='bbox 486 1079 685 1111; x_wconf 83' lang='lat' dir='ltr'><strong>nequaquam</strong></span> <span class='ocrx_word' id='word_1_160' title='bbox 700 1071 906 1107; x_wconf 85' lang='lat' dir='ltr'><strong>conveniunt,</strong></span> <span class='ocrx_word' id='word_1_161' title='bbox 923 1070 1067 1111; x_wconf 84' lang='lat' dir='ltr'><strong>quaedam</strong></span> <span class='ocrx_word' id='word_1_162' title='bbox 1079 1074 1237 1100; x_wconf 85' lang='lat' dir='ltr'><strong>conventu</strong></span> <span class='ocrx_word' id='word_1_163' title='bbox 1252 1069 1424 1100; x_wconf 88' lang='lat' dir='ltr'><strong>orationem</strong></span> <span class='ocrx_word' id='word_1_164' title='bbox 1438 1068 1588 1101; x_wconf 72' lang='lat' dir='ltr'><strong>conflant.</strong></span> <span class='ocrx_word' id='word_1_165' title='bbox 1624 1069 1714 1102; x_wconf 65' lang='lat' dir='ltr'><strong>Tun.</strong></span> 
     </span>
     <span class='ocr_line' id='line_1_16' title="bbox 239 1122 1713 1167; baseline 0 -13"><span class='ocrx_word' id='word_1_166' title='bbox 239 1124 380 1155; x_wconf 82' lang='lat' dir='ltr'><strong>Prorsus.</strong></span> <span class='ocrx_word' id='word_1_167' title='bbox 425 1124 492 1155; x_wconf 85' lang='lat'><strong>110.</strong></span> <span class='ocrx_word' id='word_1_168' title='bbox 515 1124 637 1167; x_wconf 82' lang='lat' dir='ltr'><strong>Accipe</strong></span> <span class='ocrx_word' id='word_1_169' title='bbox 664 1129 696 1155; x_wconf 88' lang='lat' dir='ltr'><strong>et</strong></span> <span class='ocrx_word' id='word_1_170' title='bbox 727 1125 787 1156; x_wconf 91' lang='lat' dir='ltr'><strong>hoc</strong></span> <span class='ocrx_word' id='word_1_171' title='bbox 813 1125 917 1157; x_wconf 82' lang='lat' dir='ltr'><strong>breve.</strong></span> <span class='ocrx_word' id='word_1_172' title='bbox 961 1124 1012 1154; x_wconf 76' lang='grc' dir='ltr'><strong>ΤΗ</strong></span> <span class='ocrx_word' id='word_1_173' title='bbox 1020 1135 1049 1155; x_wconf 75' lang='grc' dir='ltr'><strong>Ε.</strong></span> <span class='ocrx_word' id='word_1_174' title='bbox 1072 1124 1178 1161; x_wconf 88' lang='lat' dir='ltr'><strong>Quale</strong></span> <span class='ocrx_word' id='word_1_175' title='bbox 1204 1123 1287 1154; x_wconf 85' lang='lat' dir='ltr'><strong>istud</strong></span> <span class='ocrx_word' id='word_1_176' title='bbox 1301 1124 1311 1154; x_wconf 89' lang='lat'>?</span> <span class='ocrx_word' id='word_1_177' title='bbox 1357 1122 1425 1154; x_wconf 89' lang='lat' dir='ltr'><strong>Ho.</strong></span> <span class='ocrx_word' id='word_1_178' title='bbox 1449 1122 1631 1155; x_wconf 75' lang='lat' dir='ltr'><strong>Orationem</strong></span> <span class='ocrx_word' id='word_1_179' title='bbox 1656 1133 1713 1154; x_wconf 88' lang='lat' dir='ltr'><strong>ne-</strong></span> 
     </span>
     <span class='ocr_line' id='line_1_17' title="bbox 238 1177 1715 1220; baseline -0.001 -11"><span class='ocrx_word' id='word_1_180' title='bbox 238 1189 325 1209; x_wconf 84' lang='lat' dir='ltr'><strong>ccsse</strong></span> <span class='ocrx_word' id='word_1_181' title='bbox 341 1183 401 1220; x_wconf 80' lang='lat' dir='ltr'><strong>est,</strong></span> <span class='ocrx_word' id='word_1_182' title='bbox 414 1178 559 1220; x_wconf 81' lang='lat' dir='ltr'><strong>quotiens</strong></span> <span class='ocrx_word' id='word_1_183' title='bbox 576 1178 622 1216; x_wconf 84' lang='lat' dir='ltr'><strong>fit,</strong></span> <span class='ocrx_word' id='word_1_184' title='bbox 639 1178 773 1220; x_wconf 85' lang='lat' dir='ltr'><strong>alicujus</strong></span> <span class='ocrx_word' id='word_1_185' title='bbox 789 1189 858 1210; x_wconf 89' lang='lat' dir='ltr'><strong>esse</strong></span> <span class='ocrx_word' id='word_1_186' title='bbox 873 1178 1046 1210; x_wconf 85' lang='lat' dir='ltr'><strong>orationem</strong></span> <span class='ocrx_word' id='word_1_187' title='bbox 1062 1188 1070 1209; x_wconf 88' lang='lat'>:</span> <span class='ocrx_word' id='word_1_188' title='bbox 1095 1177 1214 1208; x_wconf 85' lang='lat' dir='ltr'><strong>nullius</strong></span> <span class='ocrx_word' id='word_1_189' title='bbox 1231 1177 1315 1209; x_wconf 88' lang='lat' dir='ltr'><strong>enim</strong></span> <span class='ocrx_word' id='word_1_190' title='bbox 1332 1187 1399 1208; x_wconf 85' lang='lat' dir='ltr'><strong>esse</strong></span> <span class='ocrx_word' id='word_1_191' title='bbox 1411 1177 1584 1208; x_wconf 87' lang='lat' dir='ltr'><strong>orationem</strong></span> <span class='ocrx_word' id='word_1_192' title='bbox 1595 1178 1715 1219; x_wconf 76' lang='lat' dir='ltr'><strong>impos-</strong></span> 
     </span>
     <span class='ocr_line' id='line_1_18' title="bbox 238 1231 1716 1275; baseline -0.001 -12"><span class='ocrx_word' id='word_1_193' title='bbox 238 1232 329 1263; x_wconf 85' lang='lat' dir='ltr'><strong>sibile</strong></span> <span class='ocrx_word' id='word_1_194' title='bbox 344 1239 402 1264; x_wconf 83' lang='lat' dir='ltr'><strong>est.</strong></span> <span class='ocrx_word' id='word_1_195' title='bbox 448 1232 536 1264; x_wconf 71' lang='lat' dir='ltr'><strong>Tur..</strong></span> <span class='ocrx_word' id='word_1_196' title='bbox 560 1232 611 1263; x_wconf 84' lang='lat' dir='ltr'><strong>Ita</strong></span> <span class='ocrx_word' id='word_1_197' title='bbox 632 1232 767 1265; x_wconf 81' lang='lat' dir='ltr'><strong>videtur.</strong></span> <span class='ocrx_word' id='word_1_198' title='bbox 813 1233 882 1264; x_wconf 85' lang='lat' dir='ltr'><strong>Ho.</strong></span> <span class='ocrx_word' id='word_1_199' title='bbox 904 1232 1022 1264; x_wconf 87' lang='lat' dir='ltr'><strong>Nonne</strong></span> <span class='ocrx_word' id='word_1_200' title='bbox 1048 1237 1080 1263; x_wconf 89' lang='lat' dir='ltr'><strong>et</strong></span> <span class='ocrx_word' id='word_1_201' title='bbox 1102 1231 1227 1275; x_wconf 87' lang='lat' dir='ltr'><strong>qualem</strong></span> <span class='ocrx_word' id='word_1_202' title='bbox 1243 1231 1402 1274; x_wconf 89' lang='lat' dir='ltr'><strong>quandam</strong></span> <span class='ocrx_word' id='word_1_203' title='bbox 1418 1241 1486 1263; x_wconf 86' lang='lat' dir='ltr'><strong>esse</strong></span> <span class='ocrx_word' id='word_1_204' title='bbox 1500 1231 1602 1274; x_wconf 83' lang='lat' dir='ltr'><strong>ipsam</strong></span> <span class='ocrx_word' id='word_1_205' title='bbox 1618 1241 1716 1273; x_wconf 89' lang='lat' dir='ltr'><strong>opor-</strong></span> 
     </span>
     <span class='ocr_line' id='line_1_19' title="bbox 239 1285 1716 1328; baseline 0 -12"><span class='ocrx_word' id='word_1_206' title='bbox 239 1286 306 1317; x_wconf 88' lang='lat' dir='ltr'><strong>tet?</strong></span> <span class='ocrx_word' id='word_1_207' title='bbox 351 1285 440 1318; x_wconf 77' lang='lat' dir='ltr'><strong>Trm.</strong></span> <span class='ocrx_word' id='word_1_208' title='bbox 465 1287 602 1328; x_wconf 85' lang='lat' dir='ltr'><strong>Oportet</strong></span> <span class='ocrx_word' id='word_1_209' title='bbox 617 1297 703 1318; x_wconf 88' lang='lat' dir='ltr'><strong>sane.</strong></span> <span class='ocrx_word' id='word_1_210' title='bbox 749 1286 815 1318; x_wconf 85' lang='lat' dir='ltr'><strong>Ho.</strong></span> <span class='ocrx_word' id='word_1_211' title='bbox 839 1285 1138 1318; x_wconf 76' lang='lat' dir='ltr'><strong>Animadvertamus</strong></span> <span class='ocrx_word' id='word_1_212' title='bbox 1154 1287 1285 1318; x_wconf 88' lang='lat' dir='ltr'><strong>obsecro</strong></span> <span class='ocrx_word' id='word_1_213' title='bbox 1309 1286 1487 1328; x_wconf 83' lang='lat' dir='ltr'><strong>diligenter.</strong></span> <span class='ocrx_word' id='word_1_214' title='bbox 1531 1285 1620 1318; x_wconf 71' lang='lat' dir='ltr'><strong>Tim.</strong></span> <span class='ocrx_word' id='word_1_215' title='bbox 1644 1285 1716 1316; x_wconf 85' lang='lat' dir='ltr'><strong>De-</strong></span> 
     </span>
     <span class='ocr_line' id='line_1_20' title="bbox 238 1339 1712 1383; baseline -0.001 -12"><span class='ocrx_word' id='word_1_216' title='bbox 238 1344 301 1372; x_wconf 86' lang='lat' dir='ltr'><strong>cet.</strong></span> <span class='ocrx_word' id='word_1_217' title='bbox 347 1340 414 1371; x_wconf 86' lang='lat' dir='ltr'><strong>Ho.</strong></span> <span class='ocrx_word' id='word_1_218' title='bbox 438 1339 577 1371; x_wconf 77' lang='lat' dir='ltr'><strong>Afferam</strong></span> <span class='ocrx_word' id='word_1_219' title='bbox 593 1341 764 1372; x_wconf 86' lang='lat' dir='ltr'><strong>orationem</strong></span> <span class='ocrx_word' id='word_1_220' title='bbox 779 1340 848 1380; x_wconf 88' lang='lat' dir='ltr'><strong>tibi,</strong></span> <span class='ocrx_word' id='word_1_221' title='bbox 863 1352 926 1372; x_wconf 86' lang='lat' dir='ltr'><strong>rem</strong></span> <span class='ocrx_word' id='word_1_222' title='bbox 943 1351 1013 1372; x_wconf 90' lang='lat' dir='ltr'><strong>cum</strong></span> <span class='ocrx_word' id='word_1_223' title='bbox 1029 1341 1154 1373; x_wconf 87' lang='lat' dir='ltr'><strong>actione</strong></span> <span class='ocrx_word' id='word_1_224' title='bbox 1169 1351 1225 1383; x_wconf 84' lang='lat' dir='ltr'><strong>per</strong></span> <span class='ocrx_word' id='word_1_225' title='bbox 1240 1351 1354 1372; x_wconf 88' lang='lat' dir='ltr'><strong>nomen</strong></span> <span class='ocrx_word' id='word_1_226' title='bbox 1370 1340 1561 1382; x_wconf 83' lang='lat' dir='ltr'><strong>verbumque</strong></span> <span class='ocrx_word' id='word_1_227' title='bbox 1577 1339 1712 1382; x_wconf 84' lang='lat' dir='ltr'><strong>conjun-</strong></span> 
     </span>
     <span class='ocr_line' id='line_1_21' title="bbox 239 1393 1714 1437; baseline 0.001 -13"><span class='ocrx_word' id='word_1_228' title='bbox 239 1403 316 1435; x_wconf 86' lang='lat' dir='ltr'><strong>gens</strong></span> <span class='ocrx_word' id='word_1_229' title='bbox 331 1405 339 1425; x_wconf 73' lang='grc' dir='ltr'>ι</span> <span class='ocrx_word' id='word_1_230' title='bbox 362 1393 453 1435; x_wconf 86' lang='lat' dir='ltr'><strong>cnjus</strong></span> <span class='ocrx_word' id='word_1_231' title='bbox 482 1399 587 1426; x_wconf 89' lang='lat' dir='ltr'><strong>autem</strong></span> <span class='ocrx_word' id='word_1_232' title='bbox 610 1395 709 1426; x_wconf 86' lang='lat' dir='ltr'><strong>oratio</strong></span> <span class='ocrx_word' id='word_1_233' title='bbox 737 1395 777 1426; x_wconf 87' lang='lat' dir='ltr'><strong>sit</strong></span> <span class='ocrx_word' id='word_1_234' title='bbox 803 1400 836 1426; x_wconf 87' lang='lat' dir='ltr'><strong>tu</strong></span> <span class='ocrx_word' id='word_1_235' title='bbox 860 1396 958 1427; x_wconf 87' lang='lat' dir='ltr'><strong>dicas.</strong></span> <span class='ocrx_word' id='word_1_236' title='bbox 1004 1395 1092 1428; x_wconf 68' lang='lat' dir='ltr'><strong>Tne.</strong></span> <span class='ocrx_word' id='word_1_237' title='bbox 1117 1394 1273 1436; x_wconf 81' lang='lat' dir='ltr'><strong>Efficiam,</strong></span> <span class='ocrx_word' id='word_1_238' title='bbox 1296 1394 1393 1436; x_wconf 80' lang='lat'>[263]</span> <span class='ocrx_word' id='word_1_239' title='bbox 1416 1399 1452 1426; x_wconf 92' lang='lat' dir='ltr'><strong>ut</strong></span> <span class='ocrx_word' id='word_1_240' title='bbox 1477 1399 1599 1437; x_wconf 80' lang='lat' dir='ltr'><strong>potero.</strong></span> <span class='ocrx_word' id='word_1_241' title='bbox 1643 1393 1714 1426; x_wconf 82' lang='lat' dir='ltr'><strong>Ho.</strong></span> 
     </span>
     <span class='ocr_line' id='line_1_22' title="bbox 236 1445 1710 1492; baseline -0.001 -13"><span class='ocrx_word' id='word_1_242' title='bbox 236 1448 263 1479; x_wconf 87' lang='lat' dir='ltr'>T</span> <span class='ocrx_word' id='word_1_243' title='bbox 265 1449 417 1480; x_wconf 82' lang='lat' dir='ltr'><strong>heaetetus</strong></span> <span class='ocrx_word' id='word_1_244' title='bbox 433 1449 533 1485; x_wconf 87' lang='lat' dir='ltr'><strong>sedet,</strong></span> <span class='ocrx_word' id='word_1_245' title='bbox 548 1459 622 1479; x_wconf 89' lang='lat' dir='ltr'><strong>num</strong></span> <span class='ocrx_word' id='word_1_246' title='bbox 638 1449 736 1480; x_wconf 86' lang='lat' dir='ltr'><strong>oratio</strong></span> <span class='ocrx_word' id='word_1_247' title='bbox 753 1449 812 1480; x_wconf 82' lang='lat' dir='ltr'><strong>ista</strong></span> <span class='ocrx_word' id='word_1_248' title='bbox 829 1449 970 1492; x_wconf 83' lang='lat' dir='ltr'><strong>prolixa?</strong></span> <span class='ocrx_word' id='word_1_249' title='bbox 1013 1449 1100 1482; x_wconf 72' lang='lat' dir='ltr'><strong>Tua.</strong></span> <span class='ocrx_word' id='word_1_250' title='bbox 1124 1448 1211 1486; x_wconf 86' lang='lat' dir='ltr'><strong>Non,</strong></span> <span class='ocrx_word' id='word_1_251' title='bbox 1226 1449 1280 1480; x_wconf 80' lang='lat' dir='ltr'><strong>sed</strong></span> <span class='ocrx_word' id='word_1_252' title='bbox 1297 1447 1471 1480; x_wconf 86' lang='lat' dir='ltr'><strong>mediocris.</strong></span> <span class='ocrx_word' id='word_1_253' title='bbox 1516 1446 1585 1480; x_wconf 87' lang='lat' dir='ltr'><strong>Ho.</strong></span> <span class='ocrx_word' id='word_1_254' title='bbox 1606 1445 1710 1477; x_wconf 87' lang='lat' dir='ltr'><strong>Tuum</strong></span> 
     </span>
     <span class='ocr_line' id='line_1_23' title="bbox 238 1501 1709 1545; baseline -0.003 -10"><span class='ocrx_word' id='word_1_255' title='bbox 238 1508 286 1535; x_wconf 87' lang='lat' dir='ltr'><strong>est</strong></span> <span class='ocrx_word' id='word_1_256' title='bbox 307 1513 392 1534; x_wconf 88' lang='lat' dir='ltr'><strong>nunc</strong></span> <span class='ocrx_word' id='word_1_257' title='bbox 415 1503 532 1539; x_wconf 85' lang='lat' dir='ltr'><strong>dicere,</strong></span> <span class='ocrx_word' id='word_1_258' title='bbox 547 1504 587 1534; x_wconf 86' lang='lat' dir='ltr'><strong>de</strong></span> <span class='ocrx_word' id='word_1_259' title='bbox 612 1513 675 1544; x_wconf 91' lang='lat' dir='ltr'><strong>quo</strong></span> <span class='ocrx_word' id='word_1_260' title='bbox 701 1509 733 1535; x_wconf 87' lang='lat' dir='ltr'><strong>et</strong></span> <span class='ocrx_word' id='word_1_261' title='bbox 757 1503 848 1545; x_wconf 90' lang='lat' dir='ltr'><strong>cujus</strong></span> <span class='ocrx_word' id='word_1_262' title='bbox 873 1504 972 1536; x_wconf 83' lang='lat' dir='ltr'><strong>oratio</strong></span> <span class='ocrx_word' id='word_1_263' title='bbox 994 1509 1051 1536; x_wconf 85' lang='lat' dir='ltr'><strong>est.</strong></span> <span class='ocrx_word' id='word_1_264' title='bbox 1096 1503 1183 1535; x_wconf 69' lang='lat' dir='ltr'><strong>Tun.</strong></span> <span class='ocrx_word' id='word_1_265' title='bbox 1207 1503 1259 1535; x_wconf 90' lang='lat' dir='ltr'><strong>De</strong></span> <span class='ocrx_word' id='word_1_266' title='bbox 1281 1514 1330 1534; x_wconf 88' lang='lat' dir='ltr'><strong>me</strong></span> <span class='ocrx_word' id='word_1_267' title='bbox 1347 1501 1496 1534; x_wconf 86' lang='lat' dir='ltr'><strong>videlicet</strong></span> <span class='ocrx_word' id='word_1_268' title='bbox 1517 1506 1612 1543; x_wconf 86' lang='lat' dir='ltr'><strong>atque</strong></span> <span class='ocrx_word' id='word_1_269' title='bbox 1628 1510 1709 1532; x_wconf 88' lang='lat' dir='ltr'><strong>mea.</strong></span> 
     </span>
     <span class='ocr_line' id='line_1_24' title="bbox 238 1553 1714 1599; baseline -0.002 -11"><span class='ocrx_word' id='word_1_270' title='bbox 238 1557 302 1589; x_wconf 85' lang='lat' dir='ltr'><strong>Ho.</strong></span> <span class='ocrx_word' id='word_1_271' title='bbox 328 1557 393 1588; x_wconf 81' lang='lat' dir='ltr'><strong>Ista</strong></span> <span class='ocrx_word' id='word_1_272' title='bbox 418 1558 547 1588; x_wconf 83' lang='lat' dir='ltr'><strong>autem?</strong></span> <span class='ocrx_word' id='word_1_273' title='bbox 589 1557 677 1589; x_wconf 64' lang='lat' dir='ltr'><strong>Tua.</strong></span> <span class='ocrx_word' id='word_1_274' title='bbox 701 1559 880 1595; x_wconf 76' lang='lat' dir='ltr'><strong>Quaenam?</strong></span> <span class='ocrx_word' id='word_1_275' title='bbox 926 1559 995 1590; x_wconf 89' lang='lat' dir='ltr'><strong>Ho.</strong></span> <span class='ocrx_word' id='word_1_276' title='bbox 1017 1559 1198 1590; x_wconf 74' lang='lat' dir='ltr'><strong>Theaetetus</strong></span> <span class='ocrx_word' id='word_1_277' title='bbox 1219 1558 1291 1599; x_wconf 81' lang='lat' dir='ltr'><strong>iste,</strong></span> <span class='ocrx_word' id='word_1_278' title='bbox 1305 1557 1432 1599; x_wconf 90' lang='lat' dir='ltr'><strong>quicum</strong></span> <span class='ocrx_word' id='word_1_279' title='bbox 1457 1567 1516 1597; x_wconf 86' lang='lat' dir='ltr'><strong>ego</strong></span> <span class='ocrx_word' id='word_1_280' title='bbox 1540 1563 1626 1586; x_wconf 79' lang='lat' dir='ltr'><strong>nunc</strong></span> <span class='ocrx_word' id='word_1_281' title='bbox 1646 1553 1714 1585; x_wconf 82' lang='lat' dir='ltr'><strong>dis-</strong></span> 
     </span>
     <span class='ocr_line' id='line_1_25' title="bbox 238 1610 1713 1655; baseline -0.001 -13"><span class='ocrx_word' id='word_1_282' title='bbox 238 1616 330 1653; x_wconf 86' lang='lat' dir='ltr'><strong>puto,</strong></span> <span class='ocrx_word' id='word_1_283' title='bbox 346 1611 443 1644; x_wconf 82' lang='lat' dir='ltr'><strong>volat.</strong></span> <span class='ocrx_word' id='word_1_284' title='bbox 488 1611 582 1643; x_wconf 67' lang='lat' dir='ltr'><strong>Tua:</strong></span> <span class='ocrx_word' id='word_1_285' title='bbox 598 1611 703 1643; x_wconf 86' lang='lat' dir='ltr'><strong>Nemo</strong></span> <span class='ocrx_word' id='word_1_286' title='bbox 719 1613 759 1643; x_wconf 88' lang='lat' dir='ltr'><strong>de</strong></span> <span class='ocrx_word' id='word_1_287' title='bbox 784 1613 842 1644; x_wconf 83' lang='lat' dir='ltr'><strong>liae</strong></span> <span class='ocrx_word' id='word_1_288' title='bbox 867 1623 993 1655; x_wconf 88' lang='lat' dir='ltr'><strong>quoque</strong></span> <span class='ocrx_word' id='word_1_289' title='bbox 1021 1612 1111 1643; x_wconf 84' lang='lat' dir='ltr'><strong>aliter</strong></span> <span class='ocrx_word' id='word_1_290' title='bbox 1133 1612 1264 1652; x_wconf 87' lang='lat' dir='ltr'><strong>diceret,</strong></span> <span class='ocrx_word' id='word_1_291' title='bbox 1278 1611 1336 1642; x_wconf 78' lang='lat' dir='ltr'><strong>nisi</strong></span> <span class='ocrx_word' id='word_1_292' title='bbox 1359 1611 1444 1653; x_wconf 92' lang='lat' dir='ltr'><strong>quod</strong></span> <span class='ocrx_word' id='word_1_293' title='bbox 1460 1610 1500 1642; x_wconf 90' lang='lat' dir='ltr'><strong>de</strong></span> <span class='ocrx_word' id='word_1_294' title='bbox 1514 1620 1565 1642; x_wconf 83' lang='lat' dir='ltr'><strong>me</strong></span> <span class='ocrx_word' id='word_1_295' title='bbox 1581 1617 1713 1652; x_wconf 83' lang='lat' dir='ltr'><strong>meaque</strong></span> 
     </span>
     <span class='ocr_line' id='line_1_26' title="bbox 237 1663 1713 1708; baseline -0.001 -10"><span class='ocrx_word' id='word_1_296' title='bbox 237 1670 296 1698; x_wconf 83' lang='lat' dir='ltr'><strong>est.</strong></span> <span class='ocrx_word' id='word_1_297' title='bbox 342 1666 412 1698; x_wconf 83' lang='lat' dir='ltr'><strong>Ho.</strong></span> <span class='ocrx_word' id='word_1_298' title='bbox 436 1665 594 1706; x_wconf 87' lang='lat' dir='ltr'><strong>Diximus,</strong></span> <span class='ocrx_word' id='word_1_299' title='bbox 611 1666 735 1707; x_wconf 87' lang='lat' dir='ltr'><strong>qualem</strong></span> <span class='ocrx_word' id='word_1_300' title='bbox 752 1667 911 1708; x_wconf 87' lang='lat' dir='ltr'><strong>quandam</strong></span> <span class='ocrx_word' id='word_1_301' title='bbox 934 1677 1005 1697; x_wconf 88' lang='lat' dir='ltr'><strong>esse</strong></span> <span class='ocrx_word' id='word_1_302' title='bbox 1030 1666 1202 1696; x_wconf 79' lang='lat' dir='ltr'><strong>orationem</strong></span> <span class='ocrx_word' id='word_1_303' title='bbox 1226 1665 1399 1707; x_wconf 83' lang='lat' dir='ltr'><strong>quamlibet</strong></span> <span class='ocrx_word' id='word_1_304' title='bbox 1423 1668 1578 1706; x_wconf 88' lang='lat' dir='ltr'><strong>oportere.</strong></span> <span class='ocrx_word' id='word_1_305' title='bbox 1623 1663 1713 1696; x_wconf 70' lang='lat' dir='ltr'><strong>Tun.</strong></span> 
     </span>
     <span class='ocr_line' id='line_1_27' title="bbox 239 1719 1714 1763; baseline -0.001 -11"><span class='ocrx_word' id='word_1_306' title='bbox 239 1720 399 1752; x_wconf 83' lang='lat' dir='ltr'><strong>Diximus.</strong></span> <span class='ocrx_word' id='word_1_307' title='bbox 444 1719 512 1752; x_wconf 74' lang='lat' dir='ltr'><strong>Ho-</strong></span> <span class='ocrx_word' id='word_1_308' title='bbox 535 1720 639 1752; x_wconf 91' lang='lat' dir='ltr'><strong>Unam</strong></span> <span class='ocrx_word' id='word_1_309' title='bbox 655 1731 771 1763; x_wconf 74' lang='lat' dir='ltr'><strong>veram,</strong></span> <span class='ocrx_word' id='word_1_310' title='bbox 785 1721 914 1752; x_wconf 85' lang='lat' dir='ltr'><strong>alteram</strong></span> <span class='ocrx_word' id='word_1_311' title='bbox 930 1721 1050 1752; x_wconf 84' lang='lat' dir='ltr'><strong>salsam.</strong></span> <span class='ocrx_word' id='word_1_312' title='bbox 1095 1720 1181 1752; x_wconf 87' lang='lat' dir='ltr'><strong>Vera.</strong></span> <span class='ocrx_word' id='word_1_313' title='bbox 1196 1721 1294 1751; x_wconf 89' lang='lat' dir='ltr'><strong>oratio</strong></span> <span class='ocrx_word' id='word_1_314' title='bbox 1317 1731 1354 1752; x_wconf 84' lang='lat' dir='ltr'><strong>ea</strong></span> <span class='ocrx_word' id='word_1_315' title='bbox 1380 1730 1451 1762; x_wconf 80' lang='lat' dir='ltr'><strong>quae</strong></span> <span class='ocrx_word' id='word_1_316' title='bbox 1475 1724 1559 1757; x_wconf 83' lang='lat' dir='ltr'><strong>sunt,</strong></span> <span class='ocrx_word' id='word_1_317' title='bbox 1575 1724 1612 1751; x_wconf 82' lang='lat' dir='ltr'><strong>ut</strong></span> <span class='ocrx_word' id='word_1_318' title='bbox 1626 1724 1714 1757; x_wconf 82' lang='lat' dir='ltr'><strong>sunt,</strong></span> 
     </span>
     <span class='ocr_line' id='line_1_28' title="bbox 239 1772 1709 1816; baseline 0 -10"><span class='ocrx_word' id='word_1_319' title='bbox 239 1775 280 1806; x_wconf 87' lang='lat' dir='ltr'><strong>de</strong></span> <span class='ocrx_word' id='word_1_320' title='bbox 296 1779 327 1806; x_wconf 90' lang='lat' dir='ltr'><strong>te</strong></span> <span class='ocrx_word' id='word_1_321' title='bbox 342 1774 503 1816; x_wconf 84' lang='lat' dir='ltr'><strong>praedicat.</strong></span> <span class='ocrx_word' id='word_1_322' title='bbox 546 1774 633 1805; x_wconf 77' lang='lat' dir='ltr'><strong>Tm:-</strong></span> <span class='ocrx_word' id='word_1_323' title='bbox 657 1774 763 1808; x_wconf 84' lang='lat' dir='ltr'><strong>Certe.</strong></span> <span class='ocrx_word' id='word_1_324' title='bbox 808 1775 877 1808; x_wconf 89' lang='lat' dir='ltr'><strong>Ho.</strong></span> <span class='ocrx_word' id='word_1_325' title='bbox 900 1774 991 1806; x_wconf 81' lang='lat' dir='ltr'><strong>Falsa</strong></span> <span class='ocrx_word' id='word_1_326' title='bbox 1012 1779 1117 1805; x_wconf 88' lang='lat' dir='ltr'><strong>autem</strong></span> <span class='ocrx_word' id='word_1_327' title='bbox 1132 1773 1193 1805; x_wconf 84' lang='lat' dir='ltr'><strong>alia</strong></span> <span class='ocrx_word' id='word_1_328' title='bbox 1210 1778 1320 1815; x_wconf 85' lang='lat' dir='ltr'><strong>praeter</strong></span> <span class='ocrx_word' id='word_1_329' title='bbox 1335 1773 1389 1804; x_wconf 87' lang='lat' dir='ltr'><strong>illa</strong></span> <span class='ocrx_word' id='word_1_330' title='bbox 1405 1783 1476 1815; x_wconf 88' lang='lat' dir='ltr'><strong>quae</strong></span> <span class='ocrx_word' id='word_1_331' title='bbox 1492 1779 1576 1806; x_wconf 83' lang='lat' dir='ltr'><strong>sunt.</strong></span> <span class='ocrx_word' id='word_1_332' title='bbox 1619 1772 1709 1807; x_wconf 67' lang='lat' dir='ltr'><strong>Tne.</strong></span> 
     </span>
     <span class='ocr_line' id='line_1_29' title="bbox 240 1827 1714 1871; baseline 0 -11"><span class='ocrx_word' id='word_1_333' title='bbox 240 1829 398 1860; x_wconf 78' lang='lat' dir='ltr'><strong>Profecto.</strong></span> <span class='ocrx_word' id='word_1_334' title='bbox 443 1828 511 1861; x_wconf 88' lang='lat' dir='ltr'><strong>Ho.</strong></span> <span class='ocrx_word' id='word_1_335' title='bbox 536 1829 617 1866; x_wconf 78' lang='lat' dir='ltr'><strong>Quae</strong></span> <span class='ocrx_word' id='word_1_336' title='bbox 629 1839 693 1860; x_wconf 88' lang='lat' dir='ltr'><strong>non</strong></span> <span class='ocrx_word' id='word_1_337' title='bbox 711 1834 784 1860; x_wconf 89' lang='lat' dir='ltr'><strong>sunt</strong></span> <span class='ocrx_word' id='word_1_338' title='bbox 798 1840 883 1871; x_wconf 83' lang='lat' dir='ltr'><strong>ergo,</strong></span> <span class='ocrx_word' id='word_1_339' title='bbox 899 1829 986 1871; x_wconf 85' lang='lat' dir='ltr'><strong>quasi</strong></span> <span class='ocrx_word' id='word_1_340' title='bbox 1003 1828 1066 1860; x_wconf 89' lang='lat' dir='ltr'><strong>sint</strong></span> <span class='ocrx_word' id='word_1_341' title='bbox 1079 1828 1199 1860; x_wconf 85' lang='lat' dir='ltr'><strong>asserit.</strong></span> <span class='ocrx_word' id='word_1_342' title='bbox 1243 1828 1330 1862; x_wconf 73' lang='lat' dir='ltr'><strong>THE·</strong></span> <span class='ocrx_word' id='word_1_343' title='bbox 1353 1827 1406 1860; x_wconf 87' lang='lat' dir='ltr'><strong>Sic</strong></span> <span class='ocrx_word' id='word_1_344' title='bbox 1421 1828 1527 1860; x_wconf 74' lang='lat' dir='ltr'><strong>ferme.</strong></span> <span class='ocrx_word' id='word_1_345' title='bbox 1571 1827 1642 1860; x_wconf 85' lang='grc' dir='ltr'><strong>Ηο.</strong></span> <span class='ocrx_word' id='word_1_346' title='bbox 1661 1828 1714 1860; x_wconf 74' lang='lat' dir='ltr'><strong>Re</strong></span> 
     </span>
     <span class='ocr_line' id='line_1_30' title="bbox 239 1882 1715 1926; baseline 0.001 -13"><span class='ocrx_word' id='word_1_347' title='bbox 239 1893 312 1914; x_wconf 88' lang='lat' dir='ltr'><strong>vera</strong></span> <span class='ocrx_word' id='word_1_348' title='bbox 326 1883 412 1914; x_wconf 86' lang='lat' dir='ltr'><strong>entia</strong></span> <span class='ocrx_word' id='word_1_349' title='bbox 433 1883 474 1914; x_wconf 86' lang='lat' dir='ltr'><strong>de</strong></span> <span class='ocrx_word' id='word_1_350' title='bbox 499 1887 531 1914; x_wconf 89' lang='lat' dir='ltr'><strong>te</strong></span> <span class='ocrx_word' id='word_1_351' title='bbox 555 1883 628 1915; x_wconf 81' lang='lat' dir='ltr'><strong>alia.</strong></span> <span class='ocrx_word' id='word_1_352' title='bbox 652 1883 751 1914; x_wconf 87' lang='lat' dir='ltr'><strong>multa</strong></span> <span class='ocrx_word' id='word_1_353' title='bbox 767 1884 922 1926; x_wconf 88' lang='lat' dir='ltr'><strong>siquidem</strong></span> <span class='ocrx_word' id='word_1_354' title='bbox 939 1884 1026 1915; x_wconf 86' lang='lat' dir='ltr'><strong>entia</strong></span> <span class='ocrx_word' id='word_1_355' title='bbox 1049 1883 1132 1915; x_wconf 87' lang='lat' dir='ltr'><strong>circa</strong></span> <span class='ocrx_word' id='word_1_356' title='bbox 1154 1882 1402 1925; x_wconf 88' lang='lat' dir='ltr'><strong>unumquodque</strong></span> <span class='ocrx_word' id='word_1_357' title='bbox 1416 1883 1715 1925; x_wconf 44' lang='lat' dir='ltr'><strong>esse&#39;praediximus,</strong></span> 
     </span>
     <span class='ocr_line' id='line_1_31' title="bbox 242 1936 1714 1978; baseline 0.001 -11"><span class='ocrx_word' id='word_1_358' title='bbox 242 1937 341 1967; x_wconf 78' lang='lat' dir='ltr'><strong>inulta</strong></span> <span class='ocrx_word' id='word_1_359' title='bbox 356 1947 484 1978; x_wconf 91' lang='lat' dir='ltr'><strong>quoque</strong></span> <span class='ocrx_word' id='word_1_360' title='bbox 500 1947 564 1967; x_wconf 88' lang='lat' dir='ltr'><strong>non</strong></span> <span class='ocrx_word' id='word_1_361' title='bbox 580 1937 677 1969; x_wconf 84' lang='lat' dir='ltr'><strong>entia.</strong></span> <span class='ocrx_word' id='word_1_362' title='bbox 723 1938 810 1968; x_wconf 67' lang='lat' dir='ltr'><strong>Tun.</strong></span> <span class='ocrx_word' id='word_1_363' title='bbox 834 1937 986 1968; x_wconf 87' lang='lat' dir='ltr'><strong>Omnino.</strong></span> <span class='ocrx_word' id='word_1_364' title='bbox 1029 1936 1097 1968; x_wconf 87' lang='lat' dir='ltr'><strong>Ho.</strong></span> <span class='ocrx_word' id='word_1_365' title='bbox 1120 1937 1261 1968; x_wconf 87' lang='lat' dir='ltr'><strong>Primum</strong></span> <span class='ocrx_word' id='word_1_366' title='bbox 1286 1937 1413 1978; x_wconf 89' lang='lat' dir='ltr'><strong>quidem</strong></span> <span class='ocrx_word' id='word_1_367' title='bbox 1437 1946 1566 1968; x_wconf 84' lang='lat' dir='ltr'><strong>necesse</strong></span> <span class='ocrx_word' id='word_1_368' title='bbox 1579 1942 1629 1969; x_wconf 85' lang='lat' dir='ltr'><strong>es&#39;t</strong></span> <span class='ocrx_word' id='word_1_369' title='bbox 1642 1947 1714 1969; x_wconf 78' lang='lat' dir='ltr'><strong>ora-</strong></span> 
     </span>
     <span class='ocr_line' id='line_1_32' title="bbox 241 1990 1715 2033; baseline 0.001 -11"><span class='ocrx_word' id='word_1_370' title='bbox 241 1990 359 2022; x_wconf 85' lang='lat' dir='ltr'><strong>tionem</strong></span> <span class='ocrx_word' id='word_1_371' title='bbox 375 1990 476 2028; x_wconf 86' lang='lat' dir='ltr'><strong>illam,</strong></span> <span class='ocrx_word' id='word_1_372' title='bbox 498 2000 592 2032; x_wconf 86' lang='lat' dir='ltr'><strong>quam</strong></span> <span class='ocrx_word' id='word_1_373' title='bbox 608 1991 748 2022; x_wconf 88' lang='lat' dir='ltr'><strong>secundo</strong></span> <span class='ocrx_word' id='word_1_374' title='bbox 777 1991 847 2022; x_wconf 89' lang='lat' dir='ltr'><strong>loco</strong></span> <span class='ocrx_word' id='word_1_375' title='bbox 871 1992 911 2022; x_wconf 91' lang='lat' dir='ltr'><strong>de</strong></span> <span class='ocrx_word' id='word_1_376' title='bbox 938 1996 969 2022; x_wconf 86' lang='lat' dir='ltr'><strong>te</strong></span> <span class='ocrx_word' id='word_1_377' title='bbox 985 1990 1116 2033; x_wconf 87' lang='lat' dir='ltr'><strong>protuli,</strong></span> <span class='ocrx_word' id='word_1_378' title='bbox 1132 1991 1306 2022; x_wconf 78' lang='lat' dir='ltr'><strong>secundum</strong></span> <span class='ocrx_word' id='word_1_379' title='bbox 1322 1991 1469 2022; x_wconf 83' lang='lat' dir='ltr'><strong>orationis</strong></span> <span class='ocrx_word' id='word_1_380' title='bbox 1484 1991 1715 2032; x_wconf 85' lang='lat' dir='ltr'><strong>definitionem,</strong></span> 
     </span>
     <span class='ocr_line' id='line_1_33' title="bbox 240 2044 1714 2086; baseline 0.002 -11"><span class='ocrx_word' id='word_1_381' title='bbox 240 2051 334 2075; x_wconf 85' lang='lat' dir='ltr'><strong>unam</strong></span> <span class='ocrx_word' id='word_1_382' title='bbox 351 2044 509 2086; x_wconf 79' lang='lat' dir='ltr'><strong>quandam</strong></span> <span class='ocrx_word' id='word_1_383' title='bbox 525 2055 563 2076; x_wconf 86' lang='lat' dir='ltr'><strong>ex</strong></span> <span class='ocrx_word' id='word_1_384' title='bbox 579 2045 766 2077; x_wconf 81' lang='lat' dir='ltr'><strong>brevissimis</strong></span> <span class='ocrx_word' id='word_1_385' title='bbox 781 2055 858 2077; x_wconf 79' lang='lat' dir='ltr'><strong>esse.</strong></span> <span class='ocrx_word' id='word_1_386' title='bbox 903 2045 990 2076; x_wconf 76' lang='lat' dir='ltr'><strong>Tria.</strong></span> <span class='ocrx_word' id='word_1_387' title='bbox 1012 2045 1063 2076; x_wconf 90' lang='lat' dir='ltr'><strong>Sic</strong></span> <span class='ocrx_word' id='word_1_388' title='bbox 1079 2045 1162 2076; x_wconf 87' lang='lat' dir='ltr'><strong>enim</strong></span> <span class='ocrx_word' id='word_1_389' title='bbox 1178 2045 1259 2076; x_wconf 86' lang='lat' dir='ltr'><strong>inter</strong></span> <span class='ocrx_word' id='word_1_390' title='bbox 1273 2055 1330 2076; x_wconf 81' lang='lat' dir='ltr'><strong>nos</strong></span> <span class='ocrx_word' id='word_1_391' title='bbox 1345 2044 1507 2077; x_wconf 84' lang='lat' dir='ltr'><strong>convenit.</strong></span> <span class='ocrx_word' id='word_1_392' title='bbox 1551 2045 1619 2078; x_wconf 89' lang='lat' dir='ltr'><strong>Ho.</strong></span> <span class='ocrx_word' id='word_1_393' title='bbox 1642 2045 1714 2078; x_wconf 92' lang='lat' dir='ltr'><strong>De-</strong></span> 
     </span>
     <span class='ocr_line' id='line_1_34' title="bbox 240 2097 1713 2141; baseline 0.002 -13"><span class='ocrx_word' id='word_1_394' title='bbox 240 2097 316 2129; x_wconf 86' lang='lat' dir='ltr'><strong>&#39;rnde</strong></span> <span class='ocrx_word' id='word_1_395' title='bbox 340 2097 490 2139; x_wconf 80' lang='lat' dir='ltr'><strong>exprime,</strong></span> <span class='ocrx_word' id='word_1_396' title='bbox 518 2109 593 2129; x_wconf 88' lang='lat' dir='ltr'><strong>num</strong></span> <span class='ocrx_word' id='word_1_397' title='bbox 620 2098 754 2141; x_wconf 82' lang='lat' dir='ltr'><strong>alicujus</strong></span> <span class='ocrx_word' id='word_1_398' title='bbox 781 2099 831 2131; x_wconf 90' lang='lat' dir='ltr'><strong>sit.</strong></span> <span class='ocrx_word' id='word_1_399' title='bbox 875 2098 962 2130; x_wconf 70' lang='lat' dir='ltr'><strong>Tua.</strong></span> <span class='ocrx_word' id='word_1_400' title='bbox 985 2097 1142 2140; x_wconf 86' lang='lat' dir='ltr'><strong>Alicujus.</strong></span> <span class='ocrx_word' id='word_1_401' title='bbox 1187 2098 1256 2130; x_wconf 93' lang='lat' dir='ltr'><strong>Ho.</strong></span> <span class='ocrx_word' id='word_1_402' title='bbox 1280 2098 1314 2129; x_wconf 86' lang='lat' dir='ltr'><strong>Si</strong></span> <span class='ocrx_word' id='word_1_403' title='bbox 1339 2103 1393 2130; x_wconf 90' lang='lat' dir='ltr'><strong>tua</strong></span> <span class='ocrx_word' id='word_1_404' title='bbox 1414 2109 1480 2130; x_wconf 89' lang='lat' dir='ltr'><strong>non</strong></span> <span class='ocrx_word' id='word_1_405' title='bbox 1502 2103 1563 2138; x_wconf 84' lang='lat' dir='ltr'><strong>est,</strong></span> <span class='ocrx_word' id='word_1_406' title='bbox 1585 2099 1713 2132; x_wconf 69' lang='lat' dir='ltr'><strong>alterius</strong></span> 
     </span>
     <span class='ocr_line' id='line_1_35' title="bbox 240 2152 1711 2194; baseline 0.002 -11"><span class='ocrx_word' id='word_1_407' title='bbox 240 2153 340 2184; x_wconf 84' lang='lat' dir='ltr'><strong>inulto</strong></span> <span class='ocrx_word' id='word_1_408' title='bbox 357 2153 472 2185; x_wconf 87' lang='lat' dir='ltr'><strong>minus.</strong></span> <span class='ocrx_word' id='word_1_409' title='bbox 520 2153 607 2184; x_wconf 62' lang='grc' dir='ltr'><strong>ΤΗΣ.</strong></span> <span class='ocrx_word' id='word_1_410' title='bbox 629 2153 735 2185; x_wconf 78' lang='lat' dir='ltr'><strong>Patet.</strong></span> <span class='ocrx_word' id='word_1_411' title='bbox 779 2153 846 2184; x_wconf 91' lang='lat' dir='ltr'><strong>Ho.</strong></span> <span class='ocrx_word' id='word_1_412' title='bbox 869 2153 903 2184; x_wconf 89' lang='lat' dir='ltr'><strong>Si</strong></span> <span class='ocrx_word' id='word_1_413' title='bbox 919 2152 1036 2184; x_wconf 87' lang='lat' dir='ltr'><strong>nullius</strong></span> <span class='ocrx_word' id='word_1_414' title='bbox 1051 2158 1108 2190; x_wconf 86' lang='lat' dir='ltr'><strong>est,</strong></span> <span class='ocrx_word' id='word_1_415' title='bbox 1125 2162 1229 2194; x_wconf 85' lang='lat' dir='ltr'><strong>neque</strong></span> <span class='ocrx_word' id='word_1_416' title='bbox 1241 2152 1341 2184; x_wconf 87' lang='lat' dir='ltr'><strong>oratio</strong></span> <span class='ocrx_word' id='word_1_417' title='bbox 1358 2163 1481 2194; x_wconf 82' lang='lat' dir='ltr'><strong>prorsus</strong></span> <span class='ocrx_word' id='word_1_418' title='bbox 1495 2158 1553 2185; x_wconf 86' lang='lat' dir='ltr'><strong>est.</strong></span> <span class='ocrx_word' id='word_1_419' title='bbox 1569 2163 1642 2186; x_wconf 86' lang='lat' dir='ltr'><strong>nam</strong></span> <span class='ocrx_word' id='word_1_420' title='bbox 1657 2165 1711 2186; x_wconf 83' lang='lat' dir='ltr'><strong>os-</strong></span> 
     </span>
     <span class='ocr_line' id='line_1_36' title="bbox 238 2206 1707 2250; baseline 0.001 -12"><span class='ocrx_word' id='word_1_421' title='bbox 238 2212 360 2238; x_wconf 83' lang='lat' dir='ltr'><strong>tensum</strong></span> <span class='ocrx_word' id='word_1_422' title='bbox 377 2212 424 2238; x_wconf 84' lang='lat' dir='ltr'><strong>est</strong></span> <span class='ocrx_word' id='word_1_423' title='bbox 438 2207 507 2239; x_wconf 86' lang='lat' dir='ltr'><strong>fieri</strong></span> <span class='ocrx_word' id='word_1_424' title='bbox 520 2217 584 2239; x_wconf 91' lang='lat' dir='ltr'><strong>non</strong></span> <span class='ocrx_word' id='word_1_425' title='bbox 602 2218 706 2249; x_wconf 88' lang='lat' dir='ltr'><strong>posse,</strong></span> <span class='ocrx_word' id='word_1_426' title='bbox 722 2212 758 2239; x_wconf 89' lang='lat' dir='ltr'><strong>ut</strong></span> <span class='ocrx_word' id='word_1_427' title='bbox 772 2218 842 2250; x_wconf 85' lang='lat' dir='ltr'><strong>quae</strong></span> <span class='ocrx_word' id='word_1_428' title='bbox 858 2207 957 2238; x_wconf 86' lang='lat' dir='ltr'><strong>oratio</strong></span> <span class='ocrx_word' id='word_1_429' title='bbox 973 2212 1033 2247; x_wconf 88' lang='lat' dir='ltr'><strong>est,</strong></span> <span class='ocrx_word' id='word_1_430' title='bbox 1047 2206 1164 2238; x_wconf 84' lang='lat' dir='ltr'><strong>nullius</strong></span> <span class='ocrx_word' id='word_1_431' title='bbox 1181 2206 1280 2238; x_wconf 88' lang='lat' dir='ltr'><strong>oratio</strong></span> <span class='ocrx_word' id='word_1_432' title='bbox 1293 2207 1343 2239; x_wconf 85' lang='lat' dir='ltr'><strong>sit.</strong></span> <span class='ocrx_word' id='word_1_433' title='bbox 1388 2207 1477 2239; x_wconf 74' lang='lat' dir='ltr'><strong>Tna-</strong></span> <span class='ocrx_word' id='word_1_434' title='bbox 1499 2207 1596 2240; x_wconf 87' lang='lat' dir='ltr'><strong>Scite.</strong></span> <span class='ocrx_word' id='word_1_435' title='bbox 1637 2207 1707 2241; x_wconf 86' lang='lat' dir='ltr'><strong>Ho.</strong></span> 
     </span>
     <span class='ocr_line' id='line_1_37' title="bbox 240 2261 1712 2305; baseline 0.002 -13"><span class='ocrx_word' id='word_1_436' title='bbox 240 2261 324 2304; x_wconf 84' lang='lat' dir='ltr'><strong>Ergo</strong></span> <span class='ocrx_word' id='word_1_437' title='bbox 338 2262 486 2304; x_wconf 87' lang='lat' dir='ltr'><strong>quotiens</strong></span> <span class='ocrx_word' id='word_1_438' title='bbox 502 2263 541 2293; x_wconf 91' lang='lat' dir='ltr'><strong>de</strong></span> <span class='ocrx_word' id='word_1_439' title='bbox 558 2267 588 2293; x_wconf 89' lang='lat' dir='ltr'><strong>tc</strong></span> <span class='ocrx_word' id='word_1_440' title='bbox 605 2262 701 2294; x_wconf 80' lang='lat' dir='ltr'><strong>altera</strong></span> <span class='ocrx_word' id='word_1_441' title='bbox 718 2262 760 2293; x_wconf 89' lang='lat' dir='ltr'><strong>ita</strong></span> <span class='ocrx_word' id='word_1_442' title='bbox 776 2262 996 2304; x_wconf 87' lang='lat' dir='ltr'><strong>praedicantur,</strong></span> <span class='ocrx_word' id='word_1_443' title='bbox 1013 2271 1050 2293; x_wconf 85' lang='lat' dir='ltr'><strong>ac</strong></span> <span class='ocrx_word' id='word_1_444' title='bbox 1066 2261 1091 2292; x_wconf 84' lang='lat' dir='ltr'><strong>si</strong></span> <span class='ocrx_word' id='word_1_445' title='bbox 1104 2261 1214 2293; x_wconf 85' lang='lat' dir='ltr'><strong>eadem</strong></span> <span class='ocrx_word' id='word_1_446' title='bbox 1229 2266 1344 2298; x_wconf 81' lang='lat' dir='ltr'><strong>essent,</strong></span> <span class='ocrx_word' id='word_1_447' title='bbox 1359 2265 1392 2292; x_wconf 87' lang='lat' dir='ltr'><strong>et</strong></span> <span class='ocrx_word' id='word_1_448' title='bbox 1404 2272 1467 2292; x_wconf 89' lang='lat' dir='ltr'><strong>non</strong></span> <span class='ocrx_word' id='word_1_449' title='bbox 1479 2262 1566 2294; x_wconf 73' lang='lat' dir='ltr'><strong>entia</strong></span> <span class='ocrx_word' id='word_1_450' title='bbox 1581 2262 1712 2305; x_wconf 79' lang='lat' dir='ltr'><strong>perinde</strong></span> 
     </span>
     <span class='ocr_line' id='line_1_38' title="bbox 241 2316 1716 2359; baseline 0.001 -12"><span class='ocrx_word' id='word_1_451' title='bbox 241 2327 277 2347; x_wconf 83' lang='lat' dir='ltr'><strong>ac</strong></span> <span class='ocrx_word' id='word_1_452' title='bbox 294 2317 319 2348; x_wconf 88' lang='lat' dir='ltr'><strong>si</strong></span> <span class='ocrx_word' id='word_1_453' title='bbox 334 2316 422 2348; x_wconf 87' lang='lat' dir='ltr'><strong>entia</strong></span> <span class='ocrx_word' id='word_1_454' title='bbox 437 2327 447 2356; x_wconf 91' lang='lat'>;</span> <span class='ocrx_word' id='word_1_455' title='bbox 468 2316 651 2358; x_wconf 87' lang='lat' dir='ltr'><strong>hujusmodi</strong></span> <span class='ocrx_word' id='word_1_456' title='bbox 666 2318 811 2359; x_wconf 84' lang='lat' dir='ltr'><strong>quaedam</strong></span> <span class='ocrx_word' id='word_1_457' title='bbox 827 2328 862 2348; x_wconf 87' lang='lat' dir='ltr'><strong>ex</strong></span> <span class='ocrx_word' id='word_1_458' title='bbox 879 2317 980 2349; x_wconf 84' lang='lat' dir='ltr'><strong>verbis</strong></span> <span class='ocrx_word' id='word_1_459' title='bbox 996 2327 1032 2349; x_wconf 88' lang='lat' dir='ltr'><strong>ac</strong></span> <span class='ocrx_word' id='word_1_460' title='bbox 1047 2316 1228 2349; x_wconf 84' lang='lat' dir='ltr'><strong>nominibus</strong></span> <span class='ocrx_word' id='word_1_461' title='bbox 1243 2316 1429 2358; x_wconf 83' lang='lat' dir='ltr'><strong>compositio</strong></span> <span class='ocrx_word' id='word_1_462' title='bbox 1444 2316 1553 2358; x_wconf 88' lang='lat' dir='ltr'><strong>procul</strong></span> <span class='ocrx_word' id='word_1_463' title='bbox 1566 2317 1664 2349; x_wconf 91' lang='lat' dir='ltr'><strong>dubio</strong></span> <span class='ocrx_word' id='word_1_464' title='bbox 1678 2317 1716 2350; x_wconf 83' lang='lat' dir='ltr'><strong>fit</strong></span> 
     </span>
     <span class='ocr_line' id='line_1_39' title="bbox 243 2371 1715 2414; baseline 0.002 -12"><span class='ocrx_word' id='word_1_465' title='bbox 243 2371 343 2403; x_wconf 85' lang='lat' dir='ltr'><strong>oratio</strong></span> <span class='ocrx_word' id='word_1_466' title='bbox 368 2372 460 2405; x_wconf 79' lang='lat' dir='ltr'><strong>salsa.</strong></span> <span class='ocrx_word' id='word_1_467' title='bbox 505 2372 595 2405; x_wconf 70' lang='lat' dir='ltr'><strong>Tun.</strong></span> <span class='ocrx_word' id='word_1_468' title='bbox 618 2372 702 2404; x_wconf 85' lang='lat' dir='ltr'><strong>Vera</strong></span> <span class='ocrx_word' id='word_1_469' title='bbox 727 2373 897 2404; x_wconf 90' lang='lat' dir='ltr'><strong>admodum</strong></span> <span class='ocrx_word' id='word_1_470' title='bbox 922 2372 1069 2414; x_wconf 89' lang='lat' dir='ltr'><strong>loqueris.</strong></span> <span class='ocrx_word' id='word_1_471' title='bbox 1115 2371 1179 2402; x_wconf 86' lang='lat' dir='ltr'><strong>Ho.</strong></span> <span class='ocrx_word' id='word_1_472' title='bbox 1204 2371 1290 2409; x_wconf 88' lang='lat' dir='ltr'><strong>Quid</strong></span> <span class='ocrx_word' id='word_1_473' title='bbox 1317 2376 1421 2402; x_wconf 85' lang='lat' dir='ltr'><strong>autem</strong></span> <span class='ocrx_word' id='word_1_474' title='bbox 1445 2371 1487 2402; x_wconf 84' lang='lat' dir='ltr'><strong>de</strong></span> <span class='ocrx_word' id='word_1_475' title='bbox 1509 2371 1715 2413; x_wconf 80' lang='lat' dir='ltr'><strong>cogitatione,</strong></span> 
     </span>
     <span class='ocr_line' id='line_1_40' title="bbox 240 2425 1712 2473; baseline 0.001 -17"><span class='ocrx_word' id='word_1_476' title='bbox 240 2425 389 2467; x_wconf 88' lang='lat' dir='ltr'><strong>opinione</strong></span> <span class='ocrx_word' id='word_1_477' title='bbox 405 2431 438 2457; x_wconf 89' lang='lat' dir='ltr'><strong>et</strong></span> <span class='ocrx_word' id='word_1_478' title='bbox 453 2427 616 2468; x_wconf 83' lang='lat' dir='ltr'><strong>phantasia</strong></span> <span class='ocrx_word' id='word_1_479' title='bbox 631 2427 795 2459; x_wconf 86' lang='lat' dir='ltr'><strong>dicemus?</strong></span> <span class='ocrx_word' id='word_1_480' title='bbox 819 2438 925 2459; x_wconf 87' lang='lat' dir='ltr'><strong>nonne</strong></span> <span class='ocrx_word' id='word_1_481' title='bbox 945 2426 1011 2469; x_wconf 84' lang='lat' dir='ltr'><strong>jam</strong></span> <span class='ocrx_word' id='word_1_482' title='bbox 1035 2431 1172 2467; x_wconf 74' lang='lat' dir='ltr'><strong>constat,</strong></span> <span class='ocrx_word' id='word_1_483' title='bbox 1195 2426 1281 2473; x_wconf 69' lang='lat' dir='ltr'><strong>guod</strong></span> <span class='ocrx_word' id='word_1_484' title='bbox 1304 2426 1371 2457; x_wconf 78' lang='lat' dir='ltr'><strong>haec</strong></span> <span class='ocrx_word' id='word_1_485' title='bbox 1395 2425 1500 2456; x_wconf 87' lang='lat' dir='ltr'><strong>omnia</strong></span> <span class='ocrx_word' id='word_1_486' title='bbox 1515 2436 1629 2467; x_wconf 76' lang='lat' dir='ltr'><strong>genera</strong></span> <span class='ocrx_word' id='word_1_487' title='bbox 1644 2431 1712 2462; x_wconf 84' lang='lat' dir='ltr'><strong>tum</strong></span> 
     </span>
     <span class='ocr_line' id='line_1_41' title="bbox 241 2479 1713 2517; baseline 0.001 -7"><span class='ocrx_word' id='word_1_488' title='bbox 241 2488 312 2511; x_wconf 79' lang='lat' dir='ltr'><strong>vera</strong></span> <span class='ocrx_word' id='word_1_489' title='bbox 328 2480 393 2511; x_wconf 83' lang='lat' dir='ltr'><strong>tum</strong></span> <span class='ocrx_word' id='word_1_490' title='bbox 410 2480 488 2512; x_wconf 84' lang='lat' dir='ltr'><strong>falsa</strong></span> <span class='ocrx_word' id='word_1_491' title='bbox 503 2480 535 2512; x_wconf 88' lang='lat' dir='ltr'><strong>in</strong></span> <span class='ocrx_word' id='word_1_492' title='bbox 552 2481 664 2512; x_wconf 87' lang='lat' dir='ltr'><strong>animis</strong></span> <span class='ocrx_word' id='word_1_493' title='bbox 679 2482 792 2513; x_wconf 85' lang='lat' dir='ltr'><strong>nostris</strong></span> <span class='ocrx_word' id='word_1_494' title='bbox 814 2481 1014 2513; x_wconf 86' lang='lat' dir='ltr'><strong>efficiuntur?</strong></span> <span class='ocrx_word' id='word_1_495' title='bbox 1058 2480 1147 2512; x_wconf 71' lang='lat' dir='ltr'><strong>Tria.</strong></span> <span class='ocrx_word' id='word_1_496' title='bbox 1169 2480 1242 2517; x_wconf 88' lang='lat' dir='ltr'><strong>Qua</strong></span> <span class='ocrx_word' id='word_1_497' title='bbox 1262 2479 1406 2511; x_wconf 84' lang='lat' dir='ltr'><strong>ratione?</strong></span> <span class='ocrx_word' id='word_1_498' title='bbox 1450 2479 1518 2512; x_wconf 88' lang='lat' dir='ltr'><strong>Ho.</strong></span> <span class='ocrx_word' id='word_1_499' title='bbox 1542 2479 1596 2512; x_wconf 82' lang='lat' dir='ltr'><strong>Sic</strong></span> <span class='ocrx_word' id='word_1_500' title='bbox 1618 2480 1713 2513; x_wconf 87' lang='lat' dir='ltr'><strong>intel-</strong></span> 
     </span>
     <span class='ocr_line' id='line_1_42' title="bbox 241 2533 1715 2578; baseline 0.001 -13"><span class='ocrx_word' id='word_1_501' title='bbox 241 2533 318 2575; x_wconf 83' lang='lat' dir='ltr'><strong>liges</strong></span> <span class='ocrx_word' id='word_1_502' title='bbox 334 2534 438 2571; x_wconf 79' lang='lat' dir='ltr'><strong>facile,</strong></span> <span class='ocrx_word' id='word_1_503' title='bbox 455 2534 480 2565; x_wconf 86' lang='lat' dir='ltr'><strong>si</strong></span> <span class='ocrx_word' id='word_1_504' title='bbox 497 2534 581 2576; x_wconf 80' lang='lat' dir='ltr'><strong>p&#39;rius</strong></span> <span class='ocrx_word' id='word_1_505' title='bbox 598 2536 673 2577; x_wconf 92' lang='lat' dir='ltr'><strong>quid</strong></span> <span class='ocrx_word' id='word_1_506' title='bbox 691 2537 939 2578; x_wconf 90' lang='lat' dir='ltr'><strong>unumquodque</strong></span> <span class='ocrx_word' id='word_1_507' title='bbox 954 2536 1084 2568; x_wconf 81' lang='lat' dir='ltr'><strong>istorum</strong></span> <span class='ocrx_word' id='word_1_508' title='bbox 1096 2534 1148 2571; x_wconf 79' lang='lat' dir='ltr'><strong>sit,</strong></span> <span class='ocrx_word' id='word_1_509' title='bbox 1162 2545 1265 2577; x_wconf 88' lang='lat' dir='ltr'><strong>quove</strong></span> <span class='ocrx_word' id='word_1_510' title='bbox 1277 2534 1360 2566; x_wconf 87' lang='lat' dir='ltr'><strong>inter</strong></span> <span class='ocrx_word' id='word_1_511' title='bbox 1373 2545 1406 2566; x_wconf 85' lang='lat' dir='ltr'><strong>se</strong></span> <span class='ocrx_word' id='word_1_512' title='bbox 1422 2533 1544 2576; x_wconf 81' lang='lat' dir='ltr'><strong>singula</strong></span> <span class='ocrx_word' id='word_1_513' title='bbox 1555 2534 1715 2574; x_wconf 72' lang='lat' dir='ltr'><strong>differant,</strong></span> 
     </span>
     <span class='ocr_line' id='line_1_43' title="bbox 239 2588 1711 2632; baseline 0.002 -14"><span class='ocrx_word' id='word_1_514' title='bbox 239 2588 410 2629; x_wconf 85' lang='lat' dir='ltr'><strong>acceperis.</strong></span> <span class='ocrx_word' id='word_1_515' title='bbox 457 2589 546 2622; x_wconf 76' lang='lat' dir='ltr'><strong>Tua.</strong></span> <span class='ocrx_word' id='word_1_516' title='bbox 570 2590 657 2622; x_wconf 83' lang='lat' dir='ltr'><strong>Dato</strong></span> <span class='ocrx_word' id='word_1_517' title='bbox 683 2591 789 2623; x_wconf 88' lang='lat' dir='ltr'><strong>modo.</strong></span> <span class='ocrx_word' id='word_1_518' title='bbox 835 2591 899 2622; x_wconf 92' lang='lat' dir='ltr'><strong>Ho.</strong></span> <span class='ocrx_word' id='word_1_519' title='bbox 922 2589 1040 2622; x_wconf 88' lang='lat' dir='ltr'><strong>Nonne</strong></span> <span class='ocrx_word' id='word_1_520' title='bbox 1061 2589 1211 2632; x_wconf 85' lang='lat' dir='ltr'><strong>cogitatio</strong></span> <span class='ocrx_word' id='word_1_521' title='bbox 1238 2594 1270 2620; x_wconf 90' lang='lat' dir='ltr'><strong>et</strong></span> <span class='ocrx_word' id='word_1_522' title='bbox 1291 2588 1389 2620; x_wconf 83' lang='lat' dir='ltr'><strong>oratio</strong></span> <span class='ocrx_word' id='word_1_523' title='bbox 1415 2588 1523 2620; x_wconf 82' lang='lat' dir='ltr'><strong>idem?</strong></span> <span class='ocrx_word' id='word_1_524' title='bbox 1545 2588 1606 2620; x_wconf 85' lang='lat' dir='ltr'><strong>nisi</strong></span> <span class='ocrx_word' id='word_1_525' title='bbox 1623 2589 1711 2632; x_wconf 79' lang='lat' dir='ltr'><strong>quod</strong></span> 
     </span>
     <span class='ocr_line' id='line_1_44' title="bbox 240 2642 1714 2687; baseline 0.002 -15"><span class='ocrx_word' id='word_1_526' title='bbox 240 2642 391 2684; x_wconf 78' lang='lat' dir='ltr'><strong>cogitatio</strong></span> <span class='ocrx_word' id='word_1_527' title='bbox 418 2643 535 2675; x_wconf 79' lang='lat' dir='ltr'><strong>dicitur</strong></span> <span class='ocrx_word' id='word_1_528' title='bbox 555 2643 611 2676; x_wconf 89' lang='lat' dir='ltr'><strong>illa</strong></span> <span class='ocrx_word' id='word_1_529' title='bbox 635 2645 705 2687; x_wconf 89' lang='lat' dir='ltr'><strong>ipsa</strong></span> <span class='ocrx_word' id='word_1_530' title='bbox 731 2645 797 2677; x_wconf 88' lang='lat' dir='ltr'><strong>sine</strong></span> <span class='ocrx_word' id='word_1_531' title='bbox 821 2646 953 2687; x_wconf 88' lang='lat' dir='ltr'><strong>strepitu</strong></span> <span class='ocrx_word' id='word_1_532' title='bbox 968 2644 1055 2676; x_wconf 75' lang='lat' dir='ltr'><strong>vocis</strong></span> <span class='ocrx_word' id='word_1_533' title='bbox 1077 2644 1206 2676; x_wconf 89' lang='lat' dir='ltr'><strong>interior</strong></span> <span class='ocrx_word' id='word_1_534' title='bbox 1231 2643 1415 2681; x_wconf 81' lang='lat' dir='ltr'><strong>collocutio,</strong></span> <span class='ocrx_word' id='word_1_535' title='bbox 1429 2648 1493 2685; x_wconf 73' lang='lat' dir='ltr'><strong>qua</strong></span> <span class='ocrx_word' id='word_1_536' title='bbox 1507 2653 1575 2675; x_wconf 82' lang='lat' dir='ltr'><strong>sose</strong></span> <span class='ocrx_word' id='word_1_537' title='bbox 1589 2643 1714 2676; x_wconf 75' lang='lat' dir='ltr'><strong>animus</strong></span> 
     </span>
     <span class='ocr_line' id='line_1_45' title="bbox 240 2697 1714 2742; baseline 0.001 -15"><span class='ocrx_word' id='word_1_538' title='bbox 240 2700 346 2728; x_wconf 75' lang='lat' dir='ltr'><strong>noster</strong></span> <span class='ocrx_word' id='word_1_539' title='bbox 361 2697 540 2740; x_wconf 85' lang='lat' dir='ltr'><strong>alloquitur.</strong></span> <span class='ocrx_word' id='word_1_540' title='bbox 584 2699 673 2732; x_wconf 73' lang='lat' dir='ltr'><strong>Tne.</strong></span> <span class='ocrx_word' id='word_1_541' title='bbox 697 2700 841 2733; x_wconf 85' lang='lat' dir='ltr'><strong>Penitus.</strong></span> <span class='ocrx_word' id='word_1_542' title='bbox 886 2700 953 2732; x_wconf 87' lang='lat' dir='ltr'><strong>Ho.</strong></span> <span class='ocrx_word' id='word_1_543' title='bbox 975 2699 1038 2731; x_wconf 83' lang='lat' dir='ltr'><strong>Sed</strong></span> <span class='ocrx_word' id='word_1_544' title='bbox 1053 2709 1110 2742; x_wconf 88' lang='lat' dir='ltr'><strong>per</strong></span> <span class='ocrx_word' id='word_1_545' title='bbox 1126 2710 1161 2731; x_wconf 88' lang='lat' dir='ltr'><strong>os</strong></span> <span class='ocrx_word' id='word_1_546' title='bbox 1178 2699 1308 2731; x_wconf 85' lang='lat' dir='ltr'><strong>effluxus</strong></span> <span class='ocrx_word' id='word_1_547' title='bbox 1323 2697 1508 2741; x_wconf 83' lang='lat' dir='ltr'><strong>prolationis</strong></span> <span class='ocrx_word' id='word_1_548' title='bbox 1519 2697 1560 2729; x_wconf 78' lang='lat' dir='ltr'><strong>ab</strong></span> <span class='ocrx_word' id='word_1_549' title='bbox 1574 2697 1629 2729; x_wconf 77' lang='lat' dir='ltr'><strong>illa</strong></span> <span class='ocrx_word' id='word_1_550' title='bbox 1643 2707 1714 2729; x_wconf 85' lang='lat' dir='ltr'><strong>ora-</strong></span> 
     </span>
     <span class='ocr_line' id='line_1_46' title="bbox 239 2750 1713 2793; baseline 0.002 -12"><span class='ocrx_word' id='word_1_551' title='bbox 239 2750 283 2782; x_wconf 90' lang='lat' dir='ltr'><strong>tio</strong></span> <span class='ocrx_word' id='word_1_552' title='bbox 296 2758 508 2793; x_wconf 85' lang='lat' dir='ltr'><strong>nuncupatur.</strong></span> <span class='ocrx_word' id='word_1_553' title='bbox 552 2753 640 2785; x_wconf 63' lang='lat' dir='ltr'><strong>Tan.</strong></span> <span class='ocrx_word' id='word_1_554' title='bbox 664 2754 794 2786; x_wconf 86' lang='lat' dir='ltr'><strong>Verum.</strong></span> <span class='ocrx_word' id='word_1_555' title='bbox 839 2754 906 2787; x_wconf 92' lang='lat' dir='ltr'><strong>Ho.</strong></span> <span class='ocrx_word' id='word_1_556' title='bbox 930 2753 1018 2792; x_wconf 86' lang='lat' dir='ltr'><strong>Quin</strong></span> <span class='ocrx_word' id='word_1_557' title='bbox 1032 2754 1126 2786; x_wconf 86' lang='lat' dir='ltr'><strong>etiarn</strong></span> <span class='ocrx_word' id='word_1_558' title='bbox 1143 2755 1176 2785; x_wconf 92' lang='lat' dir='ltr'><strong>in</strong></span> <span class='ocrx_word' id='word_1_559' title='bbox 1193 2754 1334 2785; x_wconf 86' lang='lat' dir='ltr'><strong>oratione</strong></span> <span class='ocrx_word' id='word_1_560' title='bbox 1350 2754 1409 2784; x_wconf 84' lang='lat' dir='ltr'><strong>boc</strong></span> <span class='ocrx_word' id='word_1_561' title='bbox 1425 2751 1713 2784; x_wconf 83' lang='lat' dir='ltr'><strong>animadvertimus.</strong></span> 
     </span>
     <span class='ocr_line' id='line_1_47' title="bbox 237 2804 1707 2851; baseline 0 -15"><span class='ocrx_word' id='word_1_562' title='bbox 237 2804 324 2837; x_wconf 72' lang='lat' dir='ltr'><strong>Tua.</strong></span> <span class='ocrx_word' id='word_1_563' title='bbox 348 2806 462 2844; x_wconf 86' lang='lat' dir='ltr'><strong>Quid?</strong></span> <span class='ocrx_word' id='word_1_564' title='bbox 505 2807 573 2840; x_wconf 76' lang='lat' dir='ltr'><strong>Ho.</strong></span> <span class='ocrx_word' id='word_1_565' title='bbox 596 2807 855 2847; x_wconf 82' lang='lat' dir='ltr'><strong>Affirmationem,</strong></span> <span class='ocrx_word' id='word_1_566' title='bbox 872 2809 1012 2851; x_wconf 85' lang='lat' dir='ltr'><strong>inquam,</strong></span> <span class='ocrx_word' id='word_1_567' title='bbox 1036 2813 1069 2840; x_wconf 90' lang='lat' dir='ltr'><strong>et</strong></span> <span class='ocrx_word' id='word_1_568' title='bbox 1092 2809 1306 2851; x_wconf 81' lang='lat' dir='ltr'><strong>negationem.</strong></span> <span class='ocrx_word' id='word_1_569' title='bbox 1350 2807 1438 2838; x_wconf 64' lang='lat' dir='ltr'><strong>Tmz.</strong></span> <span class='ocrx_word' id='word_1_570' title='bbox 1459 2805 1596 2847; x_wconf 83' lang='lat' dir='ltr'><strong>Nempe.</strong></span> <span class='ocrx_word' id='word_1_571' title='bbox 1640 2804 1707 2837; x_wconf 78' lang='lat'><strong>110.</strong></span> 
     </span>
     <span class='ocr_line' id='line_1_48' title="bbox 239 2859 1707 2906; baseline 0 -16"><span class='ocrx_word' id='word_1_572' title='bbox 239 2859 377 2897; x_wconf 78' lang='lat' dir='ltr'><strong>Quando</strong></span> <span class='ocrx_word' id='word_1_573' title='bbox 392 2860 485 2902; x_wconf 87' lang='lat' dir='ltr'><strong>igitur</strong></span> <span class='ocrx_word' id='word_1_574' title='bbox 500 2861 559 2892; x_wconf 83' lang='lat' dir='ltr'><strong>hoc</strong></span> <span class='ocrx_word' id='word_1_575' title='bbox 573 2861 607 2892; x_wconf 91' lang='lat' dir='ltr'><strong>in</strong></span> <span class='ocrx_word' id='word_1_576' title='bbox 624 2862 727 2894; x_wconf 88' lang='lat' dir='ltr'><strong>anima</strong></span> <span class='ocrx_word' id='word_1_577' title='bbox 750 2863 847 2906; x_wconf 78' lang='lat'>[264]</span> <span class='ocrx_word' id='word_1_578' title='bbox 874 2874 928 2906; x_wconf 89' lang='lat' dir='ltr'><strong>per</strong></span> <span class='ocrx_word' id='word_1_579' title='bbox 942 2863 1165 2906; x_wconf 83' lang='lat' dir='ltr'><strong>cogitationem</strong></span> <span class='ocrx_word' id='word_1_580' title='bbox 1182 2862 1306 2894; x_wconf 85' lang='lat' dir='ltr'><strong>silentio</strong></span> <span class='ocrx_word' id='word_1_581' title='bbox 1322 2862 1366 2899; x_wconf 78' lang='lat' dir='ltr'><strong>fit,</strong></span> <span class='ocrx_word' id='word_1_582' title='bbox 1380 2865 1525 2903; x_wconf 85' lang='lat' dir='ltr'><strong>potestne</strong></span> <span class='ocrx_word' id='word_1_583' title='bbox 1535 2859 1597 2891; x_wconf 84' lang='lat' dir='ltr'><strong>alio</strong></span> <span class='ocrx_word' id='word_1_584' title='bbox 1612 2869 1707 2902; x_wconf 83' lang='lat' dir='ltr'><strong>quam</strong></span> 
     </span>
     <span class='ocr_line' id='line_1_49' title="bbox 239 2913 1709 2960; baseline 0.001 -16"><span class='ocrx_word' id='word_1_585' title='bbox 239 2913 398 2955; x_wconf 84' lang='lat' dir='ltr'><strong>opinionis</strong></span> <span class='ocrx_word' id='word_1_586' title='bbox 413 2914 540 2947; x_wconf 87' lang='lat' dir='ltr'><strong>nomine</strong></span> <span class='ocrx_word' id='word_1_587' title='bbox 556 2917 729 2958; x_wconf 81' lang='lat' dir='ltr'><strong>nuncupari</strong></span> <span class='ocrx_word' id='word_1_588' title='bbox 744 2918 755 2948; x_wconf 72' lang='grc' dir='ltr'><strong><em>ἓ</em></strong></span> <span class='ocrx_word' id='word_1_589' title='bbox 800 2918 887 2950; x_wconf 67' lang='lat' dir='ltr'><strong>Tne.</strong></span> <span class='ocrx_word' id='word_1_590' title='bbox 912 2917 1134 2960; x_wconf 82' lang='lat' dir='ltr'><strong>Nequaquam.</strong></span> <span class='ocrx_word' id='word_1_591' title='bbox 1181 2916 1247 2949; x_wconf 83' lang='lat' dir='ltr'><strong>Ho.</strong></span> <span class='ocrx_word' id='word_1_592' title='bbox 1271 2915 1359 2953; x_wconf 90' lang='lat' dir='ltr'><strong>Quid</strong></span> <span class='ocrx_word' id='word_1_593' title='bbox 1377 2914 1472 2946; x_wconf 84' lang='lat' dir='ltr'><strong>vero?</strong></span> <span class='ocrx_word' id='word_1_594' title='bbox 1495 2923 1566 2946; x_wconf 90' lang='lat' dir='ltr'><strong>curn</strong></span> <span class='ocrx_word' id='word_1_595' title='bbox 1577 2923 1640 2945; x_wconf 87' lang='lat' dir='ltr'><strong>non</strong></span> <span class='ocrx_word' id='word_1_596' title='bbox 1651 2924 1709 2956; x_wconf 80' lang='lat' dir='ltr'><strong>per</strong></span> 
     </span>
     <span class='ocr_line' id='line_1_50' title="bbox 238 2967 1708 3015; baseline 0.001 -16"><span class='ocrx_word' id='word_1_597' title='bbox 238 2968 349 3009; x_wconf 80' lang='lat' dir='ltr'><strong>ipsam,</strong></span> <span class='ocrx_word' id='word_1_598' title='bbox 368 2969 423 3001; x_wconf 89' lang='lat' dir='ltr'><strong>scd</strong></span> <span class='ocrx_word' id='word_1_599' title='bbox 440 2980 495 3012; x_wconf 85' lang='lat' dir='ltr'><strong>per</strong></span> <span class='ocrx_word' id='word_1_600' title='bbox 509 2981 633 3003; x_wconf 78' lang='lat' dir='ltr'><strong>sensum</strong></span> <span class='ocrx_word' id='word_1_601' title='bbox 656 2981 758 3004; x_wconf 85' lang='lat' dir='ltr'><strong>rursus</strong></span> <span class='ocrx_word' id='word_1_602' title='bbox 785 2972 854 3004; x_wconf 82' lang='lat' dir='ltr'><strong>talis</strong></span> <span class='ocrx_word' id='word_1_603' title='bbox 880 2972 984 3015; x_wconf 82' lang='lat' dir='ltr'><strong>passio</strong></span> <span class='ocrx_word' id='word_1_604' title='bbox 1009 2971 1139 3012; x_wconf 83' lang='lat' dir='ltr'><strong>accidit,</strong></span> <span class='ocrx_word' id='word_1_605' title='bbox 1156 2975 1302 3014; x_wconf 77' lang='lat' dir='ltr'><strong>potestne</strong></span> <span class='ocrx_word' id='word_1_606' title='bbox 1327 2969 1416 3002; x_wconf 78' lang='lat' dir='ltr'><strong>aliter</strong></span> <span class='ocrx_word' id='word_1_607' title='bbox 1431 2978 1525 3012; x_wconf 84' lang='lat' dir='ltr'><strong>quam</strong></span> <span class='ocrx_word' id='word_1_608' title='bbox 1542 2967 1708 3011; x_wconf 78' lang='lat' dir='ltr'><strong>phantasia</strong></span> 
     </span>
    </p>
   </div>
  </div>
 </body>
</html>
