1846 3268
219 291 321 345 182]
789 288 1120 330 coNvlva.
1608 292 1691 329 403

222 397 354 440 agimus,
367 400 486 438 bibere,
501 409 625 438 canere,
641 397 815 441 disputare.
836 399 958 430 nullum
977 410 1015 430 ex
1039 399 1088 430 his
1111 409 1143 429 se
1159 397 1226 439 ipso
1251 400 1340 439 turpe
1356 396 1403 428 vel
1420 397 1584 428 honestum
1599 408 1607 428 ι
1631 397 1687 428 sed

221 453 337 494 agendi
354 454 465 485 modus
477 454 593 485 actioni
611 457 728 486 certum
754 453 862 484 tribui-t
886 457 1141 495 cognomentum.
1166 452 1253 494 quod
1270 451 1352 483 enim
1368 452 1448 482 bene
1462 456 1608 492 recteque
1622 450 1689 492 agi-

221 510 281 545 tur,
297 509 481 547 honestum;
504 509 590 551 quod
607 518 671 539 non
694 512 790 547 recte,
816 513 906 550 turpe
923 507 1061 539 resultat.
1106 506 1225 537 Eadem
1242 505 1362 537 ratione
1377 514 1440 536 non
1457 503 1590 546 quilibet
1604 514 1689 535 amor

221 566 254 592 et
264 562 365 604 quivis
380 562 504 594 amandi
521 563 632 594 modus
657 563 807 593 honestus
830 567 878 594 est
901 568 934 594 et
955 561 1155 593 laudandus:
1178 561 1273 591 immo
1299 560 1353 591 ille
1379 559 1474 596 solus,
1489 559 1544 601 qui
1558 559 1689 590 honeste

221 624 323 647 amare
346 625 404 647 nos
429 617 620 649 exhortatur.
664 615 790 648 Etenim
806 616 941 658 vulgaris
966 615 1202 657 communisque
1219 614 1351 646 Veneris
1376 624 1462 645 amor
1475 623 1579 645 revera
1595 618 1643 644 est
1657 618 1690 644 et

219 669 288 711 ipse
300 669 449 712 vulgaris,
466 676 510 713 et,
532 672 746 713 quodcunque
769 671 935 712 contingit,
958 670 1092 712 peragit.
1140 669 1247 711 Atque
1262 669 1288 699 is
1302 672 1360 705 est,
1375 678 1439 710 quo
1454 667 1541 709 pravi
1557 666 1689 708 abjecti—

221 734 284 765 que
300 724 442 756 homines
456 730 573 758 amant.
597 730 705 756 amant
730 735 820 766 porro
846 724 978 755 feminas
1002 734 1066 754 non
1091 722 1193 753 minus
1214 732 1307 764 quam
1328 721 1492 758 masc'ulos,
1509 725 1541 751 et
1559 730 1690 762 corpora

220 778 318 818 magis
334 788 426 820 quam
443 778 576 816 animos,
592 784 624 811 et
636 779 702 820 sine
719 785 823 810 mente
839 778 980 810 homines
996 777 1103 819 potius
1127 787 1220 819 quam
1238 777 1419 818 prudentes.
1442 775 1480 805 ad
1497 774 1688 816 explendum

220 839 294 862 sane
311 831 500 863 de-iderium
518 832 660 863 inhiant:
685 833 815 863 honeste
827 841 913 869 vero,
929 842 1041 868 necne,
1057 830 1216 873 expleam,
1228 830 1355 861 omnino
1371 839 1436 860 non
1451 833 1571 861 curant.
1615 828 1689 865 Quo

220 883 267 921 fit,
281 890 329 925 ut,
345 887 556 928 quodcunque
572 897 635 918 sors
651 886 712 918 illis
728 886 831 923 offert,
847 890 1070 928 exsequantur,
1085 890 1118 916 et
1145 885 1259 916 bonum
1281 884 1423 915 similiter
1451 889 1545 925 atque
1560 882 1687 913 malum.

219 938 352 970 affectus
368 940 450 971 enim
466 940 648 982 hujusmodi
669 951 687 971 a
701 940 826 972 Venere
849 940 902 971 illa
919 939 1046 981 juniore
1071 945 1104 970 et
1127 939 1286 980 utriusque
1309 949 1400 970 sexus
1427 938 1459 968 in
1484 938 1688 980 generatione

219 991 372 1033 participe
389 993 526 1034 profluit.
571 993 672 1025 Amor
686 998 802 1030 autem,
817 993 871 1035 qui
887 993 1044 1025 coelestem
1056 992 1195 1034 sequitur
1206 993 1372 1030 Venerem,
1386 1003 1457 1034 qum
1469 1003 1532 1023 non
1545 991 1687 1030 feminei,

224 1046 278 1076 sed
297 1047 424 1078 masculi
442 1052 561 1078 tantum
587 1058 677 1079 sexus
694 1047 726 1078 in
742 1047 942 1089 generatione
957 1055 1005 1079 est
1028 1047 1197 1089 particeps,
1212 1047 1282 1089 ipse
1298 1058 1424 1090 quoque
1440 1056 1538 1088 genus
1560 1044 1689 1087 respicit

222 1100 413 1131 masculum:
439 1101 566 1139 deinde,
583 1102 731 1143 quoniam
747 1102 931 1143 antiquioris
948 1101 1078 1133 Veneris
1099 1101 1286 1144 pudicaeque
1300 1106 1349 1132 est
1372 1111 1490 1138 comes,
1505 1105 1537 1131 et
1551 1099 1619 1141 ipse
1631 1110 1688 1141 pe-

220 1152 361 1185 tulantias
377 1155 479 1186 omnis
493 1160 541 1186 est
555 1166 674 1197 expers.
721 1155 879 1194 Quocirca
905 1156 1086 1198 quicunque
1109 1166 1213 1188 amore
1236 1157 1297 1187 hoc
1321 1154 1466 1196 inspirati
1489 1159 1572 1190 sunt,
1589 1163 1688 1195 genus

221 1208 407 1251 masculum,
423 1215 535 1240 natura
555 1210 712 1241 robustius
735 1217 767 1241 ct
789 1211 969 1252 generosius
996 1215 1028 1241 et
1053 1210 1167 1241 mentis
1191 1210 1289 1251 magis
1305 1209 1471 1251 particeps,
1487 1208 1632 1249 diligunt·
1656 1212 1689 1238 et

219 1260 276 1302 qui
291 1271 394 1293 amore
409 1263 471 1294 hoc
487 1263 605 1295 sincere
619 1264 820 1306 perfecteque
836 1269 909 1295 sunt
925 1264 1018 1305 rapti,
1033 1275 1070 1295 ex
1087 1265 1146 1295 hoc
1170 1264 1332 1305 perspicue
1347 1263 1584 1305 dignoscuntur,
1600 1261 1686 1303 quod

219 1324 333 1355 pueros
348 1326 412 1347 non
428 1322 545 1355 amant,
561 1318 615 1348 sed
641 1317 869 1359 adolescentes,
884 1328 955 1349 cum
979 1323 1082 1348 mente
1098 1317 1199 1348 valere
1223 1316 1290 1358 jam
1311 1316 1482 1358 coeperint:
1507 1314 1689 1356 hujusmodi

217 1379 291 1399 vero
307 1380 405 1410 genus
417 1371 597 1402 exercendae.
613 1370 710 1401 menti
728 1370 936 1412 propinquius
960 1376 1019 1407 est,
1043 1370 1082 1400 ad
1110 1380 1242 1411 eamque
1267 1370 1471 1401 exercendam
1497 1368 1688 1400 famiiiaritas

217 1422 299 1453 inter
312 1422 384 1453 illos
398 1423 506 1455 initur.
531 1424 630 1465 parati
645 1423 728 1455 enim
745 1430 831 1465 sunt,
846 1424 987 1461 arbitror,
1004 1424 1056 1465 qui
1071 1423 1113 1455 sic
1131 1434 1232 1455 amare
1247 1423 1414 1466 incipiunt,
1432 1433 1487 1464 per
1499 1433 1623 1454 omnem
1639 1422 1687 1453 vi·

217 1481 280 1507 tam
297 1476 387 1507 simul
404 1481 437 1508 et
451 1477 656 1509 communiter
674 1477 786 1514 vivere,
802 1488 905 1519 neque
922 1482 1058 1508 amatum
1074 1477 1232 1519 decipere,
1247 1488 1350 1520 neque
1371 1477 1411 1508 ab
1426 1487 1491 1508 uno
1505 1476 1543 1507 in‘
1556 1475 1686 1507 alterum

190 1546 195 1549 -
216 1530 384 1561 amandum
410 1531 515 1562 abire:
539 1542 643 1573 neque
665 1531 750 1563 enim
776 1541 888 1573 pueros
910 1531 1014 1562 adhuc
1038 1531 1149 1562 mentis
1171 1537 1313 1573 expertes
1335 1536 1451 1568 amant,
1468 1541 1546 1572 quos
1568 1530 1686 1561 deinde

216 1584 355 1615 exoletos
370 1584 518 1616 irrideant
532 1591 564 1616 et
579 1586 766 1628 reiinquant.
813 1585 982 1628 Oporteret
1006 1590 1110 1617 autem
1137 1584 1259 1626 iegibus
1274 1584 1450 1615 institutum
1467 1595 1546 1621 esse,
1558 1594 1599 1615 ne
1615 1584 1686 1626 quis

217 1648 332 1679 pueros
348 1642 444 1675 amet,
459 1649 500 1670 ne
513 1638 547 1669 in
562 1649 594 1671 re
617 1640 765 1682 ambigua
779 1639 892 1670 frustra
916 1643 1038 1670 tantum
1061 1637 1197 1670 studium
1221 1643 1399 1681 poneretur.
1423 1638 1574 1670 incertum
1601 1637 1684 1669 enim

215 1696 275 1730 est,
291 1703 354 1734 quo
369 1698 425 1724 aut
438 1703 551 1735 corpus
566 1698 622 1725 aut
636 1694 741 1725 anima
757 1704 934 1735 puerorum,
957 1697 1021 1724 tam
1044 1693 1217 1724 secundum
1233 1693 1377 1724 virtutem
1401 1703 1495 1735 quam
1510 1693 1683 1724 secundum

214 1745 337 1784 vitium,
355 1752 511 1788 postremo
539 1748 697 1781 deveniat.
744 1747 840 1779 Probi
856 1748 983 1790 quidem
999 1747 1055 1778 viri
1072 1747 1173 1789 legem
1188 1748 1269 1779 hanc
1285 1747 1342 1778 sibi
1355 1746 1417 1789 ipsi
1431 1752 1544 1789 sponte
1561 1757 1683 1788 praepo-

215 1805 304 1831 nunt.
327 1806 452 1842 oportet
466 1813 593 1844 quoque
605 1802 707 1834 eidem
722 1801 786 1844 legi
800 1802 942 1843 vulgares
958 1806 1121 1838 amatores,
1137 1800 1279 1832 adhibita
1293 1800 1489 1837 necessitate,
1502 1799 1657 1842 subjicere
1672 1810 1682 1832 ε

213 1854 478 1894 quemadmodum
494 1856 563 1887 illos
585 1867 642 1899 pro
657 1855 772 1887 viribus
787 1866 890 1887 amare
906 1856 1049 1887 mulieres
1066 1855 1178 1887 liberas
1201 1855 1413 1897 prohibemus.
1437 1854 1533 1897 [182]
1554 1853 1588 1885 hi
1603 1864 1683 1885 nan-

214 1917 276 1948 que
291 1913 375 1947 sunt,
390 1909 444 1950 qui
459 1909 494 1940 in
509 1908 686 1951 turpissima
701 1919 835 1951 quaeque
851 1909 1008 1943 labuntur.
1031 1909 1117 1940 unde
1134 1914 1202 1940 orta
1223 1913 1273 1941 est
1293 1909 1418 1940 illorum
1441 1908 1611 1946 sententia,
1626 1908 1683 1950 qui

214 1965 305 2002 turpe
330 1962 419 1994 aiunt
444 1962 634 1994 amatoribus
659 1963 801 2005 obsequi.
824 1963 858 1994 hi
871 1973 945 1995 vero
961 1963 1002 1995 de
1017 1963 1197 2004 vulgaribus
1212 1963 1401 1994 amatoribus
1417 1963 1476 1994 ista
1499 1962 1681 2005 loquuntur,

212 2015 286 2056 quia
303 2015 569 2058 importunitatem
585 2016 834 2060 injustitiamque
848 2016 973 2048 illorum
989 2022 1165 2060 agnoscunt
1189 2022 1222 2049 et
1247 2017 1437 2059 improbant.
1460 2016 1539 2048 nihil
1564 2021 1682 2055 autem,

212 2069 298 2110 quod
315 2071 455 2102 modeste
470 2075 503 2102 et
517 2071 655 2113 legitime
670 2071 717 2109 fit,
730 2071 907 2113 vituperare
922 2072 1028 2105 decet.
1073 2071 1139 2103 Lex
1156 2071 1265 2113 utique
1281 2072 1321 2103 de
1333 2082 1447 2109 amore,
1460 2071 1491 2102 in
1504 2070 1684 2102 civitatibus

211 2122 281 2154 aliis
307 2123 463 2166 instituta,
478 2124 642 2157 intellectu
657 2125 760 2158 facilis
776 2131 836 2164 est,
851 2126 1000 2168 quoniam
1027 2126 1210 2168 simpliciter
1225 2126 1356 2156 traditur
1370 2137 1378 2157 :
1403 2126 1488 2167 apud
1505 2135 1562 2156 nos
1577 2131 1682 2156 autem

211 2181 244 2206 et
260 2176 519 2210 Lacedaemonios
534 2179 619 2210 varia
633 2185 745 2211 exstat.
789 2179 829 2211 In
851 2179 944 2211 Elide
968 2190 1103 2222 namque
1126 2184 1159 2210 et
1175 2180 1258 2221 apud
1271 2179 1424 2216 Boeotios,
1437 2184 1470 2211 et
1484 2179 1539 2210 ubi
1553 2179 1683 2210 dicendi

211 2235 276 2261 arte
289 2231 430 2262 homines
441 2238 560 2274 carent,
570 2233 755 2276 simpliciter
770 2233 839 2275 lege
857 2239 1005 2265 statutum
1022 2240 1081 2275 est,
1092 2244 1208 2265 morem
1224 2233 1400 2265 amantibus
1409 2243 1476 2264 esse
1488 2233 1658 2275 gerendum
1671 2244 1681 2265 t

212 2294 270 2315 nec
286 2285 370 2326 apud
389 2296 444 2316 eos
461 2286 625 2329 quisquam
643 2292 697 2318 aut
708 2287 835 2329 juvenis
851 2293 906 2319 aut
921 2299 1015 2320 senex
1031 2293 1124 2330 turpe
1147 2288 1178 2319 id
1202 2288 1396 2329 praedicaret.
1442 2288 1537 2325 Quod
1554 2287 1682 2330 quidem

211 2348 250 2369 ea
266 2339 306 2370 de
322 2349 418 2370 causa
433 2340 472 2371 ab
488 2340 550 2372 illis
566 2341 696 2373 arbitror
707 2353 775 2374 esse
788 2343 918 2380 facturn,
934 2354 974 2374 ne
998 2343 1033 2374 in
1054 2341 1278 2384 persuadendis
1300 2342 1551 2373 adolescentibus
1574 2341 1682 2373 elabo-

210 2393 339 2423 randum
362 2392 424 2424 illis
446 2400 541 2434 esset,
557 2400 669 2437 utpote
691 2396 745 2438 qui
769 2397 808 2427 ad
835 2397 988 2429 orandum
1011 2396 1114 2438 inepti
1139 2401 1226 2428 sunt.
1270 2396 1309 2426 In
1335 2395 1425 2427 Ionia
1442 2406 1512 2427 vero
1538 2400 1571 2427 et
1594 2396 1680 2437 apud

210 2446 287 2476 alios
302 2446 426 2484 multos,
443 2448 499 2489 qui
515 2449 652 2481 barbaris
668 2450 803 2492 subjecti
819 2455 904 2488 sunt,
920 2450 1048 2483 omnino
1065 2456 1156 2491 turpe
1178 2451 1238 2481 hoc
1253 2450 1322 2490 lege
1338 2454 1492 2481 censetur.
1514 2460 1584 2481 nam
1601 2450 1682 2480 inter

212 2500 357 2530 barbaros
372 2501 499 2541 quidem
516 2508 645 2545 propter
659 2505 843 2546 tyrannides
867 2510 958 2546 turpe
981 2505 1063 2536 istud
1087 2505 1229 2542 habetur,
1244 2508 1277 2535 et
1292 2503 1454 2544 sapientiae
1470 2509 1618 2546 praeterea
1633 2508 1680 2534 at-

210 2563 272 2594 que
290 2555 495 2595 gymnasticae
512 2557 662 2588 studium.
685 2568 789 2600 neque
805 2558 887 2590 enirn
909 2559 1051 2601 tyrannis
1069 2559 1254 2590 conducunt
1269 2568 1306 2589 ea
1321 2558 1436 2598 studia,
1453 2568 1522 2599 quae
1538 2557 1680 2588 subdito·

210 2617 275 2637 rum
292 2611 411 2638 mentes
427 2613 534 2640 acutas
550 2620 778 2653 generosasque
795 2606 1067 2654 redduntsquaeve
1095 2612 1248 2643 amicitias
1273 2611 1354 2642 inter
1379 2622 1432 2643 eos
1448 2611 1679 2642 indissolubiles

210 2661 438 2702 societatesque
463 2661 642 2704 frequentes
667 2665 818 2706 pariunt:
843 2676 914 2708 quae
938 2676 1009 2697 cum
1031 2667 1070 2697 ab
1097 2666 1178 2704 aiiis,
1195 2671 1261 2696 tum
1279 2665 1326 2696 vel
1353 2665 1484 2696 maxime
1509 2666 1548 2697 ab
1573 2675 1677 2695 amore

209 2713 293 2755 gigni
310 2707 551 2747 consueverunt.
593 2716 665 2749 Hoc
678 2723 783 2749 autem
801 2719 870 2761 ipso
886 2724 999 2751 eventu
1024 2720 1150 2762 tyranni
1172 2719 1270 2750 nostri
1292 2718 1480 2751 didicerunt.
1504 2729 1575 2749 nam
1591 2717 1678 2748 Aris-

210 2767 358 2808 togitonis
381 2778 467 2798 amor
497 2774 530 2799 et
553 2769 718 2802 Harmodii
746 2772 884 2804 amicitia
909 2774 1092 2805 confirmata
1121 2773 1244 2804 illorum
1270 2773 1468 2815 tyrannidem
1499 2771 1677 2813 dissipavit.

210 2820 318 2863 Atque
331 2821 375 2852 ita
392 2822 571 2865 ubicunque
586 2826 699 2857 amoris
714 2825 912 2868 indulgentia
927 2827 1070 2859 funditus
1085 2827 1206 2858 sublata
1230 2833 1288 2865 est,
1304 2827 1457 2869 pravitate
1472 2826 1607 2862 illorum,
1623 2825 1677 2867 qui

210 2874 294 2915 leges
310 2875 532 2915 condiderunt,
549 2882 595 2908 est
610 2879 719 2920 vetita,
735 2881 911 2922 principum
929 2881 1056 2923 quidem
1073 2881 1241 2923 iniquitate
1258 2887 1288 2912 et
1305 2881 1465 2916 violentia,
1482 2879 1677 2910 subditorum

209 2927 345 2969 ignavia.
368 2930 422 2960 ubi
439 2941 511 2962 vero
526 2932 652 2974 penitus
666 2934 815 2976 permissa
830 2939 888 2973 est,
905 2940 1032 2978 propter
1045 2946 1163 2973 eorum,
1179 2935 1233 2977 qui
1249 2935 1293 2967 sic
1309 2938 1493 2970 statuerunt,
1505 2932 1677 2964 secordiam

205 2986 242 3012 et
254 2983 416 3025 segnitiem
433 2990 480 3017 est
497 2986 655 3028 permissa.
700 2988 763 3020 Hic
780 3000 851 3022 vero
868 2989 966 3022 multo
983 2989 1095 3022 rectius
1113 2995 1160 3023 est
1172 2989 1346 3022 institutum
1364 2999 1372 3020 z
1395 2987 1461 3030 scd,
1474 2990 1508 3018 ut
1519 2978 1689 3024 dicebamj
