1846 3268
753 249 769 261 f

137 314 234 364 527]
730 306 988 346 GossfflAS.
1519 308 1594 346 231

135 426 228 458 quarn
245 414 337 446 modo
352 413 512 446 dicebam:
537 411 592 443 sed
604 420 674 443 cum
692 410 867 452 perveneris
889 409 928 440 ad
942 407 1083 450 judicem
1099 407 1224 451 AEginae
1240 408 1350 446 filium,
1366 408 1483 451 illeque
1499 414 1530 441 te
1540 421 1597 453 ap-

137 470 322 511 prehensum
343 468 450 504 ducet,
474 466 570 508 [527]
596 464 743 497 oscitabis
770 463 991 505 vacillabisque
1016 463 1082 494 illic
1109 473 1173 494 non
1198 461 1312 500 minus,
1338 473 1432 505 quam
1460 474 1519 505 ego
1545 466 1597 497 hic

137 523 220 564 apud
231 522 358 563 judices
373 526 501 552 vestros.
525 520 568 550 ibi
580 520 707 550 forsitan
724 518 876 559 percutiet
893 523 923 548 te
947 517 1059 558 aliquis
1085 517 1214 558 turpiter
1229 527 1321 558 super
1336 528 1459 558 genam,
1475 523 1507 549 et
1522 529 1600 550 con-

138 576 266 607 tumelia
279 574 453 616 injuriaque
468 584 591 615 prorsus
606 571 731 605 afficiet.
776 572 854 603 Haec
870 571 1000 602 forsitan
1013 571 1103 601 anilis
1115 571 1257 612 quaedam
1274 571 1379 602 sabula
1396 572 1452 603 tibi
1467 573 1603 615 videtur,

137 634 170 661 et
183 639 254 671 quae
270 629 356 660 dicta
371 632 444 659 sunt
459 627 647 659 contemnis.
670 626 723 656 sed
742 625 883 667 profecto
898 625 976 655 nihil
992 624 1130 656 mirabile
1144 624 1224 656 foret
1239 626 1306 656 haec
1322 636 1478 667 spernere,
1495 627 1520 658 si
1536 639 1599 670 quo

137 688 232 724 pacto
254 682 466 724 perquirentes
488 681 617 711 meliora
641 680 688 710 his
714 684 746 710 et
762 678 880 710 veriora
904 678 1044 709 invenire
1068 688 1242 720 possemus.
1287 678 1383 712 Nunc
1406 691 1479 712 vero
1503 681 1602 720 vides,

137 747 208 768 cum
223 742 283 768 tres
297 735 355 767 viri
378 736 457 773 sitis,
474 735 613 766 onmium
638 734 691 775 qui
717 737 897 765 nunesunt
910 732 1091 764 Graecorum
1114 733 1347 773 sapientissimi,
1364 738 1398 765 tu
1424 734 1546 767 scilicet
1567 740 1601 767 et

141 790 238 822 Polus
253 796 286 821 et
300 789 446 831 Gorgias,
460 779 523 820 rson
540 798 632 830 posse
649 798 702 818 vos
718 792 822 818 tamen
839 787 1004 818 ostendere
1019 786 1080 817 alia
1093 796 1160 818 esse
1175 786 1295 818 ratione
1310 786 1493 826 vivendum,
1507 800 1603 830 quarn

139 854 177 876 ea
189 854 259 885 quae
273 843 348 875 illuc
363 853 490 885 quoque
506 842 684 874 conducere
699 841 854 872 videatur.
899 839 1001 870 Immo
1016 850 1088 870 vero
1103 839 1137 870 in
1150 845 1198 871 tot
1209 840 1414 882 sermonibus,
1425 851 1496 873 curn
1507 842 1605 874 ceteri

138 897 295 939 redarguti
309 897 440 937 fuerint,
455 896 538 927 solus
555 895 606 926 hic
622 899 761 926 remanet
776 894 899 924 firmus:
925 893 1045 925 scilicet
1066 894 1240 926 cavendum
1261 905 1328 925 esse
1342 893 1486 936 injuriam
1501 895 1604 927 facere

141 952 238 994 magis
253 961 348 993 quam
364 950 431 992 pati
444 962 451 980 τ
477 950 573 991 idque
588 949 653 980 viro
668 958 732 990 prae
748 948 859 979 ceteris
873 947 1017 978 omnibus
1033 948 1260 985 meditandum,
1274 958 1338 979 non
1354 953 1390 979 ut
1414 949 1513 980 bonus
1535 950 1607 991 qni-

140 1005 212 1036 dem
228 1004 382 1042 videatur,
397 1004 452 1035 sed
468 1008 504 1034 ut
518 1014 550 1035 re
567 1013 638 1034 vera
652 1002 692 1033 sit
707 1003 808 1033 bonus
823 1001 951 1043 publice
966 1007 1061 1044 atque
1077 1001 1222 1043 privatim
1235 1013 1243 1032 ε
1267 1002 1294 1033 si
1305 1002 1375 1044 quis
1389 1007 1493 1034 autern
1505 1004 1605 1036 malus

141 1058 276 1099 quodam
292 1058 387 1088 modo
412 1057 518 1094 fuerit,
533 1067 601 1088 esse
627 1055 845 1097 puniendum:
869 1055 965 1097 idque
990 1056 1130 1087 secundo
1153 1055 1224 1087 loco
1246 1056 1363 1087 bonum
1389 1067 1468 1094 esse,
1484 1063 1558 1099 post
1571 1058 1606 1089 id

142 1111 227 1153 quod
243 1115 292 1142 est
305 1121 374 1142 esse
386 1110 519 1152 justum,
534 1110 687 1142 videlicet
698 1110 764 1141 fieri
780 1109 988 1151 castigatione
1002 1110 1119 1140 bonurn
1132 1119 1304 1151 poenasque
1319 1109 1482 1151 injustitiae
1499 1111 1583 1143 luere
1596 1125 1604 1144 :

142 1175 265 1196 omnem
281 1169 431 1206 praeterea
457 1164 669 1195 adulationem
694 1164 776 1195 circa
803 1174 835 1194 se
849 1163 954 1205 ipsum
970 1169 1003 1194 et
1017 1163 1106 1200 alios,
1120 1163 1184 1194 sive
1199 1174 1318 1204 paucos
1332 1164 1396 1195 sive
1415 1165 1541 1208 multos,
1556 1166 1606 1197 fu-

141 1218 287 1260 giendam
302 1228 388 1249 esse:
414 1217 585 1249 Rhetorica
599 1217 737 1258 denique
753 1217 900 1258 omnique
916 1210 979 1248 alio
1006 1217 1137 1248 actionis
1158 1226 1270 1258 genere
1299 1227 1355 1258 pro
1377 1217 1501 1259 justitia
1523 1219 1605 1250 dun-

141 1277 227 1303 taxat
242 1272 405 1303 utendum.
450 1270 537 1309 Quas
561 1271 602 1302 ob
619 1281 665 1302 res
681 1270 757 1302 mihi
774 1272 916 1308 credens,
938 1281 1067 1312 sequere
1082 1281 1132 1301 me
1146 1270 1234 1307 illuc,
1249 1280 1312 1312 quo
1329 1281 1400 1302 cum
1415 1273 1606 1314 perveneris,

142 1331 175 1357 et
199 1325 305 1356 vivens
328 1330 361 1356 et
387 1330 525 1356 mortuus
546 1325 655 1356 beatus
682 1325 753 1361 eris,
768 1325 1032 1366 quemadmodum
1062 1329 1134 1356 tuus
1159 1334 1287 1366 quoque
1313 1335 1413 1356 sermo
1437 1325 1606 1368 significat.

141 1379 248 1421 Atque
261 1379 418 1420 permitte,
435 1384 470 1409 ut
484 1378 597 1420 aliquis
613 1383 644 1410 te
659 1383 841 1410 contemnat
858 1383 891 1409 ut
907 1379 1049 1415 stultum,
1065 1378 1249 1420 injuriisque
1273 1378 1299 1409 si
1320 1378 1398 1410 libet
1412 1378 1548 1420 afficiat3
1572 1386 1606 1412 et

142 1443 198 1474 per
210 1432 322 1464 Jovem
338 1443 378 1463 ne
394 1443 494 1469 cures,
509 1433 536 1463 si
555 1432 762 1473 ignominiose
778 1433 971 1474 percutiaris.
994 1433 1075 1463 nihil
1089 1432 1172 1464 enim
1188 1443 1281 1474 grave
1294 1433 1432 1474 patieris,
1448 1433 1475 1464 si
1489 1445 1521 1465 re
1535 1445 1610 1466 vera

142 1486 291 1517 honestus
317 1486 480 1527 bonusque
507 1486 549 1516 sis
574 1486 784 1526 virtutemque
806 1496 961 1516 exerceas.
1006 1486 1178 1526 Postquam
1192 1496 1266 1517 vero
1291 1486 1337 1518 sie
1362 1496 1427 1518 una
1446 1487 1609 1519 exercitati

142 1539 302 1576 fuerimus,
317 1544 406 1577 tunc,
425 1536 453 1570 si
475 1538 532 1569 tibi
557 1548 661 1579 operae
687 1538 821 1579 pretium
845 1548 913 1569 esse
929 1538 1098 1579 videbitur,
1111 1539 1150 1569 ad
1166 1537 1295 1580 publica
1314 1539 1380 1580 jam
1406 1550 1465 1572 nos
1478 1541 1608 1582 negotia

141 1592 349 1630 conferemus,
361 1597 416 1622 aut
430 1592 470 1622 ad
486 1591 699 1634 quodcunque
714 1591 805 1622 nobis
820 1590 1066 1623 deliberantibus
1081 1596 1156 1623 tunc
1171 1591 1339 1629 videbitur,
1354 1593 1482 1634 quando
1496 1594 1608 1626 melius

144 1657 238 1688 quam
261 1656 346 1677 nunc
368 1645 539 1677 deliberare
565 1646 747 1687 poterimus.
790 1645 897 1686 Turpe
912 1645 994 1677 enirn
1011 1650 1071 1687 est,
1084 1656 1154 1677 cum
1176 1645 1255 1677 tales
1277 1644 1384 1683 simus,
1399 1646 1507 1688 quales
1521 1657 1613 1680 nunc.

144 1710 212 1732 esse
226 1700 381 1737 videmur,
399 1699 523 1741 jactare
547 1710 581 1731 se
603 1699 703 1730 verbis
728 1699 818 1741 quasi
844 1699 963 1741 aliquid
988 1700 1104 1731 simus':
1128 1698 1242 1741 quibus
1264 1709 1426 1742 nunquam
1449 1701 1490 1732 de
1514 1701 1607 1732 rebus

145 1754 275 1791 eisdem,
300 1758 332 1784 et
357 1753 486 1795 quidem
515 1752 667 1790 maximis,
690 1753 838 1784 videntur
866 1754 976 1785 eadem
989 1764 998 1784 z
1021 1753 1054 1784 in
1080 1758 1200 1785 tantum
1226 1753 1432 1795 processimus
1450 1754 1608 1788 ruditatis.

145 1807 239 1839 Hane
253 1807 347 1848 igitur
361 1806 525 1843 rationem,
541 1817 612 1848 quae
627 1817 712 1838 nunc
725 1807 817 1839 nobis
841 1806 993 1845 innotuit,
1007 1812 1154 1849 tanquam
1172 1807 1285 1839 ducem
1307 1817 1483 1849 sequamur,
1500 1812 1607 1839 osten-

146 1861 272 1892 dentem
286 1860 377 1892 nobis
391 1861 475 1892 hunc
491 1860 646 1902 optimum
658 1871 725 1892 esse
739 1860 867 1892 vivendi
892 1861 1031 1898 modum,
1046 1866 1082 1892 ut
1100 1860 1257 1902 justitiam
1282 1866 1464 1902 ceterasque
1479 1861 1609 1893 virtutes

144 1925 202 1955 per
216 1919 312 1945 totam
328 1913 422 1945 vitam
438 1924 646 1946 exerceamus.
690 1915 775 1947 Huic
791 1915 886 1957 igitur
901 1915 1162 1957 obtemperemus,
1178 1914 1320 1957 aliosque
1333 1915 1374 1947 ad
1398 1915 1479 1946 hanc
1494 1915 1610 1946 adhor-

146 1973 246 1998 temur
259 1978 268 1998 ε
290 1977 355 1998 non
369 1972 474 1999 autem
491 1978 652 2009 pareamus
664 1968 723 2011 illi,
737 1979 801 2011 qua
816 1973 850 2001 tu
874 1969 1010 2002 confisus
1025 1970 1065 2001 ad
1081 1970 1214 2002 eandem
1230 1979 1279 2001 me
1293 1968 1474 2001 exhortaris.
1490 1967 1608 2000 nullius

145 2021 228 2054 enim
243 2026 302 2059 est,
318 2021 477 2064 Callicles,
493 2021 599 2064 pretii.
