<?xml version="1.0" encoding="UTF-8"?>
<!DOCTYPE html PUBLIC "-//W3C//DTD XHTML 1.0 Transitional//EN"
    "http://www.w3.org/TR/xhtml1/DTD/xhtml1-transitional.dtd">
<html xmlns="http://www.w3.org/1999/xhtml" xml:lang="en" lang="en">
 <head>
  <title>
</title>
<meta http-equiv="Content-Type" content="text/html;charset=utf-8" />
  <meta name='ocr-system' content='tesseract 3.04.00' />
  <meta name='ocr-capabilities' content='ocr_page ocr_carea ocr_par ocr_line ocrx_word'/>
</head>
<body>
  <div class='ocr_page' id='page_1' title='image "./platonisetquaeve10plat_0469.png"; bbox 0 0 1846 3268; ppageno 0'>
   <div class='ocr_carea' id='block_1_1' title="bbox 196 249 1652 300">
    <p class='ocr_par' dir='ltr' id='par_1_1' title="bbox 196 249 1652 300">
     <span class='ocr_line' id='line_1_1' title="bbox 196 249 1652 300; baseline 0.005 -13"><span class='ocrx_word' id='word_1_1' title='bbox 196 249 291 300; x_wconf 89' lang='lat'>111]</span> <span class='ocrx_word' id='word_1_2' title='bbox 826 250 1042 289; x_wconf 85' lang='lat' dir='ltr'>PHAEDO.</span> <span class='ocrx_word' id='word_1_3' title='bbox 1572 256 1652 295; x_wconf 77' lang='grc'><strong>459</strong></span> 
     </span>
    </p>
   </div>
   <div class='ocr_carea' id='block_1_2' title="bbox 183 352 1659 2990">
    <p class='ocr_par' dir='ltr' id='par_1_2' title="bbox 183 352 1659 2990">
     <span class='ocr_line' id='line_1_2' title="bbox 190 352 1650 397; baseline 0.005 -14"><span class='ocrx_word' id='word_1_4' title='bbox 190 355 316 394; x_wconf 80' lang='lat' dir='ltr'><strong>oportet</strong></span> <span class='ocrx_word' id='word_1_5' title='bbox 330 352 559 395; x_wconf 81' lang='lat' dir='ltr'>perpulchram,</span> <span class='ocrx_word' id='word_1_6' title='bbox 583 362 685 393; x_wconf 79' lang='lat' dir='ltr'><strong>operae</strong></span> <span class='ocrx_word' id='word_1_7' title='bbox 700 352 849 394; x_wconf 88' lang='lat' dir='ltr'><strong>pretium,</strong></span> <span class='ocrx_word' id='word_1_8' title='bbox 863 353 1003 391; x_wconf 88' lang='lat' dir='ltr'><strong>Simmia,</strong></span> <span class='ocrx_word' id='word_1_9' title='bbox 1019 359 1078 391; x_wconf 86' lang='lat' dir='ltr'><strong>est,</strong></span> <span class='ocrx_word' id='word_1_10' title='bbox 1095 353 1212 391; x_wconf 86' lang='lat' dir='ltr'><strong>audire,</strong></span> <span class='ocrx_word' id='word_1_11' title='bbox 1228 356 1335 397; x_wconf 82' lang='lat' dir='ltr'><strong>quales</strong></span> <span class='ocrx_word' id='word_1_12' title='bbox 1354 356 1416 387; x_wconf 88' lang='lat' dir='ltr'><strong>sint</strong></span> <span class='ocrx_word' id='word_1_13' title='bbox 1433 358 1480 388; x_wconf 65' lang='lat' dir='ltr'><strong>hee</strong></span> <span class='ocrx_word' id='word_1_14' title='bbox 1504 362 1650 390; x_wconf 85' lang='lat' dir='ltr'><strong>terrarum</strong></span> 
     </span>
     <span class='ocr_line' id='line_1_3' title="bbox 188 404 1652 448; baseline 0.006 -13"><span class='ocrx_word' id='word_1_15' title='bbox 188 404 302 447; x_wconf 79' lang='lat' dir='ltr'><strong>plagae,</strong></span> <span class='ocrx_word' id='word_1_16' title='bbox 317 413 388 448; x_wconf 64' lang='lat' dir='ltr'><strong>quas</strong></span> <span class='ocrx_word' id='word_1_17' title='bbox 402 405 567 448; x_wconf 76' lang='lat' dir='ltr'><strong>subjacent</strong></span> <span class='ocrx_word' id='word_1_18' title='bbox 579 405 671 438; x_wconf 82' lang='lat' dir='ltr'><strong>coelo.</strong></span> <span class='ocrx_word' id='word_1_19' title='bbox 695 405 785 446; x_wconf 55' lang='lat' dir='ltr'><strong>,snm</strong></span> <span class='ocrx_word' id='word_1_20' title='bbox 809 406 909 437; x_wconf 90' lang='lat' dir='ltr'><strong>Immo</strong></span> <span class='ocrx_word' id='word_1_21' title='bbox 925 417 996 438; x_wconf 89' lang='lat' dir='ltr'><strong>vero</strong></span> <span class='ocrx_word' id='word_1_22' title='bbox 1011 407 1215 439; x_wconf 74' lang='lat' dir='ltr'><strong>libentissime</strong></span> <span class='ocrx_word' id='word_1_23' title='bbox 1231 409 1311 441; x_wconf 85' lang='lat' dir='ltr'><strong>hanc</strong></span> <span class='ocrx_word' id='word_1_24' title='bbox 1326 410 1462 441; x_wconf 85' lang='lat' dir='ltr'><strong>fabulam</strong></span> <span class='ocrx_word' id='word_1_25' title='bbox 1478 412 1652 446; x_wconf 83' lang='lat' dir='ltr'><strong>audiemus.</strong></span> 
     </span>
     <span class='ocr_line' id='line_1_4' title="bbox 189 459 1651 507; baseline 0.003 -15"><span class='ocrx_word' id='word_1_26' title='bbox 189 459 247 499; x_wconf 64' lang='lat' dir='ltr'><strong>So,</strong></span> <span class='ocrx_word' id='word_1_27' title='bbox 269 459 388 492; x_wconf 83' lang='lat' dir='ltr'><strong>Ferunt</strong></span> <span class='ocrx_word' id='word_1_28' title='bbox 401 460 506 502; x_wconf 85' lang='lat' dir='ltr'><strong>igitur,</strong></span> <span class='ocrx_word' id='word_1_29' title='bbox 521 471 541 491; x_wconf 90' lang='lat' dir='ltr'><strong>o</strong></span> <span class='ocrx_word' id='word_1_30' title='bbox 556 459 667 497; x_wconf 84' lang='lat' dir='ltr'><strong>amice,</strong></span> <span class='ocrx_word' id='word_1_31' title='bbox 683 460 814 501; x_wconf 89' lang='lat' dir='ltr'><strong>primum</strong></span> <span class='ocrx_word' id='word_1_32' title='bbox 830 461 958 502; x_wconf 88' lang='lat' dir='ltr'><strong>quidem</strong></span> <span class='ocrx_word' id='word_1_33' title='bbox 977 461 1070 493; x_wconf 88' lang='lat' dir='ltr'><strong>talem</strong></span> <span class='ocrx_word' id='word_1_34' title='bbox 1085 462 1183 494; x_wconf 87' lang='lat' dir='ltr'><strong>videri</strong></span> <span class='ocrx_word' id='word_1_35' title='bbox 1199 467 1286 494; x_wconf 84' lang='lat' dir='ltr'><strong>terrae</strong></span> <span class='ocrx_word' id='word_1_36' title='bbox 1300 463 1385 494; x_wconf 88' lang='lat' dir='ltr'><strong>illius</strong></span> <span class='ocrx_word' id='word_1_37' title='bbox 1401 465 1526 505; x_wconf 84' lang='lat' dir='ltr'><strong>faciem,</strong></span> <span class='ocrx_word' id='word_1_38' title='bbox 1542 465 1566 496; x_wconf 87' lang='lat' dir='ltr'><strong>si</strong></span> <span class='ocrx_word' id='word_1_39' title='bbox 1581 466 1651 507; x_wconf 90' lang='lat' dir='ltr'><strong>quis</strong></span> 
     </span>
     <span class='ocr_line' id='line_1_5' title="bbox 188 513 1651 556; baseline 0.003 -12"><span class='ocrx_word' id='word_1_40' title='bbox 188 523 324 555; x_wconf 71' lang='lat' dir='ltr'><strong>superne</strong></span> <span class='ocrx_word' id='word_1_41' title='bbox 338 513 504 555; x_wconf 83' lang='lat' dir='ltr'><strong>despiciat,</strong></span> <span class='ocrx_word' id='word_1_42' title='bbox 518 514 627 556; x_wconf 88' lang='lat' dir='ltr'><strong>quales</strong></span> <span class='ocrx_word' id='word_1_43' title='bbox 649 519 721 545; x_wconf 86' lang='lat' dir='ltr'><strong>sunt</strong></span> <span class='ocrx_word' id='word_1_44' title='bbox 746 515 795 546; x_wconf 85' lang='lat' dir='ltr'><strong>hae</strong></span> <span class='ocrx_word' id='word_1_45' title='bbox 822 515 906 556; x_wconf 83' lang='lat' dir='ltr'><strong>pilae,</strong></span> <span class='ocrx_word' id='word_1_46' title='bbox 929 524 1001 556; x_wconf 83' lang='lat' dir='ltr'><strong>quae</strong></span> <span class='ocrx_word' id='word_1_47' title='bbox 1025 526 1064 546; x_wconf 85' lang='lat' dir='ltr'><strong>ex</strong></span> <span class='ocrx_word' id='word_1_48' title='bbox 1091 515 1184 547; x_wconf 88' lang='lat' dir='ltr'><strong>coriis</strong></span> <span class='ocrx_word' id='word_1_49' title='bbox 1207 517 1374 549; x_wconf 81' lang='lat' dir='ltr'>duodecim</span> <span class='ocrx_word' id='word_1_50' title='bbox 1390 522 1545 549; x_wconf 83' lang='lat' dir='ltr'><strong>contextae</strong></span> <span class='ocrx_word' id='word_1_51' title='bbox 1567 524 1651 556; x_wconf 86' lang='lat' dir='ltr'><strong>sunt,</strong></span> 
     </span>
     <span class='ocr_line' id='line_1_6' title="bbox 186 566 1650 613; baseline 0.004 -16"><span class='ocrx_word' id='word_1_52' title='bbox 186 566 280 606; x_wconf 74' lang='lat' dir='ltr'><strong>variis</strong></span> <span class='ocrx_word' id='word_1_53' title='bbox 295 567 415 606; x_wconf 82' lang='lat' dir='ltr'><strong>scilicet</strong></span> <span class='ocrx_word' id='word_1_54' title='bbox 428 567 606 600; x_wconf 79' lang='lat' dir='ltr'>distinctam</span> <span class='ocrx_word' id='word_1_55' title='bbox 623 566 798 601; x_wconf 71' lang='lat' dir='ltr'><strong>color-ihus:</strong></span> <span class='ocrx_word' id='word_1_56' title='bbox 824 579 955 610; x_wconf 87' lang='lat' dir='ltr'><strong>quorum</strong></span> <span class='ocrx_word' id='word_1_57' title='bbox 971 569 1003 599; x_wconf 89' lang='lat' dir='ltr'><strong>bi</strong></span> <span class='ocrx_word' id='word_1_58' title='bbox 1018 569 1114 600; x_wconf 85' lang='lat' dir='ltr'><strong>nostri</strong></span> <span class='ocrx_word' id='word_1_59' title='bbox 1129 570 1259 607; x_wconf 85' lang='lat' dir='ltr'><strong>colores,</strong></span> <span class='ocrx_word' id='word_1_60' title='bbox 1276 570 1389 612; x_wconf 89' lang='lat' dir='ltr'><strong>quibus</strong></span> <span class='ocrx_word' id='word_1_61' title='bbox 1406 571 1539 613; x_wconf 89' lang='lat' dir='ltr'><strong>pictores</strong></span> <span class='ocrx_word' id='word_1_62' title='bbox 1555 576 1650 603; x_wconf 89' lang='lat' dir='ltr'><strong>utun—</strong></span> 
     </span>
     <span class='ocr_line' id='line_1_7' title="bbox 188 621 1651 664; baseline 0.001 -11"><span class='ocrx_word' id='word_1_63' title='bbox 188 625 249 661; x_wconf 76' lang='lat' dir='ltr'><strong>tur,</strong></span> <span class='ocrx_word' id='word_1_64' title='bbox 265 621 500 660; x_wconf 81' lang='lat' dir='ltr'><strong>similitudinem</strong></span> <span class='ocrx_word' id='word_1_65' title='bbox 516 623 672 664; x_wconf 85' lang='lat' dir='ltr'><strong>quandam</strong></span> <span class='ocrx_word' id='word_1_66' title='bbox 699 622 844 657; x_wconf 75' lang='lat' dir='ltr'><strong>retinent.</strong></span> <span class='ocrx_word' id='word_1_67' title='bbox 891 622 961 655; x_wconf 79' lang='lat' dir='ltr'><strong>illic</strong></span> <span class='ocrx_word' id='word_1_68' title='bbox 978 633 1049 654; x_wconf 89' lang='lat' dir='ltr'><strong>vero</strong></span> <span class='ocrx_word' id='word_1_69' title='bbox 1074 623 1248 655; x_wconf 78' lang='lat' dir='ltr'><strong>universam</strong></span> <span class='ocrx_word' id='word_1_70' title='bbox 1264 628 1374 656; x_wconf 85' lang='lat' dir='ltr'><strong>terram</strong></span> <span class='ocrx_word' id='word_1_71' title='bbox 1390 636 1427 656; x_wconf 87' lang='lat' dir='ltr'><strong>ex</strong></span> <span class='ocrx_word' id='word_1_72' title='bbox 1443 625 1556 657; x_wconf 87' lang='lat' dir='ltr'><strong>talibus</strong></span> <span class='ocrx_word' id='word_1_73' title='bbox 1572 625 1651 656; x_wconf 87' lang='lat' dir='ltr'><strong>mul-</strong></span> 
     </span>
     <span class='ocr_line' id='line_1_8' title="bbox 188 676 1649 721; baseline 0.001 -12"><span class='ocrx_word' id='word_1_74' title='bbox 188 679 284 717; x_wconf 71' lang='lat' dir='ltr'><strong>toque</strong></span> <span class='ocrx_word' id='word_1_75' title='bbox 299 677 393 715; x_wconf 79' lang='lat' dir='ltr'><strong>etiam</strong></span> <span class='ocrx_word' id='word_1_76' title='bbox 408 676 606 713; x_wconf 74' lang='lat' dir='ltr'><strong>nitidioribus</strong></span> <span class='ocrx_word' id='word_1_77' title='bbox 622 687 659 713; x_wconf 76' lang='lat' dir='ltr'><strong>ac</strong></span> <span class='ocrx_word' id='word_1_78' title='bbox 676 677 851 719; x_wconf 83' lang='lat' dir='ltr'><strong>purioribus</strong></span> <span class='ocrx_word' id='word_1_79' title='bbox 866 687 934 708; x_wconf 85' lang='lat' dir='ltr'><strong>esse</strong></span> <span class='ocrx_word' id='word_1_80' title='bbox 949 689 956 707; x_wconf 86' lang='lat'>:</span> <span class='ocrx_word' id='word_1_81' title='bbox 982 677 1093 718; x_wconf 84' lang='lat' dir='ltr'><strong>partim</strong></span> <span class='ocrx_word' id='word_1_82' title='bbox 1116 678 1243 719; x_wconf 89' lang='lat' dir='ltr'><strong>quidem</strong></span> <span class='ocrx_word' id='word_1_83' title='bbox 1266 689 1464 721; x_wconf 82' lang='lat' dir='ltr'>purpuream,</span> <span class='ocrx_word' id='word_1_84' title='bbox 1486 679 1563 711; x_wconf 86' lang='lat' dir='ltr'><strong>mira</strong></span> <span class='ocrx_word' id='word_1_85' title='bbox 1579 679 1649 721; x_wconf 87' lang='lat' dir='ltr'><strong>pul-</strong></span> 
     </span>
     <span class='ocr_line' id='line_1_9' title="bbox 186 729 1653 774; baseline 0.001 -12"><span class='ocrx_word' id='word_1_86' title='bbox 186 729 364 768; x_wconf 79' lang='lat' dir='ltr'><strong>chritudine</strong></span> <span class='ocrx_word' id='word_1_87' title='bbox 387 731 574 772; x_wconf 82' lang='lat' dir='ltr'><strong>praeditam3</strong></span> <span class='ocrx_word' id='word_1_88' title='bbox 597 731 709 772; x_wconf 83' lang='lat' dir='ltr'><strong>partim</strong></span> <span class='ocrx_word' id='word_1_89' title='bbox 733 741 804 763; x_wconf 88' lang='lat' dir='ltr'><strong>vero</strong></span> <span class='ocrx_word' id='word_1_90' title='bbox 827 731 938 766; x_wconf 81' lang='lat' dir='ltr'><strong>coloris</strong></span> <span class='ocrx_word' id='word_1_91' title='bbox 961 731 1046 763; x_wconf 87' lang='lat' dir='ltr'><strong>aurei</strong></span> <span class='ocrx_word' id='word_1_92' title='bbox 1059 742 1076 771; x_wconf 61' lang='lat'><strong>5&lt;</strong></span> <span class='ocrx_word' id='word_1_93' title='bbox 1092 732 1204 773; x_wconf 86' lang='lat' dir='ltr'><strong>partim</strong></span> <span class='ocrx_word' id='word_1_94' title='bbox 1227 743 1329 774; x_wconf 82' lang='lat' dir='ltr'>gypso</span> <span class='ocrx_word' id='word_1_95' title='bbox 1355 738 1387 764; x_wconf 88' lang='lat' dir='ltr'><strong>et</strong></span> <span class='ocrx_word' id='word_1_96' title='bbox 1403 734 1474 765; x_wconf 87' lang='lat' dir='ltr'><strong>nive</strong></span> <span class='ocrx_word' id='word_1_97' title='bbox 1489 733 1653 765; x_wconf 81' lang='lat' dir='ltr'><strong>candidio-</strong></span> 
     </span>
     <span class='ocr_line' id='line_1_10' title="bbox 186 785 1651 828; baseline 0.003 -14"><span class='ocrx_word' id='word_1_98' title='bbox 186 793 250 822; x_wconf 61' lang='lat' dir='ltr'><strong>rem</strong></span> <span class='ocrx_word' id='word_1_99' title='bbox 266 795 272 814; x_wconf 92' lang='lat'><strong>:</strong></span> <span class='ocrx_word' id='word_1_100' title='bbox 299 789 447 826; x_wconf 81' lang='lat' dir='ltr'><strong>praeterea</strong></span> <span class='ocrx_word' id='word_1_101' title='bbox 461 796 498 818; x_wconf 78' lang='lat' dir='ltr'><strong>ex</strong></span> <span class='ocrx_word' id='word_1_102' title='bbox 513 785 666 826; x_wconf 75' lang='lat' dir='ltr'><strong>coloribus</strong></span> <span class='ocrx_word' id='word_1_103' title='bbox 692 785 762 821; x_wconf 83' lang='lat' dir='ltr'><strong>aliis</strong></span> <span class='ocrx_word' id='word_1_104' title='bbox 788 785 927 817; x_wconf 87' lang='lat' dir='ltr'><strong>similiter</strong></span> <span class='ocrx_word' id='word_1_105' title='bbox 950 790 1140 823; x_wconf 75' lang='lat' dir='ltr'><strong>exornatam,</strong></span> <span class='ocrx_word' id='word_1_106' title='bbox 1168 796 1205 822; x_wconf 85' lang='lat' dir='ltr'><strong>ac</strong></span> <span class='ocrx_word' id='word_1_107' title='bbox 1229 786 1323 821; x_wconf 83' lang='lat' dir='ltr'><strong>etiam</strong></span> <span class='ocrx_word' id='word_1_108' title='bbox 1348 787 1484 828; x_wconf 85' lang='lat' dir='ltr'><strong>pluribus</strong></span> <span class='ocrx_word' id='word_1_109' title='bbox 1512 787 1651 828; x_wconf 86' lang='lat' dir='ltr'><strong>pulchri·</strong></span> 
     </span>
     <span class='ocr_line' id='line_1_11' title="bbox 186 837 1648 884; baseline 0.002 -15"><span class='ocrx_word' id='word_1_110' title='bbox 186 837 366 880; x_wconf 79' lang='lat' dir='ltr'><strong>oribusque,</strong></span> <span class='ocrx_word' id='word_1_111' title='bbox 382 849 475 880; x_wconf 81' lang='lat' dir='ltr'><strong>quam</strong></span> <span class='ocrx_word' id='word_1_112' title='bbox 491 840 522 870; x_wconf 87' lang='lat' dir='ltr'><strong>in</strong></span> <span class='ocrx_word' id='word_1_113' title='bbox 538 845 673 874; x_wconf 81' lang='lat' dir='ltr'><strong>nostram</strong></span> <span class='ocrx_word' id='word_1_114' title='bbox 689 839 832 873; x_wconf 82' lang='lat' dir='ltr'><strong>notitiam</strong></span> <span class='ocrx_word' id='word_1_115' title='bbox 849 839 1056 880; x_wconf 84' lang='lat' dir='ltr'><strong>pervenerint.</strong></span> <span class='ocrx_word' id='word_1_116' title='bbox 1102 840 1270 879; x_wconf 87' lang='lat' dir='ltr'><strong>Enimvero</strong></span> <span class='ocrx_word' id='word_1_117' title='bbox 1284 842 1340 873; x_wconf 85' lang='lat' dir='ltr'><strong>has</strong></span> <span class='ocrx_word' id='word_1_118' title='bbox 1362 842 1447 883; x_wconf 85' lang='lat' dir='ltr'><strong>ipsas</strong></span> <span class='ocrx_word' id='word_1_119' title='bbox 1460 841 1558 884; x_wconf 89' lang='lat' dir='ltr'><strong>ipsius</strong></span> <span class='ocrx_word' id='word_1_120' title='bbox 1573 851 1648 873; x_wconf 91' lang='lat' dir='ltr'><strong>con-</strong></span> 
     </span>
     <span class='ocr_line' id='line_1_12' title="bbox 186 891 1651 937; baseline 0.003 -16"><span class='ocrx_word' id='word_1_121' title='bbox 186 891 350 930; x_wconf 70' lang='lat' dir='ltr'><strong>cavitates,</strong></span> <span class='ocrx_word' id='word_1_122' title='bbox 363 903 446 934; x_wconf 83' lang='lat' dir='ltr'><strong>aqua</strong></span> <span class='ocrx_word' id='word_1_123' title='bbox 460 892 594 934; x_wconf 71' lang='lat' dir='ltr'><strong>aei-eque</strong></span> <span class='ocrx_word' id='word_1_124' title='bbox 619 893 764 934; x_wconf 81' lang='lat' dir='ltr'><strong>repletas,</strong></span> <span class='ocrx_word' id='word_1_125' title='bbox 787 893 924 935; x_wconf 82' lang='lat' dir='ltr'><strong>speciem</strong></span> <span class='ocrx_word' id='word_1_126' title='bbox 948 894 1104 935; x_wconf 84' lang='lat' dir='ltr'><strong>quandam</strong></span> <span class='ocrx_word' id='word_1_127' title='bbox 1131 894 1244 926; x_wconf 88' lang='lat' dir='ltr'><strong>coloris</strong></span> <span class='ocrx_word' id='word_1_128' title='bbox 1271 894 1473 936; x_wconf 83' lang='lat' dir='ltr'><strong>splendidam</strong></span> <span class='ocrx_word' id='word_1_129' title='bbox 1496 895 1526 926; x_wconf 91' lang='lat' dir='ltr'><strong>in</strong></span> <span class='ocrx_word' id='word_1_130' title='bbox 1546 895 1651 937; x_wconf 89' lang='lat' dir='ltr'><strong>primis</strong></span> 
     </span>
     <span class='ocr_line' id='line_1_13' title="bbox 186 944 1651 991; baseline 0.003 -15"><span class='ocrx_word' id='word_1_131' title='bbox 186 944 296 982; x_wconf 80' lang='lat' dir='ltr'><strong>afferre</strong></span> <span class='ocrx_word' id='word_1_132' title='bbox 310 945 391 978; x_wconf 83' lang='lat' dir='ltr'><strong>inter</strong></span> <span class='ocrx_word' id='word_1_133' title='bbox 405 951 576 986; x_wconf 84' lang='lat' dir='ltr'><strong>ceterorum</strong></span> <span class='ocrx_word' id='word_1_134' title='bbox 591 948 731 978; x_wconf 89' lang='lat' dir='ltr'><strong>colorum</strong></span> <span class='ocrx_word' id='word_1_135' title='bbox 746 947 937 985; x_wconf 86' lang='lat' dir='ltr'><strong>varietatem,</strong></span> <span class='ocrx_word' id='word_1_136' title='bbox 953 952 989 979; x_wconf 83' lang='lat' dir='ltr'><strong>ut</strong></span> <span class='ocrx_word' id='word_1_137' title='bbox 1003 958 1065 980; x_wconf 87' lang='lat' dir='ltr'><strong>una</strong></span> <span class='ocrx_word' id='word_1_138' title='bbox 1079 948 1224 990; x_wconf 84' lang='lat' dir='ltr'><strong>quaedam</strong></span> <span class='ocrx_word' id='word_1_139' title='bbox 1246 949 1367 991; x_wconf 81' lang='lat' dir='ltr'><strong>species</strong></span> <span class='ocrx_word' id='word_1_140' title='bbox 1382 949 1455 990; x_wconf 16' lang='lat' dir='ltr'><strong>ejus*</strong></span> <span class='ocrx_word' id='word_1_141' title='bbox 1466 949 1550 980; x_wconf 80' lang='lat' dir='ltr'><strong>varia</strong></span> <span class='ocrx_word' id='word_1_142' title='bbox 1572 959 1651 981; x_wconf 89' lang='lat' dir='ltr'><strong>sem-</strong></span> 
     </span>
     <span class='ocr_line' id='line_1_14' title="bbox 187 1001 1649 1043; baseline 0.003 -12"><span class='ocrx_word' id='word_1_143' title='bbox 187 1009 245 1042; x_wconf 85' lang='lat' dir='ltr'><strong>per</strong></span> <span class='ocrx_word' id='word_1_144' title='bbox 258 1005 421 1042; x_wconf 72' lang='lat' dir='ltr'><strong>appareat.</strong></span> <span class='ocrx_word' id='word_1_145' title='bbox 465 1001 504 1033; x_wconf 85' lang='lat' dir='ltr'><strong>In</strong></span> <span class='ocrx_word' id='word_1_146' title='bbox 521 1001 701 1043; x_wconf 86' lang='lat' dir='ltr'><strong>hujusmodi</strong></span> <span class='ocrx_word' id='word_1_147' title='bbox 726 1012 797 1033; x_wconf 85' lang='lat' dir='ltr'><strong>vero</strong></span> <span class='ocrx_word' id='word_1_148' title='bbox 824 1006 903 1033; x_wconf 87' lang='lat' dir='ltr'><strong>terra</strong></span> <span class='ocrx_word' id='word_1_149' title='bbox 918 1002 1118 1034; x_wconf 86' lang='lat' dir='ltr'><strong>convenienti</strong></span> <span class='ocrx_word' id='word_1_150' title='bbox 1141 1003 1260 1034; x_wconf 85' lang='lat' dir='ltr'><strong>ratione</strong></span> <span class='ocrx_word' id='word_1_151' title='bbox 1284 1003 1401 1035; x_wconf 86' lang='lat' dir='ltr'><strong>similes</strong></span> <span class='ocrx_word' id='word_1_152' title='bbox 1425 1004 1512 1035; x_wconf 82' lang='lat' dir='ltr'><strong>nasci</strong></span> <span class='ocrx_word' id='word_1_153' title='bbox 1527 1004 1649 1036; x_wconf 81' lang='lat' dir='ltr'><strong>arbores</strong></span> 
     </span>
     <span class='ocr_line' id='line_1_15' title="bbox 183 1054 1652 1099; baseline 0.002 -13"><span class='ocrx_word' id='word_1_154' title='bbox 183 1057 217 1086; x_wconf 87' lang='lat' dir='ltr'><strong>et</strong></span> <span class='ocrx_word' id='word_1_155' title='bbox 230 1054 321 1086; x_wconf 80' lang='lat' dir='ltr'><strong>flores</strong></span> <span class='ocrx_word' id='word_1_156' title='bbox 335 1059 368 1086; x_wconf 88' lang='lat' dir='ltr'><strong>et</strong></span> <span class='ocrx_word' id='word_1_157' title='bbox 381 1055 510 1088; x_wconf 81' lang='lat' dir='ltr'><strong>fructus.</strong></span> <span class='ocrx_word' id='word_1_158' title='bbox 533 1060 682 1097; x_wconf 82' lang='lat' dir='ltr'><strong>praeterea</strong></span> <span class='ocrx_word' id='word_1_159' title='bbox 698 1060 819 1087; x_wconf 86' lang='lat' dir='ltr'><strong>montes</strong></span> <span class='ocrx_word' id='word_1_160' title='bbox 834 1061 866 1087; x_wconf 87' lang='lat' dir='ltr'><strong>et</strong></span> <span class='ocrx_word' id='word_1_161' title='bbox 880 1056 1001 1098; x_wconf 87' lang='lat' dir='ltr'><strong>lapides</strong></span> <span class='ocrx_word' id='word_1_162' title='bbox 1014 1056 1132 1088; x_wconf 87' lang='lat' dir='ltr'><strong>ibidem</strong></span> <span class='ocrx_word' id='word_1_163' title='bbox 1147 1057 1239 1088; x_wconf 80' lang='lat' dir='ltr'><strong>simili</strong></span> <span class='ocrx_word' id='word_1_164' title='bbox 1253 1057 1373 1091; x_wconf 85' lang='lat' dir='ltr'><strong>ratione</strong></span> <span class='ocrx_word' id='word_1_165' title='bbox 1400 1058 1513 1089; x_wconf 84' lang='lat' dir='ltr'><strong>habere</strong></span> <span class='ocrx_word' id='word_1_166' title='bbox 1529 1058 1652 1099; x_wconf 81' lang='lat' dir='ltr'><strong>perfee-</strong></span> 
     </span>
     <span class='ocr_line' id='line_1_16' title="bbox 189 1108 1648 1154; baseline 0.002 -14"><span class='ocrx_word' id='word_1_167' title='bbox 189 1108 308 1141; x_wconf 84' lang='lat' dir='ltr'><strong>tionem</strong></span> <span class='ocrx_word' id='word_1_168' title='bbox 332 1114 428 1152; x_wconf 81' lang='lat' dir='ltr'><strong>atque</strong></span> <span class='ocrx_word' id='word_1_169' title='bbox 442 1110 696 1151; x_wconf 75' lang='lat' dir='ltr'><strong>perspicuitatem</strong></span> <span class='ocrx_word' id='word_1_170' title='bbox 722 1110 904 1151; x_wconf 86' lang='lat' dir='ltr'><strong>coloresque</strong></span> <span class='ocrx_word' id='word_1_171' title='bbox 930 1110 1097 1142; x_wconf 75' lang='lat' dir='ltr'><strong>admodum</strong></span> <span class='ocrx_word' id='word_1_172' title='bbox 1123 1111 1313 1153; x_wconf 83' lang='lat' dir='ltr'><strong>pulchriores</strong></span> <span class='ocrx_word' id='word_1_173' title='bbox 1331 1123 1337 1142; x_wconf 92' lang='lat'>:</span> <span class='ocrx_word' id='word_1_174' title='bbox 1363 1122 1493 1153; x_wconf 88' lang='lat' dir='ltr'><strong>quorum</strong></span> <span class='ocrx_word' id='word_1_175' title='bbox 1520 1113 1648 1154; x_wconf 91' lang='lat' dir='ltr'><strong>quidem</strong></span> 
     </span>
     <span class='ocr_line' id='line_1_17' title="bbox 187 1162 1653 1208; baseline 0.001 -12"><span class='ocrx_word' id='word_1_176' title='bbox 187 1162 349 1205; x_wconf 73' lang='lat' dir='ltr'><strong>particulae</strong></span> <span class='ocrx_word' id='word_1_177' title='bbox 364 1164 508 1206; x_wconf 80' lang='lat' dir='ltr'><strong>quaedam</strong></span> <span class='ocrx_word' id='word_1_178' title='bbox 522 1164 584 1198; x_wconf 86' lang='lat' dir='ltr'><strong>sint</strong></span> <span class='ocrx_word' id='word_1_179' title='bbox 598 1164 711 1206; x_wconf 82' lang='lat' dir='ltr'><strong>lapilli,</strong></span> <span class='ocrx_word' id='word_1_180' title='bbox 736 1164 791 1206; x_wconf 92' lang='lat' dir='ltr'><strong>qui</strong></span> <span class='ocrx_word' id='word_1_181' title='bbox 813 1165 898 1206; x_wconf 85' lang='lat' dir='ltr'><strong>apud</strong></span> <span class='ocrx_word' id='word_1_182' title='bbox 921 1175 980 1196; x_wconf 89' lang='lat' dir='ltr'><strong>nos</strong></span> <span class='ocrx_word' id='word_1_183' title='bbox 994 1165 1147 1199; x_wconf 83' lang='lat' dir='ltr'><strong>habentur</strong></span> <span class='ocrx_word' id='word_1_184' title='bbox 1167 1165 1200 1196; x_wconf 91' lang='lat' dir='ltr'><strong>in</strong></span> <span class='ocrx_word' id='word_1_185' title='bbox 1226 1166 1336 1207; x_wconf 87' lang='lat' dir='ltr'><strong>pretio,</strong></span> <span class='ocrx_word' id='word_1_186' title='bbox 1359 1166 1480 1203; x_wconf 88' lang='lat' dir='ltr'><strong>Sardia,</strong></span> <span class='ocrx_word' id='word_1_187' title='bbox 1494 1166 1653 1208; x_wconf 84' lang='lat' dir='ltr'><strong>Jaspides,</strong></span> 
     </span>
     <span class='ocr_line' id='line_1_18' title="bbox 185 1217 1651 1261; baseline 0.001 -11"><span class='ocrx_word' id='word_1_188' title='bbox 185 1217 348 1259; x_wconf 76' lang='lat' dir='ltr'><strong>smaragdi</strong></span> <span class='ocrx_word' id='word_1_189' title='bbox 361 1218 520 1260; x_wconf 82' lang='lat' dir='ltr'><strong>ceterique</strong></span> <span class='ocrx_word' id='word_1_190' title='bbox 534 1218 700 1260; x_wconf 83' lang='lat' dir='ltr'><strong>ejusmodi.</strong></span> <span class='ocrx_word' id='word_1_191' title='bbox 723 1217 787 1250; x_wconf 89' lang='lat' dir='ltr'><strong>illic</strong></span> <span class='ocrx_word' id='word_1_192' title='bbox 803 1228 875 1249; x_wconf 87' lang='lat' dir='ltr'><strong>vero</strong></span> <span class='ocrx_word' id='word_1_193' title='bbox 891 1218 968 1250; x_wconf 87' lang='lat' dir='ltr'><strong>nihil</strong></span> <span class='ocrx_word' id='word_1_194' title='bbox 983 1228 1062 1255; x_wconf 86' lang='lat' dir='ltr'><strong>esse,</strong></span> <span class='ocrx_word' id='word_1_195' title='bbox 1078 1219 1162 1260; x_wconf 84' lang='lat' dir='ltr'><strong>quod</strong></span> <span class='ocrx_word' id='word_1_196' title='bbox 1180 1229 1244 1251; x_wconf 87' lang='lat' dir='ltr'><strong>non</strong></span> <span class='ocrx_word' id='word_1_197' title='bbox 1260 1219 1321 1252; x_wconf 84' lang='lat' dir='ltr'><strong>tale</strong></span> <span class='ocrx_word' id='word_1_198' title='bbox 1337 1220 1377 1250; x_wconf 87' lang='lat' dir='ltr'><strong>sit</strong></span> <span class='ocrx_word' id='word_1_199' title='bbox 1392 1224 1447 1251; x_wconf 86' lang='lat' dir='ltr'><strong>aut</strong></span> <span class='ocrx_word' id='word_1_200' title='bbox 1461 1219 1555 1252; x_wconf 90' lang='lat' dir='ltr'><strong>etiam</strong></span> <span class='ocrx_word' id='word_1_201' title='bbox 1581 1220 1651 1261; x_wconf 93' lang='lat' dir='ltr'><strong>pul-</strong></span> 
     </span>
     <span class='ocr_line' id='line_1_19' title="bbox 187 1270 1657 1315; baseline -0.001 -10"><span class='ocrx_word' id='word_1_202' title='bbox 187 1272 304 1306; x_wconf 74' lang='lat' dir='ltr'><strong>ebrius.</strong></span> <span class='ocrx_word' id='word_1_203' title='bbox 347 1271 448 1313; x_wconf 84' lang='lat' dir='ltr'><strong>Cujus</strong></span> <span class='ocrx_word' id='word_1_204' title='bbox 463 1271 592 1314; x_wconf 89' lang='lat' dir='ltr'><strong>quidem</strong></span> <span class='ocrx_word' id='word_1_205' title='bbox 607 1273 652 1303; x_wconf 87' lang='lat' dir='ltr'><strong>rei</strong></span> <span class='ocrx_word' id='word_1_206' title='bbox 666 1282 761 1303; x_wconf 85' lang='lat' dir='ltr'><strong>causa</strong></span> <span class='ocrx_word' id='word_1_207' title='bbox 775 1271 826 1309; x_wconf 84' lang='lat' dir='ltr'><strong>sit,</strong></span> <span class='ocrx_word' id='word_1_208' title='bbox 840 1270 989 1312; x_wconf 83' lang='lat' dir='ltr'><strong>quoniam</strong></span> <span class='ocrx_word' id='word_1_209' title='bbox 1014 1271 1135 1313; x_wconf 87' lang='lat' dir='ltr'><strong>lapides</strong></span> <span class='ocrx_word' id='word_1_210' title='bbox 1150 1272 1196 1304; x_wconf 88' lang='lat' dir='ltr'><strong>illi</strong></span> <span class='ocrx_word' id='word_1_211' title='bbox 1212 1272 1281 1314; x_wconf 86' lang='lat' dir='ltr'><strong>puri</strong></span> <span class='ocrx_word' id='word_1_212' title='bbox 1296 1273 1359 1304; x_wconf 90' lang='lat' dir='ltr'><strong>sint</strong></span> <span class='ocrx_word' id='word_1_213' title='bbox 1373 1283 1488 1315; x_wconf 89' lang='lat' dir='ltr'><strong>neque,</strong></span> <span class='ocrx_word' id='word_1_214' title='bbox 1503 1273 1657 1315; x_wconf 84' lang='lat' dir='ltr'><strong>quemad·</strong></span> 
     </span>
     <span class='ocr_line' id='line_1_20' title="bbox 189 1325 1653 1370; baseline -0.001 -11"><span class='ocrx_word' id='word_1_215' title='bbox 189 1326 317 1359; x_wconf 84' lang='lat' dir='ltr'><strong>modum</strong></span> <span class='ocrx_word' id='word_1_216' title='bbox 333 1326 441 1363; x_wconf 78' lang='lat' dir='ltr'><strong>nostri,</strong></span> <span class='ocrx_word' id='word_1_217' title='bbox 465 1337 483 1358; x_wconf 82' lang='lat' dir='ltr'><strong>a</strong></span> <span class='ocrx_word' id='word_1_218' title='bbox 505 1326 673 1368; x_wconf 80' lang='lat' dir='ltr'><strong>putredine</strong></span> <span class='ocrx_word' id='word_1_219' title='bbox 700 1325 924 1368; x_wconf 82' lang='lat' dir='ltr'><strong>sulsugineque</strong></span> <span class='ocrx_word' id='word_1_220' title='bbox 949 1326 1047 1358; x_wconf 75' lang='lat' dir='ltr'><strong>attriti</strong></span> <span class='ocrx_word' id='word_1_221' title='bbox 1073 1332 1168 1368; x_wconf 88' lang='lat' dir='ltr'><strong>atque</strong></span> <span class='ocrx_word' id='word_1_222' title='bbox 1191 1327 1328 1369; x_wconf 86' lang='lat' dir='ltr'><strong>corrupti</strong></span> <span class='ocrx_word' id='word_1_223' title='bbox 1341 1338 1350 1367; x_wconf 89' lang='lat'><strong>;</strong></span> <span class='ocrx_word' id='word_1_224' title='bbox 1374 1327 1487 1370; x_wconf 87' lang='lat' dir='ltr'><strong>quibus</strong></span> <span class='ocrx_word' id='word_1_225' title='bbox 1509 1328 1542 1358; x_wconf 92' lang='lat' dir='ltr'><strong>in</strong></span> <span class='ocrx_word' id='word_1_226' title='bbox 1568 1328 1653 1359; x_wconf 81' lang='lat' dir='ltr'><strong>hunc</strong></span> 
     </span>
     <span class='ocr_line' id='line_1_21' title="bbox 189 1379 1655 1422; baseline 0 -11"><span class='ocrx_word' id='word_1_227' title='bbox 189 1379 292 1415; x_wconf 82' lang='lat' dir='ltr'><strong>locum</strong></span> <span class='ocrx_word' id='word_1_228' title='bbox 308 1380 540 1415; x_wconf 82' lang='lat' dir='ltr'><strong>confluentibus</strong></span> <span class='ocrx_word' id='word_1_229' title='bbox 556 1381 676 1421; x_wconf 81' lang='lat' dir='ltr'><strong>lapides</strong></span> <span class='ocrx_word' id='word_1_230' title='bbox 691 1385 724 1411; x_wconf 87' lang='lat' dir='ltr'><strong>et</strong></span> <span class='ocrx_word' id='word_1_231' title='bbox 740 1380 830 1414; x_wconf 80' lang='lat' dir='ltr'><strong>tellus</strong></span> <span class='ocrx_word' id='word_1_232' title='bbox 846 1379 1054 1422; x_wconf 79' lang='lat' dir='ltr'><strong>animaliaque</strong></span> <span class='ocrx_word' id='word_1_233' title='bbox 1068 1386 1101 1412; x_wconf 92' lang='lat' dir='ltr'><strong>et</strong></span> <span class='ocrx_word' id='word_1_234' title='bbox 1115 1381 1231 1421; x_wconf 85' lang='lat' dir='ltr'><strong>plantae</strong></span> <span class='ocrx_word' id='word_1_235' title='bbox 1247 1380 1427 1412; x_wconf 88' lang='lat' dir='ltr'><strong>inficiuntur</strong></span> <span class='ocrx_word' id='word_1_236' title='bbox 1442 1386 1537 1422; x_wconf 86' lang='lat' dir='ltr'><strong>atque</strong></span> <span class='ocrx_word' id='word_1_237' title='bbox 1558 1390 1655 1422; x_wconf 76' lang='lat' dir='ltr'><strong>aegro-</strong></span> 
     </span>
     <span class='ocr_line' id='line_1_22' title="bbox 183 1433 1655 1476; baseline -0.001 -10"><span class='ocrx_word' id='word_1_238' title='bbox 183 1437 254 1467; x_wconf 64' lang='lat' dir='ltr'><strong>tare</strong></span> <span class='ocrx_word' id='word_1_239' title='bbox 269 1439 434 1476; x_wconf 84' lang='lat' dir='ltr'><strong>coguntur.</strong></span> <span class='ocrx_word' id='word_1_240' title='bbox 477 1433 602 1468; x_wconf 82' lang='lat' dir='ltr'><strong>Terram</strong></span> <span class='ocrx_word' id='word_1_241' title='bbox 625 1445 697 1466; x_wconf 73' lang='lat' dir='ltr'><strong>vero</strong></span> <span class='ocrx_word' id='word_1_242' title='bbox 718 1434 818 1475; x_wconf 75' lang='lat' dir='ltr'><strong>ipsam</strong></span> <span class='ocrx_word' id='word_1_243' title='bbox 843 1434 891 1465; x_wconf 80' lang='lat' dir='ltr'><strong>his</strong></span> <span class='ocrx_word' id='word_1_244' title='bbox 906 1433 1051 1465; x_wconf 84' lang='lat' dir='ltr'><strong>omnibus</strong></span> <span class='ocrx_word' id='word_1_245' title='bbox 1075 1434 1228 1476; x_wconf 81' lang='lat' dir='ltr'><strong>exornari,</strong></span> <span class='ocrx_word' id='word_1_246' title='bbox 1251 1439 1346 1476; x_wconf 82' lang='lat' dir='ltr'><strong>atque</strong></span> <span class='ocrx_word' id='word_1_247' title='bbox 1361 1444 1435 1466; x_wconf 84' lang='lat' dir='ltr'><strong>auro</strong></span> <span class='ocrx_word' id='word_1_248' title='bbox 1451 1435 1545 1467; x_wconf 88' lang='lat' dir='ltr'><strong>etiam</strong></span> <span class='ocrx_word' id='word_1_249' title='bbox 1561 1439 1593 1466; x_wconf 89' lang='lat' dir='ltr'><strong>et</strong></span> <span class='ocrx_word' id='word_1_250' title='bbox 1608 1445 1655 1465; x_wconf 87' lang='lat' dir='ltr'><strong>ar-</strong></span> 
     </span>
     <span class='ocr_line' id='line_1_23' title="bbox 188 1487 1652 1531; baseline 0 -12"><span class='ocrx_word' id='word_1_251' title='bbox 188 1491 285 1530; x_wconf 71' lang='lat' dir='ltr'><strong>gento</strong></span> <span class='ocrx_word' id='word_1_252' title='bbox 309 1487 484 1530; x_wconf 83' lang='lat' dir='ltr'><strong>ceterisque</strong></span> <span class='ocrx_word' id='word_1_253' title='bbox 504 1487 668 1521; x_wconf 76' lang='lat' dir='ltr'><strong>similibus.</strong></span> <span class='ocrx_word' id='word_1_254' title='bbox 694 1487 914 1530; x_wconf 80' lang='lat' dir='ltr'><strong>praefulgentia</strong></span> <span class='ocrx_word' id='word_1_255' title='bbox 929 1487 1057 1529; x_wconf 88' lang='lat' dir='ltr'><strong>quidem</strong></span> <span class='ocrx_word' id='word_1_256' title='bbox 1081 1487 1179 1531; x_wconf 87' lang='lat'><strong>[111]</strong></span> <span class='ocrx_word' id='word_1_257' title='bbox 1202 1488 1270 1520; x_wconf 84' lang='lat' dir='ltr'><strong>haec</strong></span> <span class='ocrx_word' id='word_1_258' title='bbox 1292 1488 1336 1518; x_wconf 90' lang='lat' dir='ltr'><strong>ibi</strong></span> <span class='ocrx_word' id='word_1_259' title='bbox 1351 1487 1438 1520; x_wconf 88' lang='lat' dir='ltr'><strong>nasci</strong></span> <span class='ocrx_word' id='word_1_260' title='bbox 1453 1493 1485 1520; x_wconf 90' lang='lat' dir='ltr'><strong>et</strong></span> <span class='ocrx_word' id='word_1_261' title='bbox 1499 1488 1597 1519; x_wconf 80' lang='lat' dir='ltr'><strong>multa</strong></span> <span class='ocrx_word' id='word_1_262' title='bbox 1619 1492 1652 1520; x_wconf 93' lang='lat' dir='ltr'><strong>et</strong></span> 
     </span>
     <span class='ocr_line' id='line_1_24' title="bbox 187 1541 1656 1584; baseline 0 -10"><span class='ocrx_word' id='word_1_263' title='bbox 187 1551 314 1583; x_wconf 67' lang='lat' dir='ltr'><strong>magun,</strong></span> <span class='ocrx_word' id='word_1_264' title='bbox 330 1551 449 1583; x_wconf 80' lang='lat' dir='ltr'><strong>perque</strong></span> <span class='ocrx_word' id='word_1_265' title='bbox 464 1551 588 1577; x_wconf 85' lang='lat' dir='ltr'><strong>omnem</strong></span> <span class='ocrx_word' id='word_1_266' title='bbox 602 1548 737 1581; x_wconf 76' lang='lat' dir='ltr'><strong>terram5</strong></span> <span class='ocrx_word' id='word_1_267' title='bbox 759 1546 795 1573; x_wconf 83' lang='lat' dir='ltr'><strong>ut</strong></span> <span class='ocrx_word' id='word_1_268' title='bbox 809 1552 878 1575; x_wconf 84' lang='lat' dir='ltr'><strong>eam</strong></span> <span class='ocrx_word' id='word_1_269' title='bbox 901 1541 1007 1573; x_wconf 84' lang='lat' dir='ltr'><strong>videre</strong></span> <span class='ocrx_word' id='word_1_270' title='bbox 1031 1546 1241 1583; x_wconf 84' lang='lat' dir='ltr'><strong>spectatorum</strong></span> <span class='ocrx_word' id='word_1_271' title='bbox 1268 1541 1405 1573; x_wconf 82' lang='lat' dir='ltr'><strong>felicium</strong></span> <span class='ocrx_word' id='word_1_272' title='bbox 1429 1542 1470 1574; x_wconf 87' lang='lat' dir='ltr'><strong>sit</strong></span> <span class='ocrx_word' id='word_1_273' title='bbox 1491 1547 1656 1584; x_wconf 82' lang='lat' dir='ltr'><strong>spectacu-</strong></span> 
     </span>
     <span class='ocr_line' id='line_1_25' title="bbox 189 1594 1654 1638; baseline 0 -10"><span class='ocrx_word' id='word_1_274' title='bbox 189 1595 266 1631; x_wconf 78' lang='lat' dir='ltr'><strong>lum.</strong></span> <span class='ocrx_word' id='word_1_275' title='bbox 308 1595 447 1630; x_wconf 83' lang='lat' dir='ltr'><strong>Proinde</strong></span> <span class='ocrx_word' id='word_1_276' title='bbox 461 1594 507 1627; x_wconf 85' lang='lat' dir='ltr'><strong>ibi</strong></span> <span class='ocrx_word' id='word_1_277' title='bbox 522 1605 589 1627; x_wconf 79' lang='lat' dir='ltr'><strong>esse</strong></span> <span class='ocrx_word' id='word_1_278' title='bbox 603 1595 750 1629; x_wconf 81' lang='lat' dir='ltr'><strong>animalia</strong></span> <span class='ocrx_word' id='word_1_279' title='bbox 763 1595 862 1629; x_wconf 71' lang='lat' dir='ltr'><strong>multa</strong></span> <span class='ocrx_word' id='word_1_280' title='bbox 875 1599 909 1627; x_wconf 89' lang='lat' dir='ltr'><strong>et</strong></span> <span class='ocrx_word' id='word_1_281' title='bbox 924 1596 1077 1633; x_wconf 84' lang='lat' dir='ltr'><strong>homines,</strong></span> <span class='ocrx_word' id='word_1_282' title='bbox 1094 1596 1207 1638; x_wconf 82' lang='lat' dir='ltr'><strong>partim</strong></span> <span class='ocrx_word' id='word_1_283' title='bbox 1222 1595 1381 1637; x_wconf 88' lang='lat' dir='ltr'><strong>regionem</strong></span> <span class='ocrx_word' id='word_1_284' title='bbox 1397 1596 1654 1629; x_wconf 80' lang='lat' dir='ltr'><strong>mediterraneam</strong></span> 
     </span>
     <span class='ocr_line' id='line_1_26' title="bbox 187 1648 1655 1693; baseline 0.001 -13"><span class='ocrx_word' id='word_1_285' title='bbox 187 1648 374 1687; x_wconf 76' lang='lat' dir='ltr'><strong>incolentes,</strong></span> <span class='ocrx_word' id='word_1_286' title='bbox 389 1649 501 1692; x_wconf 80' lang='lat' dir='ltr'><strong>partim</strong></span> <span class='ocrx_word' id='word_1_287' title='bbox 517 1649 598 1681; x_wconf 83' lang='lat' dir='ltr'><strong>cirea</strong></span> <span class='ocrx_word' id='word_1_288' title='bbox 613 1648 730 1690; x_wconf 72' lang='lat' dir='ltr'><strong>aetem,</strong></span> <span class='ocrx_word' id='word_1_289' title='bbox 754 1650 1019 1690; x_wconf 85' lang='lat' dir='ltr'><strong>quemadmodum</strong></span> <span class='ocrx_word' id='word_1_290' title='bbox 1034 1661 1092 1681; x_wconf 88' lang='lat' dir='ltr'><strong>nos</strong></span> <span class='ocrx_word' id='word_1_291' title='bbox 1108 1649 1190 1685; x_wconf 85' lang='lat' dir='ltr'><strong>circa</strong></span> <span class='ocrx_word' id='word_1_292' title='bbox 1206 1650 1298 1681; x_wconf 88' lang='lat' dir='ltr'><strong>maris</strong></span> <span class='ocrx_word' id='word_1_293' title='bbox 1313 1650 1416 1693; x_wconf 82' lang='lat' dir='ltr'><strong>litora,</strong></span> <span class='ocrx_word' id='word_1_294' title='bbox 1430 1650 1541 1692; x_wconf 90' lang='lat' dir='ltr'><strong>partim</strong></span> <span class='ocrx_word' id='word_1_295' title='bbox 1558 1651 1655 1682; x_wconf 83' lang='lat' dir='ltr'><strong>etiam</strong></span> 
     </span>
     <span class='ocr_line' id='line_1_27' title="bbox 190 1703 1654 1745; baseline 0 -10"><span class='ocrx_word' id='word_1_296' title='bbox 190 1703 307 1738; x_wconf 79' lang='lat' dir='ltr'><strong>insulas</strong></span> <span class='ocrx_word' id='word_1_297' title='bbox 321 1713 392 1745; x_wconf 74' lang='lat' dir='ltr'><strong>quse</strong></span> <span class='ocrx_word' id='word_1_298' title='bbox 407 1703 492 1735; x_wconf 84' lang='lat' dir='ltr'><strong>haud</strong></span> <span class='ocrx_word' id='word_1_299' title='bbox 507 1703 615 1745; x_wconf 83' lang='lat' dir='ltr'><strong>procul</strong></span> <span class='ocrx_word' id='word_1_300' title='bbox 632 1714 651 1734; x_wconf 89' lang='lat' dir='ltr'><strong>a</strong></span> <span class='ocrx_word' id='word_1_301' title='bbox 663 1703 838 1736; x_wconf 87' lang='lat' dir='ltr'><strong>continenti</strong></span> <span class='ocrx_word' id='word_1_302' title='bbox 854 1703 969 1745; x_wconf 69' lang='lat' dir='ltr'><strong>posite</strong></span> <span class='ocrx_word' id='word_1_303' title='bbox 983 1704 1056 1736; x_wconf 67' lang='lat' dir='ltr'><strong>a&#39;elre</strong></span> <span class='ocrx_word' id='word_1_304' title='bbox 1071 1704 1312 1736; x_wconf 85' lang='lat' dir='ltr'><strong>circumdantur.</strong></span> <span class='ocrx_word' id='word_1_305' title='bbox 1345 1705 1422 1743; x_wconf 89' lang='lat' dir='ltr'><strong>Sed,</strong></span> <span class='ocrx_word' id='word_1_306' title='bbox 1432 1709 1467 1736; x_wconf 90' lang='lat' dir='ltr'><strong>ut</strong></span> <span class='ocrx_word' id='word_1_307' title='bbox 1479 1704 1654 1736; x_wconf 82' lang='lat' dir='ltr'><strong>summatim</strong></span> 
     </span>
     <span class='ocr_line' id='line_1_28' title="bbox 188 1756 1655 1800; baseline 0.001 -11"><span class='ocrx_word' id='word_1_308' title='bbox 188 1757 304 1795; x_wconf 70' lang='lat' dir='ltr'><strong>dicam,</strong></span> <span class='ocrx_word' id='word_1_309' title='bbox 320 1757 407 1799; x_wconf 85' lang='lat' dir='ltr'><strong>quod</strong></span> <span class='ocrx_word' id='word_1_310' title='bbox 422 1756 513 1792; x_wconf 83' lang='lat' dir='ltr'><strong>nobis</strong></span> <span class='ocrx_word' id='word_1_311' title='bbox 527 1767 609 1798; x_wconf 83' lang='lat' dir='ltr'><strong>aqua</strong></span> <span class='ocrx_word' id='word_1_312' title='bbox 623 1762 672 1789; x_wconf 85' lang='lat' dir='ltr'><strong>est</strong></span> <span class='ocrx_word' id='word_1_313' title='bbox 686 1762 720 1788; x_wconf 86' lang='lat' dir='ltr'><strong>et</strong></span> <span class='ocrx_word' id='word_1_314' title='bbox 733 1767 815 1788; x_wconf 86' lang='lat' dir='ltr'><strong>mare</strong></span> <span class='ocrx_word' id='word_1_315' title='bbox 830 1758 870 1789; x_wconf 83' lang='lat' dir='ltr'><strong>ad</strong></span> <span class='ocrx_word' id='word_1_316' title='bbox 886 1768 976 1790; x_wconf 88' lang='lat' dir='ltr'><strong>usum</strong></span> <span class='ocrx_word' id='word_1_317' title='bbox 991 1763 1142 1795; x_wconf 87' lang='lat' dir='ltr'><strong>nostrum,</strong></span> <span class='ocrx_word' id='word_1_318' title='bbox 1158 1758 1241 1790; x_wconf 83' lang='lat' dir='ltr'><strong>idem</strong></span> <span class='ocrx_word' id='word_1_319' title='bbox 1257 1758 1321 1790; x_wconf 89' lang='lat' dir='ltr'><strong>illic</strong></span> <span class='ocrx_word' id='word_1_320' title='bbox 1336 1769 1402 1790; x_wconf 87' lang='lat' dir='ltr'><strong>esse</strong></span> <span class='ocrx_word' id='word_1_321' title='bbox 1417 1757 1541 1791; x_wconf 67' lang='lat' dir='ltr'><strong>aerem:</strong></span> <span class='ocrx_word' id='word_1_322' title='bbox 1568 1759 1655 1800; x_wconf 88' lang='lat' dir='ltr'><strong>quod</strong></span> 
     </span>
     <span class='ocr_line' id='line_1_29' title="bbox 190 1811 1655 1854; baseline 0.001 -12"><span class='ocrx_word' id='word_1_323' title='bbox 190 1821 264 1846; x_wconf 79' lang='lat' dir='ltr'><strong>vero</strong></span> <span class='ocrx_word' id='word_1_324' title='bbox 279 1811 370 1843; x_wconf 83' lang='lat' dir='ltr'><strong>nobis</strong></span> <span class='ocrx_word' id='word_1_325' title='bbox 385 1811 452 1853; x_wconf 65' lang='lat' dir='ltr'><strong>aer,</strong></span> <span class='ocrx_word' id='word_1_326' title='bbox 466 1811 499 1842; x_wconf 89' lang='lat' dir='ltr'><strong>id</strong></span> <span class='ocrx_word' id='word_1_327' title='bbox 516 1811 576 1850; x_wconf 81' lang='lat' dir='ltr'><strong>illis</strong></span> <span class='ocrx_word' id='word_1_328' title='bbox 588 1812 736 1843; x_wconf 77' lang='lat' dir='ltr'><strong>aetherem</strong></span> <span class='ocrx_word' id='word_1_329' title='bbox 752 1821 831 1844; x_wconf 83' lang='lat' dir='ltr'><strong>esse.</strong></span> <span class='ocrx_word' id='word_1_330' title='bbox 876 1811 1032 1854; x_wconf 81' lang='lat' dir='ltr'><strong>Tempora</strong></span> <span class='ocrx_word' id='word_1_331' title='bbox 1048 1821 1121 1842; x_wconf 90' lang='lat' dir='ltr'><strong>vero</strong></span> <span class='ocrx_word' id='word_1_332' title='bbox 1137 1812 1222 1854; x_wconf 88' lang='lat' dir='ltr'><strong>apud</strong></span> <span class='ocrx_word' id='word_1_333' title='bbox 1237 1811 1307 1842; x_wconf 91' lang='lat' dir='ltr'><strong>illos</strong></span> <span class='ocrx_word' id='word_1_334' title='bbox 1321 1816 1441 1844; x_wconf 80' lang='lat' dir='ltr'><strong>tantam</strong></span> <span class='ocrx_word' id='word_1_335' title='bbox 1453 1813 1565 1844; x_wconf 86' lang='lat' dir='ltr'><strong>habere</strong></span> <span class='ocrx_word' id='word_1_336' title='bbox 1575 1817 1655 1844; x_wconf 89' lang='lat' dir='ltr'><strong>tem-</strong></span> 
     </span>
     <span class='ocr_line' id='line_1_30' title="bbox 192 1865 1653 1908; baseline -0.001 -9"><span class='ocrx_word' id='word_1_337' title='bbox 192 1865 322 1908; x_wconf 71' lang='lat' dir='ltr'><strong>periem,</strong></span> <span class='ocrx_word' id='word_1_338' title='bbox 338 1870 375 1897; x_wconf 90' lang='lat' dir='ltr'><strong>ut</strong></span> <span class='ocrx_word' id='word_1_339' title='bbox 388 1865 434 1898; x_wconf 89' lang='lat' dir='ltr'><strong>illi</strong></span> <span class='ocrx_word' id='word_1_340' title='bbox 455 1870 488 1903; x_wconf 78' lang='lat' dir='ltr'><strong>et</strong></span> <span class='ocrx_word' id='word_1_341' title='bbox 507 1865 574 1896; x_wconf 84' lang='lat' dir='ltr'><strong>sine</strong></span> <span class='ocrx_word' id='word_1_342' title='bbox 589 1866 696 1900; x_wconf 81' lang='lat' dir='ltr'><strong>morbo</strong></span> <span class='ocrx_word' id='word_1_343' title='bbox 719 1865 868 1897; x_wconf 84' lang='lat' dir='ltr'><strong>continue</strong></span> <span class='ocrx_word' id='word_1_344' title='bbox 891 1869 925 1897; x_wconf 91' lang='lat' dir='ltr'><strong>et</strong></span> <span class='ocrx_word' id='word_1_345' title='bbox 939 1865 1032 1907; x_wconf 89' lang='lat' dir='ltr'><strong>longe</strong></span> <span class='ocrx_word' id='word_1_346' title='bbox 1052 1865 1184 1903; x_wconf 84' lang='lat' dir='ltr'><strong>diutius,</strong></span> <span class='ocrx_word' id='word_1_347' title='bbox 1198 1875 1290 1907; x_wconf 83' lang='lat' dir='ltr'><strong>quam</strong></span> <span class='ocrx_word' id='word_1_348' title='bbox 1315 1865 1423 1903; x_wconf 88' lang='lat' dir='ltr'><strong>nostri,</strong></span> <span class='ocrx_word' id='word_1_349' title='bbox 1438 1865 1556 1897; x_wconf 86' lang='lat' dir='ltr'><strong>vivant.</strong></span> <span class='ocrx_word' id='word_1_350' title='bbox 1577 1866 1653 1898; x_wconf 89' lang='lat' dir='ltr'><strong>item</strong></span> 
     </span>
     <span class='ocr_line' id='line_1_31' title="bbox 192 1918 1655 1961; baseline 0.001 -10"><span class='ocrx_word' id='word_1_351' title='bbox 192 1919 274 1961; x_wconf 82' lang='lat' dir='ltr'><strong>visu,</strong></span> <span class='ocrx_word' id='word_1_352' title='bbox 286 1919 411 1957; x_wconf 81' lang='lat' dir='ltr'><strong>auditu,</strong></span> <span class='ocrx_word' id='word_1_353' title='bbox 437 1919 605 1961; x_wconf 81' lang='lat' dir='ltr'><strong>prudentia</strong></span> <span class='ocrx_word' id='word_1_354' title='bbox 626 1918 799 1959; x_wconf 81' lang='lat' dir='ltr'><strong>ceterisque</strong></span> <span class='ocrx_word' id='word_1_355' title='bbox 822 1918 937 1950; x_wconf 84' lang='lat' dir='ltr'><strong>talibus</strong></span> <span class='ocrx_word' id='word_1_356' title='bbox 959 1918 1050 1950; x_wconf 83' lang='lat' dir='ltr'><strong>nobis</strong></span> <span class='ocrx_word' id='word_1_357' title='bbox 1072 1923 1193 1951; x_wconf 84' lang='lat' dir='ltr'><strong>tantum</strong></span> <span class='ocrx_word' id='word_1_358' title='bbox 1216 1923 1373 1960; x_wconf 84' lang='lat' dir='ltr'><strong>praestare,</strong></span> <span class='ocrx_word' id='word_1_359' title='bbox 1388 1923 1539 1960; x_wconf 88' lang='lat' dir='ltr'><strong>quantum</strong></span> <span class='ocrx_word' id='word_1_360' title='bbox 1555 1924 1588 1951; x_wconf 88' lang='lat' dir='ltr'><strong>et</strong></span> <span class='ocrx_word' id='word_1_361' title='bbox 1601 1919 1655 1952; x_wconf 68' lang='lat' dir='ltr'><strong>aet</strong></span> 
     </span>
     <span class='ocr_line' id='line_1_32' title="bbox 189 1972 1656 2015; baseline 0 -9"><span class='ocrx_word' id='word_1_362' title='bbox 189 1983 281 2015; x_wconf 70' lang='lat' dir='ltr'><strong>aqum</strong></span> <span class='ocrx_word' id='word_1_363' title='bbox 304 1978 338 2010; x_wconf 77' lang='lat' dir='ltr'><strong>et</strong></span> <span class='ocrx_word' id='word_1_364' title='bbox 352 1974 449 2005; x_wconf 78' lang='lat' dir='ltr'><strong>aether</strong></span> <span class='ocrx_word' id='word_1_365' title='bbox 462 1972 529 2006; x_wconf 67' lang='lat' dir='ltr'><strong>aeri</strong></span> <span class='ocrx_word' id='word_1_366' title='bbox 545 1972 679 2015; x_wconf 84' lang='lat' dir='ltr'><strong>puritate</strong></span> <span class='ocrx_word' id='word_1_367' title='bbox 695 1977 833 2015; x_wconf 79' lang='lat' dir='ltr'><strong>praestat.</strong></span> <span class='ocrx_word' id='word_1_368' title='bbox 877 1972 1034 2004; x_wconf 72' lang='lat' dir='ltr'><strong>Ptaeterea</strong></span> <span class='ocrx_word' id='word_1_369' title='bbox 1047 1972 1110 2004; x_wconf 92' lang='lat' dir='ltr'><strong>illic</strong></span> <span class='ocrx_word' id='word_1_370' title='bbox 1137 1983 1204 2004; x_wconf 73' lang='lat' dir='ltr'><strong>esse</strong></span> <span class='ocrx_word' id='word_1_371' title='bbox 1226 1973 1355 2004; x_wconf 85' lang='lat' dir='ltr'><strong>deorum</strong></span> <span class='ocrx_word' id='word_1_372' title='bbox 1377 1973 1495 2014; x_wconf 84' lang='lat' dir='ltr'><strong>templa</strong></span> <span class='ocrx_word' id='word_1_373' title='bbox 1509 1978 1541 2005; x_wconf 84' lang='lat' dir='ltr'><strong>et</strong></span> <span class='ocrx_word' id='word_1_374' title='bbox 1556 1973 1656 2012; x_wconf 85' lang='lat' dir='ltr'><strong>lucos,</strong></span> 
     </span>
     <span class='ocr_line' id='line_1_33' title="bbox 193 2026 1656 2070; baseline 0 -11"><span class='ocrx_word' id='word_1_375' title='bbox 193 2027 227 2064; x_wconf 80' lang='lat' dir='ltr'><strong>in</strong></span> <span class='ocrx_word' id='word_1_376' title='bbox 241 2027 357 2070; x_wconf 83' lang='lat' dir='ltr'><strong>quibus</strong></span> <span class='ocrx_word' id='word_1_377' title='bbox 379 2037 485 2062; x_wconf 75' lang='lat' dir='ltr'><strong>revera</strong></span> <span class='ocrx_word' id='word_1_378' title='bbox 499 2027 545 2059; x_wconf 92' lang='lat' dir='ltr'><strong>dii</strong></span> <span class='ocrx_word' id='word_1_379' title='bbox 568 2027 758 2061; x_wconf 73' lang='lat' dir='ltr'><strong>familiariter</strong></span> <span class='ocrx_word' id='word_1_380' title='bbox 780 2027 936 2065; x_wconf 86' lang='lat' dir='ltr'><strong>habitent,</strong></span> <span class='ocrx_word' id='word_1_381' title='bbox 960 2031 992 2059; x_wconf 91' lang='lat' dir='ltr'><strong>et</strong></span> <span class='ocrx_word' id='word_1_382' title='bbox 1014 2037 1163 2068; x_wconf 84' lang='lat' dir='ltr'><strong>responsa</strong></span> <span class='ocrx_word' id='word_1_383' title='bbox 1185 2031 1219 2058; x_wconf 87' lang='lat' dir='ltr'><strong>et</strong></span> <span class='ocrx_word' id='word_1_384' title='bbox 1239 2026 1451 2058; x_wconf 83' lang='lat' dir='ltr'><strong>divinationes</strong></span> <span class='ocrx_word' id='word_1_385' title='bbox 1464 2028 1656 2070; x_wconf 86' lang='lat' dir='ltr'><strong>deorumque</strong></span> 
     </span>
     <span class='ocr_line' id='line_1_34' title="bbox 194 2081 1656 2124; baseline 0.001 -12"><span class='ocrx_word' id='word_1_386' title='bbox 194 2091 303 2113; x_wconf 83' lang='lat' dir='ltr'><strong>sensus</strong></span> <span class='ocrx_word' id='word_1_387' title='bbox 317 2081 606 2124; x_wconf 71' lang='lat' dir='ltr'><strong>familiaritatesque</strong></span> <span class='ocrx_word' id='word_1_388' title='bbox 621 2081 778 2124; x_wconf 88' lang='lat' dir='ltr'><strong>ejusmodi</strong></span> <span class='ocrx_word' id='word_1_389' title='bbox 793 2081 970 2113; x_wconf 85' lang='lat' dir='ltr'><strong>hominibus</strong></span> <span class='ocrx_word' id='word_1_390' title='bbox 984 2081 1024 2113; x_wconf 80' lang='lat' dir='ltr'><strong>ad</strong></span> <span class='ocrx_word' id='word_1_391' title='bbox 1039 2081 1116 2113; x_wconf 85' lang='lat' dir='ltr'><strong>deos</strong></span> <span class='ocrx_word' id='word_1_392' title='bbox 1130 2091 1210 2112; x_wconf 85' lang='lat' dir='ltr'><strong>esse.</strong></span> <span class='ocrx_word' id='word_1_393' title='bbox 1244 2081 1349 2112; x_wconf 88' lang='lat' dir='ltr'><strong>Solem</strong></span> <span class='ocrx_word' id='word_1_394' title='bbox 1364 2091 1490 2123; x_wconf 90' lang='lat' dir='ltr'><strong>quoque</strong></span> <span class='ocrx_word' id='word_1_395' title='bbox 1505 2086 1536 2113; x_wconf 85' lang='lat' dir='ltr'><strong>et</strong></span> <span class='ocrx_word' id='word_1_396' title='bbox 1551 2081 1656 2113; x_wconf 87' lang='lat' dir='ltr'><strong>lunam</strong></span> 
     </span>
     <span class='ocr_line' id='line_1_35' title="bbox 186 2134 1657 2178; baseline -0.001 -11"><span class='ocrx_word' id='word_1_397' title='bbox 186 2134 463 2178; x_wconf 55' lang='lat' dir='ltr'><strong>stellasquessalias,</strong></span> <span class='ocrx_word' id='word_1_398' title='bbox 478 2135 586 2177; x_wconf 78' lang='lat' dir='ltr'><strong>quales</strong></span> <span class='ocrx_word' id='word_1_399' title='bbox 598 2146 700 2168; x_wconf 88' lang='lat' dir='ltr'><strong>revera</strong></span> <span class='ocrx_word' id='word_1_400' title='bbox 717 2140 800 2173; x_wconf 86' lang='lat' dir='ltr'><strong>sunt,</strong></span> <span class='ocrx_word' id='word_1_401' title='bbox 823 2135 908 2177; x_wconf 85' lang='lat' dir='ltr'><strong>apud</strong></span> <span class='ocrx_word' id='word_1_402' title='bbox 923 2145 977 2167; x_wconf 78' lang='lat' dir='ltr'><strong>eos</strong></span> <span class='ocrx_word' id='word_1_403' title='bbox 999 2134 1098 2166; x_wconf 89' lang='lat' dir='ltr'><strong>videri</strong></span> <span class='ocrx_word' id='word_1_404' title='bbox 1111 2146 1118 2165; x_wconf 91' lang='lat'>:</span> <span class='ocrx_word' id='word_1_405' title='bbox 1143 2134 1254 2167; x_wconf 85' lang='lat' dir='ltr'><strong>ceteris</strong></span> <span class='ocrx_word' id='word_1_406' title='bbox 1268 2134 1302 2165; x_wconf 88' lang='lat' dir='ltr'><strong>in</strong></span> <span class='ocrx_word' id='word_1_407' title='bbox 1318 2136 1408 2167; x_wconf 85' lang='lat' dir='ltr'><strong>rebus</strong></span> <span class='ocrx_word' id='word_1_408' title='bbox 1429 2135 1657 2167; x_wconf 87' lang='lat' dir='ltr'><strong>beatitudinem</strong></span> 
     </span>
     <span class='ocr_line' id='line_1_36' title="bbox 192 2188 1657 2231; baseline -0.001 -10"><span class='ocrx_word' id='word_1_409' title='bbox 192 2199 249 2224; x_wconf 72' lang='lat' dir='ltr'><strong>eos</strong></span> <span class='ocrx_word' id='word_1_410' title='bbox 263 2189 310 2229; x_wconf 75' lang='lat' dir='ltr'><strong>his</strong></span> <span class='ocrx_word' id='word_1_411' title='bbox 325 2189 415 2222; x_wconf 83' lang='lat' dir='ltr'><strong>rebus</strong></span> <span class='ocrx_word' id='word_1_412' title='bbox 430 2199 598 2231; x_wconf 76' lang='lat' dir='ltr'><strong>congruam</strong></span> <span class='ocrx_word' id='word_1_413' title='bbox 615 2189 785 2231; x_wconf 86' lang='lat' dir='ltr'><strong>possidere.</strong></span> <span class='ocrx_word' id='word_1_414' title='bbox 831 2189 945 2231; x_wconf 84' lang='lat' dir='ltr'><strong>Itaque</strong></span> <span class='ocrx_word' id='word_1_415' title='bbox 970 2188 1145 2220; x_wconf 79' lang='lat' dir='ltr'><strong>universam</strong></span> <span class='ocrx_word' id='word_1_416' title='bbox 1162 2193 1272 2221; x_wconf 84' lang='lat' dir='ltr'><strong>terram</strong></span> <span class='ocrx_word' id='word_1_417' title='bbox 1287 2188 1332 2220; x_wconf 85' lang='lat' dir='ltr'><strong>sic</strong></span> <span class='ocrx_word' id='word_1_418' title='bbox 1346 2193 1457 2220; x_wconf 84' lang='lat' dir='ltr'><strong>natura</strong></span> <span class='ocrx_word' id='word_1_419' title='bbox 1470 2188 1657 2226; x_wconf 83' lang='lat' dir='ltr'><strong>institutam,</strong></span> 
     </span>
     <span class='ocr_line' id='line_1_37' title="bbox 193 2242 1655 2286; baseline 0 -12"><span class='ocrx_word' id='word_1_420' title='bbox 193 2248 227 2282; x_wconf 77' lang='lat' dir='ltr'><strong>et</strong></span> <span class='ocrx_word' id='word_1_421' title='bbox 237 2254 309 2286; x_wconf 75' lang='lat' dir='ltr'><strong>quae</strong></span> <span class='ocrx_word' id='word_1_422' title='bbox 323 2243 405 2281; x_wconf 73' lang='lat' dir='ltr'><strong>circa</strong></span> <span class='ocrx_word' id='word_1_423' title='bbox 418 2254 488 2282; x_wconf 87' lang='lat' dir='ltr'><strong>eam</strong></span> <span class='ocrx_word' id='word_1_424' title='bbox 502 2247 575 2276; x_wconf 86' lang='lat' dir='ltr'><strong>sunt</strong></span> <span class='ocrx_word' id='word_1_425' title='bbox 589 2243 728 2280; x_wconf 86' lang='lat' dir='ltr'><strong>similiter</strong></span> <span class='ocrx_word' id='word_1_426' title='bbox 743 2243 880 2276; x_wconf 82' lang='lat' dir='ltr'><strong>tradunt.</strong></span> <span class='ocrx_word' id='word_1_427' title='bbox 905 2242 981 2274; x_wconf 86' lang='lat' dir='ltr'><strong>Esse</strong></span> <span class='ocrx_word' id='word_1_428' title='bbox 997 2247 1146 2285; x_wconf 84' lang='lat' dir='ltr'><strong>praeterea</strong></span> <span class='ocrx_word' id='word_1_429' title='bbox 1162 2242 1195 2273; x_wconf 90' lang='lat' dir='ltr'><strong>in</strong></span> <span class='ocrx_word' id='word_1_430' title='bbox 1210 2243 1278 2284; x_wconf 86' lang='lat' dir='ltr'><strong>ipsa</strong></span> <span class='ocrx_word' id='word_1_431' title='bbox 1290 2253 1346 2284; x_wconf 91' lang='lat' dir='ltr'><strong>per</strong></span> <span class='ocrx_word' id='word_1_432' title='bbox 1360 2242 1429 2284; x_wconf 90' lang='lat' dir='ltr'><strong>ejus</strong></span> <span class='ocrx_word' id='word_1_433' title='bbox 1443 2243 1655 2274; x_wconf 82' lang='lat' dir='ltr'><strong>concavitates</strong></span> 
     </span>
     <span class='ocr_line' id='line_1_38' title="bbox 193 2297 1655 2340; baseline 0 -12"><span class='ocrx_word' id='word_1_434' title='bbox 193 2297 265 2337; x_wconf 85' lang='lat' dir='ltr'><strong>loca</strong></span> <span class='ocrx_word' id='word_1_435' title='bbox 278 2297 310 2330; x_wconf 89' lang='lat' dir='ltr'><strong>in</strong></span> <span class='ocrx_word' id='word_1_436' title='bbox 322 2297 471 2331; x_wconf 85' lang='lat' dir='ltr'><strong>circulum</strong></span> <span class='ocrx_word' id='word_1_437' title='bbox 489 2297 596 2335; x_wconf 81' lang='lat' dir='ltr'><strong>multa,</strong></span> <span class='ocrx_word' id='word_1_438' title='bbox 613 2298 723 2340; x_wconf 86' lang='lat' dir='ltr'><strong>partim</strong></span> <span class='ocrx_word' id='word_1_439' title='bbox 746 2297 874 2340; x_wconf 86' lang='lat' dir='ltr'><strong>quidem</strong></span> <span class='ocrx_word' id='word_1_440' title='bbox 890 2297 1095 2340; x_wconf 83' lang='lat' dir='ltr'><strong>profundiora</strong></span> <span class='ocrx_word' id='word_1_441' title='bbox 1110 2301 1205 2338; x_wconf 87' lang='lat' dir='ltr'><strong>atque</strong></span> <span class='ocrx_word' id='word_1_442' title='bbox 1227 2297 1390 2339; x_wconf 85' lang='lat' dir='ltr'><strong>ampliora,</strong></span> <span class='ocrx_word' id='word_1_443' title='bbox 1406 2305 1500 2339; x_wconf 84' lang='lat' dir='ltr'><strong>quarn</strong></span> <span class='ocrx_word' id='word_1_444' title='bbox 1516 2297 1556 2327; x_wconf 89' lang='lat' dir='ltr'><strong>sit</strong></span> <span class='ocrx_word' id='word_1_445' title='bbox 1571 2297 1655 2337; x_wconf 87' lang='lat' dir='ltr'><strong>regio</strong></span> 
     </span>
     <span class='ocr_line' id='line_1_39' title="bbox 192 2350 1656 2394; baseline -0.001 -11"><span class='ocrx_word' id='word_1_446' title='bbox 192 2361 216 2391; x_wconf 58' lang='grc' dir='ltr'><strong>,ιι</strong></span> <span class='ocrx_word' id='word_1_447' title='bbox 230 2352 322 2384; x_wconf 86' lang='lat' dir='ltr'><strong>nobis</strong></span> <span class='ocrx_word' id='word_1_448' title='bbox 337 2351 440 2392; x_wconf 76' lang='lat' dir='ltr'><strong>culta3</strong></span> <span class='ocrx_word' id='word_1_449' title='bbox 466 2352 575 2394; x_wconf 89' lang='lat' dir='ltr'><strong>partim</strong></span> <span class='ocrx_word' id='word_1_450' title='bbox 591 2363 664 2384; x_wconf 86' lang='lat' dir='ltr'><strong>vero</strong></span> <span class='ocrx_word' id='word_1_451' title='bbox 679 2351 882 2393; x_wconf 80' lang='lat' dir='ltr'><strong>profundiora</strong></span> <span class='ocrx_word' id='word_1_452' title='bbox 904 2351 1044 2394; x_wconf 86' lang='lat' dir='ltr'><strong>quidem,</strong></span> <span class='ocrx_word' id='word_1_453' title='bbox 1072 2351 1126 2383; x_wconf 81' lang='lat' dir='ltr'><strong>sed</strong></span> <span class='ocrx_word' id='word_1_454' title='bbox 1148 2351 1269 2382; x_wconf 89' lang='lat' dir='ltr'><strong>hiatum</strong></span> <span class='ocrx_word' id='word_1_455' title='bbox 1285 2350 1492 2392; x_wconf 83' lang='lat' dir='ltr'><strong>angustiorem</strong></span> <span class='ocrx_word' id='word_1_456' title='bbox 1508 2351 1656 2382; x_wconf 81' lang='lat' dir='ltr'><strong>habentia</strong></span> 
     </span>
     <span class='ocr_line' id='line_1_40' title="bbox 192 2404 1657 2448; baseline 0 -11"><span class='ocrx_word' id='word_1_457' title='bbox 192 2410 301 2445; x_wconf 68' lang='lat' dir='ltr'><strong>nostra</strong></span> <span class='ocrx_word' id='word_1_458' title='bbox 327 2406 387 2437; x_wconf 87' lang='lat' dir='ltr'><strong>hac</strong></span> <span class='ocrx_word' id='word_1_459' title='bbox 411 2405 549 2448; x_wconf 86' lang='lat' dir='ltr'><strong>regione.</strong></span> <span class='ocrx_word' id='word_1_460' title='bbox 572 2416 640 2438; x_wconf 85' lang='lat' dir='ltr'><strong>esse</strong></span> <span class='ocrx_word' id='word_1_461' title='bbox 665 2410 698 2437; x_wconf 90' lang='lat' dir='ltr'><strong>et</strong></span> <span class='ocrx_word' id='word_1_462' title='bbox 723 2405 840 2437; x_wconf 87' lang='lat' dir='ltr'><strong>alicubi</strong></span> <span class='ocrx_word' id='word_1_463' title='bbox 865 2405 967 2436; x_wconf 88' lang='lat' dir='ltr'><strong>minus</strong></span> <span class='ocrx_word' id='word_1_464' title='bbox 995 2404 1164 2446; x_wconf 79' lang='lat' dir='ltr'><strong>profunda,</strong></span> <span class='ocrx_word' id='word_1_465' title='bbox 1183 2405 1244 2436; x_wconf 66' lang='lat' dir='ltr'><strong>sed</strong></span> <span class='ocrx_word' id='word_1_466' title='bbox 1268 2404 1418 2447; x_wconf 80' lang='lat' dir='ltr'><strong>ampliora</strong></span> <span class='ocrx_word' id='word_1_467' title='bbox 1431 2414 1525 2446; x_wconf 81' lang='lat' dir='ltr'><strong>quam</strong></span> <span class='ocrx_word' id='word_1_468' title='bbox 1540 2409 1657 2437; x_wconf 86' lang='lat' dir='ltr'><strong>nostra.</strong></span> 
     </span>
     <span class='ocr_line' id='line_1_41' title="bbox 197 2458 1658 2502; baseline -0.002 -11"><span class='ocrx_word' id='word_1_469' title='bbox 197 2459 278 2491; x_wconf 83' lang='lat' dir='ltr'><strong>Haec</strong></span> <span class='ocrx_word' id='word_1_470' title='bbox 293 2463 397 2497; x_wconf 77' lang='lat' dir='ltr'><strong>autem</strong></span> <span class='ocrx_word' id='word_1_471' title='bbox 412 2459 517 2497; x_wconf 80' lang='lat' dir='ltr'><strong>omnia</strong></span> <span class='ocrx_word' id='word_1_472' title='bbox 531 2460 589 2491; x_wconf 85' lang='lat' dir='ltr'><strong>sub</strong></span> <span class='ocrx_word' id='word_1_473' title='bbox 606 2464 683 2492; x_wconf 84' lang='lat' dir='ltr'><strong>terra</strong></span> <span class='ocrx_word' id='word_1_474' title='bbox 708 2460 769 2491; x_wconf 79' lang='lat' dir='ltr'><strong>sibi</strong></span> <span class='ocrx_word' id='word_1_475' title='bbox 794 2458 928 2491; x_wconf 86' lang='lat' dir='ltr'><strong>invicem</strong></span> <span class='ocrx_word' id='word_1_476' title='bbox 955 2458 1094 2500; x_wconf 81' lang='lat' dir='ltr'><strong>obviare,</strong></span> <span class='ocrx_word' id='word_1_477' title='bbox 1108 2463 1202 2502; x_wconf 89' lang='lat' dir='ltr'><strong>atque</strong></span> <span class='ocrx_word' id='word_1_478' title='bbox 1217 2459 1384 2500; x_wconf 85' lang='lat' dir='ltr'><strong>irrumpere</strong></span> <span class='ocrx_word' id='word_1_479' title='bbox 1398 2458 1503 2490; x_wconf 85' lang='lat' dir='ltr'><strong>multis</strong></span> <span class='ocrx_word' id='word_1_480' title='bbox 1518 2458 1658 2499; x_wconf 89' lang='lat' dir='ltr'><strong>undique</strong></span> 
     </span>
     <span class='ocr_line' id='line_1_42' title="bbox 197 2511 1658 2556; baseline -0.003 -10"><span class='ocrx_word' id='word_1_481' title='bbox 197 2513 310 2556; x_wconf 84' lang='lat' dir='ltr'><strong>modis,</strong></span> <span class='ocrx_word' id='word_1_482' title='bbox 325 2517 391 2545; x_wconf 90' lang='lat' dir='ltr'><strong>tum</strong></span> <span class='ocrx_word' id='word_1_483' title='bbox 406 2523 462 2555; x_wconf 86' lang='lat' dir='ltr'><strong>per</strong></span> <span class='ocrx_word' id='word_1_484' title='bbox 475 2513 667 2556; x_wconf 80' lang='lat' dir='ltr'><strong>angustiora,</strong></span> <span class='ocrx_word' id='word_1_485' title='bbox 682 2518 747 2545; x_wconf 88' lang='lat' dir='ltr'><strong>tum</strong></span> <span class='ocrx_word' id='word_1_486' title='bbox 765 2524 820 2555; x_wconf 90' lang='lat' dir='ltr'><strong>per</strong></span> <span class='ocrx_word' id='word_1_487' title='bbox 834 2512 1008 2555; x_wconf 81' lang='lat' dir='ltr'><strong>ampliora3</strong></span> <span class='ocrx_word' id='word_1_488' title='bbox 1024 2513 1242 2555; x_wconf 83' lang='lat' dir='ltr'><strong>discursusque</strong></span> <span class='ocrx_word' id='word_1_489' title='bbox 1256 2513 1370 2544; x_wconf 86' lang='lat' dir='ltr'><strong>habere</strong></span> <span class='ocrx_word' id='word_1_490' title='bbox 1380 2517 1412 2544; x_wconf 91' lang='lat' dir='ltr'><strong>et</strong></span> <span class='ocrx_word' id='word_1_491' title='bbox 1423 2512 1537 2553; x_wconf 86' lang='lat' dir='ltr'><strong>exitus,</strong></span> <span class='ocrx_word' id='word_1_492' title='bbox 1546 2511 1658 2554; x_wconf 88' lang='lat' dir='ltr'><strong>quibus</strong></span> 
     </span>
     <span class='ocr_line' id='line_1_43' title="bbox 195 2566 1656 2610; baseline -0.001 -11"><span class='ocrx_word' id='word_1_493' title='bbox 195 2578 309 2610; x_wconf 77' lang='lat' dir='ltr'><strong>magna</strong></span> <span class='ocrx_word' id='word_1_494' title='bbox 322 2578 474 2610; x_wconf 80' lang='lat' dir='ltr'><strong>aquarum</strong></span> <span class='ocrx_word' id='word_1_495' title='bbox 489 2568 582 2610; x_wconf 85' lang='lat' dir='ltr'><strong>copia</strong></span> <span class='ocrx_word' id='word_1_496' title='bbox 597 2579 634 2600; x_wconf 84' lang='lat' dir='ltr'><strong>ex</strong></span> <span class='ocrx_word' id='word_1_497' title='bbox 648 2568 719 2600; x_wconf 89' lang='lat' dir='ltr'><strong>aliis</strong></span> <span class='ocrx_word' id='word_1_498' title='bbox 734 2568 769 2599; x_wconf 85' lang='lat' dir='ltr'><strong>in</strong></span> <span class='ocrx_word' id='word_1_499' title='bbox 784 2568 858 2606; x_wconf 84' lang='lat' dir='ltr'><strong>alia,</strong></span> <span class='ocrx_word' id='word_1_500' title='bbox 872 2568 958 2600; x_wconf 88' lang='lat' dir='ltr'><strong>velut</strong></span> <span class='ocrx_word' id='word_1_501' title='bbox 968 2568 1002 2599; x_wconf 93' lang='lat' dir='ltr'><strong>in</strong></span> <span class='ocrx_word' id='word_1_502' title='bbox 1017 2572 1162 2609; x_wconf 85' lang='lat' dir='ltr'><strong>crateres,</strong></span> <span class='ocrx_word' id='word_1_503' title='bbox 1177 2567 1326 2600; x_wconf 72' lang='lat' dir='ltr'><strong>confluat.</strong></span> <span class='ocrx_word' id='word_1_504' title='bbox 1349 2566 1423 2598; x_wconf 89' lang='lat' dir='ltr'><strong>item</strong></span> <span class='ocrx_word' id='word_1_505' title='bbox 1439 2571 1656 2609; x_wconf 89' lang='lat' dir='ltr'><strong>perpetuorum</strong></span> 
     </span>
     <span class='ocr_line' id='line_1_44' title="bbox 195 2620 1656 2665; baseline -0.001 -13"><span class='ocrx_word' id='word_1_506' title='bbox 195 2621 358 2658; x_wconf 78' lang='lat' dir='ltr'><strong>fluminum</strong></span> <span class='ocrx_word' id='word_1_507' title='bbox 375 2622 432 2659; x_wconf 81' lang='lat' dir='ltr'><strong>sub</strong></span> <span class='ocrx_word' id='word_1_508' title='bbox 449 2626 527 2654; x_wconf 77' lang='lat' dir='ltr'><strong>terra</strong></span> <span class='ocrx_word' id='word_1_509' title='bbox 542 2621 746 2657; x_wconf 87' lang='lat' dir='ltr'><strong>incredibiles</strong></span> <span class='ocrx_word' id='word_1_510' title='bbox 766 2622 999 2665; x_wconf 83' lang='lat' dir='ltr'><strong>magnitudines</strong></span> <span class='ocrx_word' id='word_1_511' title='bbox 1021 2632 1180 2664; x_wconf 79' lang='lat' dir='ltr'><strong>aquarum,</strong></span> <span class='ocrx_word' id='word_1_512' title='bbox 1196 2626 1262 2653; x_wconf 92' lang='lat' dir='ltr'><strong>tum</strong></span> <span class='ocrx_word' id='word_1_513' title='bbox 1288 2621 1469 2661; x_wconf 88' lang='lat' dir='ltr'><strong>calidarum,</strong></span> <span class='ocrx_word' id='word_1_514' title='bbox 1485 2625 1548 2651; x_wconf 89' lang='lat' dir='ltr'><strong>tum</strong></span> <span class='ocrx_word' id='word_1_515' title='bbox 1564 2620 1656 2651; x_wconf 87' lang='lat' dir='ltr'><strong>etiam</strong></span> 
     </span>
     <span class='ocr_line' id='line_1_45' title="bbox 194 2672 1656 2719; baseline -0.002 -13"><span class='ocrx_word' id='word_1_516' title='bbox 194 2675 374 2717; x_wconf 65' lang='lat' dir='ltr'><strong>frigidarum</strong></span> <span class='ocrx_word' id='word_1_517' title='bbox 389 2687 397 2707; x_wconf 89' lang='lat'>:</span> <span class='ocrx_word' id='word_1_518' title='bbox 420 2675 650 2718; x_wconf 83' lang='lat' dir='ltr'><strong>plurimumque</strong></span> <span class='ocrx_word' id='word_1_519' title='bbox 666 2677 771 2719; x_wconf 79' lang='lat' dir='ltr'><strong>ignem</strong></span> <span class='ocrx_word' id='word_1_520' title='bbox 787 2682 820 2709; x_wconf 88' lang='lat' dir='ltr'><strong>et</strong></span> <span class='ocrx_word' id='word_1_521' title='bbox 834 2677 915 2719; x_wconf 82' lang='lat' dir='ltr'><strong>ignis</strong></span> <span class='ocrx_word' id='word_1_522' title='bbox 929 2677 1073 2719; x_wconf 84' lang='lat' dir='ltr'><strong>ingentes</strong></span> <span class='ocrx_word' id='word_1_523' title='bbox 1088 2686 1194 2708; x_wconf 84' lang='lat' dir='ltr'><strong>amnes</strong></span> <span class='ocrx_word' id='word_1_524' title='bbox 1208 2688 1215 2706; x_wconf 91' lang='lat'>:</span> <span class='ocrx_word' id='word_1_525' title='bbox 1240 2676 1354 2707; x_wconf 89' lang='lat' dir='ltr'><strong>multos</strong></span> <span class='ocrx_word' id='word_1_526' title='bbox 1369 2684 1494 2716; x_wconf 89' lang='lat' dir='ltr'><strong>quoque</strong></span> <span class='ocrx_word' id='word_1_527' title='bbox 1511 2672 1656 2704; x_wconf 86' lang='lat' dir='ltr'><strong>lutulenti</strong></span> 
     </span>
     <span class='ocr_line' id='line_1_46' title="bbox 194 2727 1656 2773; baseline -0.002 -13"><span class='ocrx_word' id='word_1_528' title='bbox 194 2729 343 2766; x_wconf 80' lang='lat' dir='ltr'><strong>humoris,</strong></span> <span class='ocrx_word' id='word_1_529' title='bbox 361 2729 471 2771; x_wconf 86' lang='lat' dir='ltr'><strong>partim</strong></span> <span class='ocrx_word' id='word_1_530' title='bbox 487 2730 613 2771; x_wconf 88' lang='lat' dir='ltr'><strong>quidem</strong></span> <span class='ocrx_word' id='word_1_531' title='bbox 630 2731 774 2773; x_wconf 85' lang='lat' dir='ltr'><strong>purioris,</strong></span> <span class='ocrx_word' id='word_1_532' title='bbox 799 2731 910 2773; x_wconf 86' lang='lat' dir='ltr'><strong>partim</strong></span> <span class='ocrx_word' id='word_1_533' title='bbox 927 2741 998 2763; x_wconf 85' lang='lat' dir='ltr'><strong>vero</strong></span> <span class='ocrx_word' id='word_1_534' title='bbox 1025 2730 1227 2770; x_wconf 80' lang='lat' dir='ltr'><strong>sordidioris3</strong></span> <span class='ocrx_word' id='word_1_535' title='bbox 1249 2740 1308 2762; x_wconf 87' lang='lat' dir='ltr'><strong>ceu</strong></span> <span class='ocrx_word' id='word_1_536' title='bbox 1331 2734 1448 2760; x_wconf 88' lang='lat' dir='ltr'><strong>torrens</strong></span> <span class='ocrx_word' id='word_1_537' title='bbox 1461 2728 1530 2765; x_wconf 89' lang='lat' dir='ltr'><strong>luti,</strong></span> <span class='ocrx_word' id='word_1_538' title='bbox 1546 2728 1600 2768; x_wconf 89' lang='lat' dir='ltr'><strong>qui</strong></span> <span class='ocrx_word' id='word_1_539' title='bbox 1622 2727 1656 2757; x_wconf 88' lang='lat' dir='ltr'><strong>iu</strong></span> 
     </span>
     <span class='ocr_line' id='line_1_47' title="bbox 194 2780 1657 2826; baseline -0.003 -11"><span class='ocrx_word' id='word_1_540' title='bbox 194 2781 303 2815; x_wconf 86' lang='lat' dir='ltr'><strong>Sicilia</strong></span> <span class='ocrx_word' id='word_1_541' title='bbox 314 2787 373 2819; x_wconf 83' lang='lat' dir='ltr'><strong>est,</strong></span> <span class='ocrx_word' id='word_1_542' title='bbox 388 2787 421 2814; x_wconf 86' lang='lat' dir='ltr'><strong>et</strong></span> <span class='ocrx_word' id='word_1_543' title='bbox 430 2782 523 2824; x_wconf 82' lang='lat' dir='ltr'><strong>juxta</strong></span> <span class='ocrx_word' id='word_1_544' title='bbox 538 2784 639 2826; x_wconf 88' lang='lat' dir='ltr'><strong>ipsum</strong></span> <span class='ocrx_word' id='word_1_545' title='bbox 656 2795 762 2817; x_wconf 87' lang='lat' dir='ltr'><strong>amnes</strong></span> <span class='ocrx_word' id='word_1_546' title='bbox 777 2785 856 2818; x_wconf 88' lang='lat' dir='ltr'><strong>lutei</strong></span> <span class='ocrx_word' id='word_1_547' title='bbox 868 2785 943 2817; x_wconf 87' lang='lat' dir='ltr'><strong>inde</strong></span> <span class='ocrx_word' id='word_1_548' title='bbox 957 2785 1101 2818; x_wconf 81' lang='lat' dir='ltr'><strong>fluentes.</strong></span> <span class='ocrx_word' id='word_1_549' title='bbox 1148 2783 1274 2821; x_wconf 84' lang='lat' dir='ltr'><strong>Quibus</strong></span> <span class='ocrx_word' id='word_1_550' title='bbox 1283 2782 1404 2825; x_wconf 84' lang='lat' dir='ltr'><strong>singula</strong></span> <span class='ocrx_word' id='word_1_551' title='bbox 1415 2780 1563 2823; x_wconf 87' lang='lat' dir='ltr'><strong>compleri</strong></span> <span class='ocrx_word' id='word_1_552' title='bbox 1576 2781 1657 2819; x_wconf 86' lang='lat' dir='ltr'><strong>loca,</strong></span> 
     </span>
     <span class='ocr_line' id='line_1_48' title="bbox 197 2835 1659 2881; baseline -0.003 -13"><span class='ocrx_word' id='word_1_553' title='bbox 197 2846 385 2879; x_wconf 82' lang='lat' dir='ltr'><strong>quacunque</strong></span> <span class='ocrx_word' id='word_1_554' title='bbox 399 2847 454 2869; x_wconf 80' lang='lat' dir='ltr'><strong>eos</strong></span> <span class='ocrx_word' id='word_1_555' title='bbox 468 2838 622 2880; x_wconf 84' lang='lat' dir='ltr'><strong>contingit</strong></span> <span class='ocrx_word' id='word_1_556' title='bbox 646 2839 809 2881; x_wconf 86' lang='lat' dir='ltr'><strong>perfluere.</strong></span> <span class='ocrx_word' id='word_1_557' title='bbox 853 2840 932 2872; x_wconf 86' lang='lat' dir='ltr'><strong>Haec</strong></span> <span class='ocrx_word' id='word_1_558' title='bbox 956 2844 1060 2870; x_wconf 86' lang='lat' dir='ltr'><strong>autem</strong></span> <span class='ocrx_word' id='word_1_559' title='bbox 1085 2838 1191 2870; x_wconf 87' lang='lat' dir='ltr'><strong>omnia</strong></span> <span class='ocrx_word' id='word_1_560' title='bbox 1213 2848 1329 2869; x_wconf 82' lang='lat' dir='ltr'><strong>sursum</strong></span> <span class='ocrx_word' id='word_1_561' title='bbox 1352 2837 1555 2875; x_wconf 86' lang='lat' dir='ltr'><strong>deorsumque</strong></span> <span class='ocrx_word' id='word_1_562' title='bbox 1576 2835 1659 2875; x_wconf 78' lang='lat' dir='ltr'><strong>ferri,</strong></span> 
     </span>
     <span class='ocr_line' id='line_1_49' title="bbox 198 2888 1657 2936; baseline -0.002 -14"><span class='ocrx_word' id='word_1_563' title='bbox 198 2890 296 2927; x_wconf 77' lang='lat' dir='ltr'><strong>veluti</strong></span> <span class='ocrx_word' id='word_1_564' title='bbox 310 2891 533 2932; x_wconf 87' lang='lat' dir='ltr'><strong>suspendiculo</strong></span> <span class='ocrx_word' id='word_1_565' title='bbox 549 2894 684 2935; x_wconf 82' lang='lat' dir='ltr'><strong>quodam</strong></span> <span class='ocrx_word' id='word_1_566' title='bbox 701 2895 758 2926; x_wconf 89' lang='lat' dir='ltr'><strong>sub</strong></span> <span class='ocrx_word' id='word_1_567' title='bbox 782 2899 890 2926; x_wconf 87' lang='lat' dir='ltr'><strong>terram</strong></span> <span class='ocrx_word' id='word_1_568' title='bbox 901 2919 903 2921; x_wconf 57' lang='grc'><strong>,</strong></span> <span class='ocrx_word' id='word_1_569' title='bbox 915 2893 1031 2936; x_wconf 86' lang='lat' dir='ltr'><strong>posito,</strong></span> <span class='ocrx_word' id='word_1_570' title='bbox 1046 2897 1140 2934; x_wconf 86' lang='lat' dir='ltr'><strong>atque</strong></span> <span class='ocrx_word' id='word_1_571' title='bbox 1162 2892 1207 2923; x_wconf 87' lang='lat' dir='ltr'><strong>ita</strong></span> <span class='ocrx_word' id='word_1_572' title='bbox 1222 2892 1343 2927; x_wconf 86' lang='lat' dir='ltr'><strong>librato,</strong></span> <span class='ocrx_word' id='word_1_573' title='bbox 1358 2894 1393 2920; x_wconf 89' lang='lat' dir='ltr'><strong>ut</strong></span> <span class='ocrx_word' id='word_1_574' title='bbox 1409 2889 1550 2929; x_wconf 86' lang='lat' dir='ltr'><strong>utrinque</strong></span> <span class='ocrx_word' id='word_1_575' title='bbox 1566 2888 1657 2919; x_wconf 86' lang='lat' dir='ltr'><strong>vicis-</strong></span> 
     </span>
     <span class='ocr_line' id='line_1_50' title="bbox 199 2941 1656 2990; baseline -0.003 -14"><span class='ocrx_word' id='word_1_576' title='bbox 199 2943 258 2976; x_wconf 76' lang='lat' dir='ltr'><strong>sim</strong></span> <span class='ocrx_word' id='word_1_577' title='bbox 271 2943 406 2981; x_wconf 74' lang='lat' dir='ltr'><strong>inclinet</strong></span> <span class='ocrx_word' id='word_1_578' title='bbox 419 2949 514 2990; x_wconf 83' lang='lat' dir='ltr'><strong>atque</strong></span> <span class='ocrx_word' id='word_1_579' title='bbox 529 2947 662 2980; x_wconf 79' lang='lat' dir='ltr'><strong>attollat.</strong></span> <span class='ocrx_word' id='word_1_580' title='bbox 684 2948 743 2980; x_wconf 75' lang='lat' dir='ltr'><strong>Est</strong></span> <span class='ocrx_word' id='word_1_581' title='bbox 758 2953 860 2981; x_wconf 85' lang='lat' dir='ltr'><strong>autem</strong></span> <span class='ocrx_word' id='word_1_582' title='bbox 879 2949 910 2980; x_wconf 89' lang='lat' dir='ltr'><strong>id</strong></span> <span class='ocrx_word' id='word_1_583' title='bbox 927 2947 1180 2990; x_wconf 80' lang='lat' dir='ltr'><strong>suspendiculum</strong></span> <span class='ocrx_word' id='word_1_584' title='bbox 1196 2947 1237 2979; x_wconf 93' lang='lat' dir='ltr'><strong>ob</strong></span> <span class='ocrx_word' id='word_1_585' title='bbox 1251 2949 1390 2978; x_wconf 83' lang='lat' dir='ltr'><strong>naturam</strong></span> <span class='ocrx_word' id='word_1_586' title='bbox 1403 2943 1558 2985; x_wconf 85' lang='lat' dir='ltr'><strong>quandam</strong></span> <span class='ocrx_word' id='word_1_587' title='bbox 1574 2941 1656 2983; x_wconf 82' lang='lat' dir='ltr'><strong>ejus-</strong></span> 
     </span>
    </p>
   </div>
  </div>
 </body>
</html>
