1846 3268
213 275 310 327 366]
437 277 663 319 INCERTI
691 278 964 320 AUCTORIS
996 280 1215 323 HIPPIAS
1230 266 1448 326 'M1NOR.
1602 286 1678 326 163

210 392 283 416 cum
299 394 370 416 vero
387 381 511 418 Ulixem
526 391 683 418 versutum
700 391 732 419 et
745 387 980 427 multiformem,
995 394 1033 420 ut
1047 399 1151 421 verum
1166 390 1276 428 fatear,
1290 391 1368 434 quid
1384 390 1559 434 significare
1569 392 1679 432 velles,

211 447 276 468 non
291 438 440 471 intellexi.
483 439 592 482 Atque
609 441 787 473 mihidicas
813 442 911 486 (forte
936 444 1019 475 enim
1044 443 1118 476 hinc
1144 445 1241 486 magis
1266 445 1455 488 percipiam)
1478 446 1622 488 nunquid
1646 451 1680 477 et

209 490 350 523 Achilles
373 494 413 524 ab
432 494 571 526 Homero
597 495 795 527 multiformis
819 502 1022 539 versutusque
1045 497 1196 530 inductus
1220 498 1325 537 fuerit,
1351 510 1464 531 necne.
1506 500 1590 531 Hu’.
1612 500 1681 531 Mi-

209 543 308 585 nime,
323 557 342 577 ο
355 547 510 586 Socrates,
527 549 582 580 sed
597 549 730 592 simplex
744 543 886 582 omnin'o.
907 552 1056 593 quoniam
1072 552 1105 583 in
1121 552 1407 595 supplicationibus
1430 553 1508 597 ipsis
1529 564 1602 587 cum
1623 564 1679 586 eos

207 597 421 642 disceptantes
432 603 566 640 inducit,
578 603 623 635 ita
638 604 786 636 adversus
802 605 929 637 Ulixem
945 606 1129 649 loquentem
1145 607 1222 639 facit
1233 606 1402 648 Achillem,

381 677 479 722 [365]
500 691 520 711 o
536 681 667 712 multum
682 692 832 724 generose
848 683 913 714 doli
928 683 1097 715 fabricator
1120 683 1241 722 Ulixes,

378 734 527 765 convenit
540 734 696 777 intrepide
711 747 759 768 me
775 742 876 768 vestra
889 738 1029 770 refellere
1045 738 1144 776 dicta.

379 791 414 817 ut
429 786 497 819 fieri
511 789 623 820 debere
639 795 717 831 puto
732 801 740 824 ε
763 791 927 823 fallacibus
942 792 1046 833 ipsum

379 851 420 872 ne
433 852 482 874 me
494 843 652 885 figmentis
666 845 738 877 hinc
755 846 936 877 obtundatis
950 851 983 878 et
996 847 1096 878 illinc.

377 894 405 926 is
419 897 518 939 magis
533 903 580 929 est
595 899 743 940 quoniam
758 910 851 942 quam
864 900 945 943 nigri
955 900 1056 943 janua
1072 900 1160 932 Ditis

377 949 519 982 infensus
533 953 636 990 nobis,
651 953 737 985 aliud
753 955 808 996 qui
823 959 951 996 pectore
967 955 1100 992 claudit,

377 1004 453 1036 inde
469 1006 573 1047 palam
589 1007 706 1049 profert
721 1007 808 1039 aliud
825 1009 1038 1050 quodcunque
1050 1008 1184 1041 videtur.

377 1064 428 1090 ast
442 1070 501 1102 ego
516 1071 601 1093 nuuc
616 1061 731 1102 dicam,
746 1062 840 1094 credo
857 1061 944 1094 velut
958 1073 1027 1094 esse
1043 1062 1194 1095 futurum.

204 1131 266 1164 His
280 1133 313 1165 in
334 1136 638 1170 carminibus'mores
655 1138 816 1182 utriusque
833 1139 972 1173 declarat
982 1151 992 1180 ;
1016 1138 1174 1172 Achillem
1197 1150 1265 1172 esse
1280 1150 1421 1173 veracem
1445 1144 1540 1182 atque
1555 1140 1675 1183 simpli-

203 1198 286 1225 cem,
301 1188 426 1220 Ulixem
438 1197 592 1223 versutum
609 1198 704 1236 atque
719 1195 914 1226 mendacem.
938 1195 1006 1226 haec
1022 1194 1176 1237 siquidem
1191 1195 1278 1236 apud
1302 1205 1375 1226 eum
1399 1194 1539 1226 Achilles
1565 1195 1676 1226 adver-

204 1251 258 1272 sus
271 1241 394 1274 Ulixem
408 1244 512 1277 infert.
557 1247 614 1279 So.
639 1247 761 1278 Videor
767 1247 835 1289 jam
851 1249 937 1290 quod
950 1249 1008 1289 ais,
1022 1259 1041 1279 ο
1059 1248 1194 1291 Hippia,
1209 1248 1399 1291 intelligere.
1422 1253 1579 1280 versutum
1590 1248 1674 1279 enim

203 1297 387 1328 mendacem
414 1309 518 1337 vocas,
544 1306 578 1331 ut
604 1307 747 1343 apparet.
791 1301 874 1333 Hir.
908 1302 1048 1334 Maxime
1075 1302 1216 1344 quidem,
1241 1313 1261 1333 o
1289 1303 1445 1334 Socrates.
1469 1303 1563 1334 talem
1588 1302 1674 1334 enim

203 1349 329 1382 Ulixem
345 1362 428 1395 saepe
444 1359 476 1385 et
491 1354 524 1384 in
548 1355 649 1387 Iliade
674 1361 706 1387 et
727 1355 763 1387 in
786 1356 933 1399 Odyssea
958 1357 1049 1399 fingit
1076 1357 1244 1389 Homerus.
1289 1357 1343 1390 So.
1369 1357 1454 1399 Ergo
1482 1356 1674 1388 existimavit

203 1403 374 1445 Homerus,
389 1408 484 1440 alium
498 1410 623 1451 quidem
640 1421 708 1442 esse
722 1422 862 1443 veracem
878 1412 990 1449 virum,
1007 1412 1103 1443 alium
1120 1422 1193 1443 vero
1206 1411 1410 1443 mendacem:
1436 1421 1539 1453 neque
1555 1415 1674 1441 utrum·

201 1469 263 1501 que
279 1462 413 1493 eundern
430 1473 507 1496 esse.
520 1496 535 1503 Ι
552 1463 634 1495 Ηη».
658 1465 748 1502 Quid
763 1466 920 1507 prohibet,
947 1466 1090 1498 Socrates
1105 1467 1116 1497 Ξ
1163 1467 1220 1498 So.
1242 1466 1295 1497 An
1319 1455 1405 1497 idem
1419 1470 1452 1497 et
1466 1465 1534 1508 ipse
1548 1475 1672 1506 censes,

203 1514 348 1558 Hippia?
394 1517 475 1550 Hm.
498 1519 640 1551 Maxime
656 1520 809 1553 omnium.
831 1520 922 1552 nimis
938 1521 1021 1552 enim
1037 1531 1181 1561 errarem,
1198 1521 1222 1551 si
1238 1521 1329 1552 aliter
1338 1521 1407 1562 ipse
1421 1520 1578 1553 sentIrem.
1615 1520 1672 1551 So.

199 1570 372 1603 Homerum
385 1572 513 1614 quidem
528 1574 700 1616 mittamus,
717 1586 788 1607 curn
804 1576 843 1606 ab
859 1586 898 1607 eo
913 1576 1063 1607 sciscitari
1079 1586 1143 1607 non
1161 1575 1265 1612 liceat,
1282 1575 1352 1617 quis
1359 1574 1429 1616 ejus
1444 1574 1579 1605 fueritin
1594 1585 1672 1606 con-

201 1626 313 1658 dendis
329 1627 377 1658 his
391 1627 580 1659 carminibus
596 1639 715 1660 sensus.
761 1629 934 1671 Postquam
953 1640 1024 1661 vero
1040 1634 1074 1660 tu
1102 1639 1228 1660 causam
1257 1628 1401 1670 suscipIs,
1425 1628 1547 1670 tibique
1571 1638 1610 1659 ea
1625 1628 1673 1659 vi-

199 1682 325 1718 dentur,
336 1691 405 1722 quae
421 1683 525 1714 dicere
541 1684 713 1715 Homerum
729 1684 851 1722 asserIs,
865 1695 920 1726 pro
938 1684 1078 1715 Homero
1094 1683 1187 1715 simul
1202 1694 1239 1714 ac
1255 1683 1358 1724 teipso
1373 1683 1541 1724 responde.
1587 1681 1671 1714 ΗΠ».

199 1736 282 1768 Fiet.
306 1737 460 1779 interroga
479 1738 587 1779 paucis
601 1739 686 1779 quod
701 1738 798 1769 lubet.
843 1739 900 1769 So.
924 1739 1142 1769 Mendacesne
1159 1747 1251 1768 vocas
1276 1736 1347 1767 illos
1363 1736 1416 1778 qui
1431 1737 1534 1768 facere
1549 1735 1671 1778 aliquid

199 1797 370 1832 nequeant,
386 1796 421 1821 ut
436 1791 591 1822 invalidos
606 1793 785 1823 defessosve
799 1793 810 1823 ?
833 1803 873 1823 an
889 1804 944 1824 eos
959 1792 1015 1834 qui
1039 1792 1143 1823 facere
1169 1791 1288 1833 aliquid
1310 1789 1454 1832 possint?
1500 1790 1583 1822 Hie.
1606 1790 1670 1821 Po-

199 1850 313 1881 tentes,
323 1850 357 1876 et
371 1846 501 1876 maxime
518 1846 658 1888 quidem,
672 1857 742 1878 cum
758 1847 791 1877 in
809 1847 879 1878 aliis
894 1847 1011 1884 multis,
1029 1851 1094 1878 tum
1110 1846 1206 1877 etiam
1221 1845 1255 1876 in
1268 1844 1466 1886 decipiendis
1478 1844 1670 1878 hominibus.

198 1899 254 1931 So.
278 1899 429 1931 Potentes
443 1900 550 1942 itaque
565 1906 649 1938 sunt,
665 1903 838 1933 secundum
855 1912 1027 1932 sermonem
1044 1906 1143 1938 tuum,
1159 1906 1255 1942 atque
1271 1899 1399 1936 versuti,
1415 1899 1546 1930 nonne?
1583 1898 1668 1931 ΗΠ».

197 1953 303 1987 Certe.
349 1954 405 1987 So.
429 1954 557 1986 Versuti
571 1965 644 1986 vero
660 1961 733 1986 sunt
759 1962 792 1986 et
811 1955 936 1987 subdoli
957 1955 1129 1986 stoliditate
1151 1955 1288 1996 quadam
1308 1959 1342 1984 et
1366 1952 1602 1995 imprudentia?
1627 1963 1669 1984 an

197 2008 313 2039 astutia
330 2009 434 2050 potius
446 2015 541 2051 atque
559 2010 754 2052 prudentia?
799 2010 882 2042 Hm.
907 2010 1034 2040 Astutia
1057 2009 1190 2040 maxime
1213 2007 1353 2039 orn-nium
1376 2012 1471 2048 atque
1487 2006 1667 2048 prudentia.

196 2063 248 2094 So.
271 2063 447 2095 Prudentes
471 2075 545 2106 ergo
569 2070 653 2102 sunt,
675 2070 711 2095 ut
735 2065 870 2096 videtur.
915 2064 1000 2095 Hm.
1022 2063 1138 2101 Valde,
1163 2073 1219 2105 per
1240 2062 1365 2099 Jovem.
1411 2061 1467 2092 So.
1491 2060 1669 2093 Prudentes

196 2129 269 2149 vero
285 2129 356 2150 eum
373 2118 446 2156 sint,
471 2129 546 2149 num
566 2119 749 2161 ignorantes
773 2119 871 2151 sunt?
917 2118 999 2150 Hie.
1021 2118 1123 2149 Immo
1140 2117 1273 2149 scientes
1288 2115 1434 2148 maxime.
1458 2125 1531 2145 nam
1547 2115 1588 2146 ob
1604 2115 1666 2146 hoc

194 2172 274 2204 alios
289 2173 456 2205 seducunt.
501 2173 558 2206 So.
582 2173 663 2205 Cum
678 2184 752 2215 ergo
768 2174 902 2205 seientes
917 2173 978 2204 sint
993 2173 1102 2204 harum
1117 2183 1217 2203 rerum
1233 2181 1311 2213 quas
1325 2170 1441 2206 sciunt,
1463 2173 1565 2200 utrum
1589 2168 1666 2199 insi-

195 2227 319 2269 pientes
335 2232 420 2263 sunt,
436 2237 476 2257 an
491 2227 599 2269 potius
614 2227 773 2269 sapientes
786 2227 799 2258 ἓ
845 2226 927 2258 Hie.
951 2226 1118 2268 Sapientes
1132 2226 1283 2257 videlicet
1303 2224 1335 2255 in
1350 2224 1398 2254 his
1411 2222 1487 2265 ipsis
1500 2223 1541 2253 ad
1566 2222 1665 2264 [366]

195 2281 431 2323 decipiendum.
477 2281 533 2313 So.
557 2281 650 2319 Siste,
670 2282 818 2313 obsecro:
843 2287 1022 2323 repetamus
1043 2281 1142 2318 dicta,
1164 2285 1202 2311 ut
1223 2279 1299 2322 quid
1324 2278 1423 2315 dicas,
1447 2276 1666 2318 inspiciamus-

193 2336 370 2368 Mendaces
385 2347 453 2367 esse
463 2335 509 2367 ais
525 2341 671 2378 potentes
686 2337 933 2378 prudentesque,
957 2335 1093 2367 scientes
1115 2335 1190 2366 item
1210 2339 1243 2365 et
1261 2333 1420 2374 sapientes
1444 2331 1527 2362 circa
1548 2330 1604 2361 illa
1625 2330 1666 2361 de

194 2390 308 2432 quibus
323 2390 516 2421 mendaces?
560 2390 643 2422 Hu’.
670 2389 746 2421 Aio.
790 2391 844 2422 So.
868 2390 962 2422 Alios
978 2397 1082 2421 autem
1100 2399 1225 2420 veraces
1247 2397 1327 2424 esse,
1355 2386 1434 2417 alios
1450 2390 1560 2416 contra
1575 2394 1663 2415 men-

194 2445 301 2482 daces,
316 2450 411 2487 atque
426 2446 483 2476 hos
497 2444 579 2477 inter
593 2456 626 2476 se
642 2445 736 2487 longe
754 2445 949 2476 contrarios?
994 2444 1076 2476 ΗΠ).
1099 2442 1164 2474 Αἱο
1189 2447 1222 2474 et
1246 2442 1316 2473 ista.
1361 2441 1417 2472 So.
1441 2439 1489 2470 Ex
1511 2439 1571 2470 hoc
1588 2449 1663 2480 ergo

193 2499 344 2541 sequitur,
370 2505 406 2531 ut
420 2501 587 2532 mendaces
611 2511 649 2532 ex
673 2505 839 2542 potentum
865 2500 1109 2542 sapientumque
1131 2507 1260 2528 numero
1286 2496 1360 2527 sint.
1404 2493 1486 2526 Hm.
1510 2493 1664 2524 Maxime.

193 2554 250 2585 So.
273 2553 354 2585 Cum
370 2565 442 2586 vero
465 2555 544 2587 dieis
569 2559 714 2596 potentes
741 2560 774 2586 et
798 2555 957 2597 sapientes
982 2564 1049 2585 esse
1063 2553 1231 2584 mendaces
1246 2551 1334 2594 ipsos
1349 2550 1390 2581 ad
1411 2548 1534 2585 eadem,
1557 2553 1661 2578 utrum

192 2607 274 2639 dicis
288 2613 433 2649 potentes
447 2619 516 2641 esse
531 2610 570 2640 ad
587 2610 803 2641 mentiendum
821 2610 846 2640 si
863 2610 973 2646 velint,
987 2608 1038 2639 vel
1051 2607 1243 2649 impotentes
1258 2606 1298 2636 ad
1313 2615 1351 2636 ea
1362 2614 1433 2646 quae
1446 2601 1661 2633 mentiuntur?

194 2662 276 2694 Hn’.
299 2662 451 2694 Potentes
466 2664 625 2705 equidem.
670 2664 725 2696 So.
749 2663 793 2695 Ut
809 2674 883 2706 ergo
899 2663 1077 2695 summatim
1095 2662 1251 2701 dieamus,
1268 2659 1436 2691 mendaces
1451 2661 1525 2688 sunt
1545 2657 1601 2698 qui
1619 2657 1662 2687 ad

193 2717 411 2748 mentiendum
426 2722 573 2759 potentes
585 2717 806 2760 sapientesque
822 2722 906 2748 sunt.
949 2716 1032 2748 Ηιι).
1057 2716 1168 2747 Plane.
1213 2714 1267 2746 So.
1289 2713 1373 2754 Ergo
1389 2712 1434 2743 vir
1460 2711 1515 2753 qui
1538 2709 1662 2741 mentiri

193 2771 317 2813 nequit,
333 2781 436 2814 neque
455 2771 515 2803 scit
526 2771 783 2814 quicquam,non
798 2772 856 2803 erit
870 2771 1018 2802 mendax.
1063 2769 1146 2801 ΗΠ».
1169 2769 1221 2801 Sic
1237 2772 1296 2800 est.
1341 2767 1396 2798 So.
1420 2766 1538 2797 Potens
1554 2769 1660 2795 autem

193 2831 241 2858 est
256 2826 311 2869 qui
323 2825 400 2857 facit
414 2826 499 2868 quod
516 2826 583 2856 vult
597 2830 630 2857 et
645 2826 774 2867 quando
798 2825 875 2857 vult.
897 2825 981 2856 haud
998 2824 1105 2855 morbo
1121 2822 1171 2854 vel
1187 2822 1375 2865 quibusdam
1397 2819 1512 2851 talibus
1523 2818 1659 2859 impedi-

193 2885 261 2911 tum
275 2880 426 2923 inquam;
448 2890 554 2911 verum
569 2880 835 2922 quemadmodum
852 2885 885 2910 tu
901 2889 1004 2910 meum
1020 2888 1149 2915 nomen,
1162 2877 1436 2919 quotienscunque
1450 2873 1509 2909 vis,
1525 2872 1659 2903 scribere

193 2939 296 2976 potes,
310 2935 356 2966 ita
370 2944 454 2966 nunc
469 2934 638 2977 interrogo.
661 2944 701 2965 an
724 2943 790 2965 non
815 2933 973 2964 hominem
1000 2931 1045 2964 sic
1066 2932 1214 2964 affectum
1235 2935 1398 2973 potentem
1410 2927 1528 2960 vocas?
1573 2925 1657 2957 Hm.

188 2988 287 3020 Sane.
328 2988 385 3021 So.
418 2988 481 3022 Dic
502 2999 588 3028 vero,
613 2999 633 3020 ο
662 2988 798 3031 Hippia,
822 2998 928 3020 nonne
954 2998 988 3020 es
1012 2986 1200 3020 numerandi
1221 2983 1491 3027 computandique
1518 2977 1656 3023 perium-²
