1846 3268
197 272 290 322 175]
617 265 880 306 PLATONIS
913 263 1242 305 CONVIVIUM.
1575 263 1652 302 399

194 374 260 411 dio,
275 378 388 415 praeter
405 372 449 409 id,
463 371 549 413 quod
573 370 718 412 prodesse
734 368 808 399 mihi
833 368 864 398 id
888 374 1008 409 putem,
1025 367 1152 399 mirifice
1178 367 1277 399 laetor.
1300 366 1570 408 quotiensautem
1594 378 1657 399 ser-

197 437 304 457 mones
319 426 398 457 alios
411 424 518 461 audio,
535 428 651 455 vestros
669 422 849 464 praesertim,
864 422 918 462 qui
938 421 1135 453 cumulandis
1160 419 1302 462 pecuniis
1325 420 1456 451 studetis
1473 431 1606 464 semper,
1622 426 1656 452 et

197 480 266 521 ipse
280 489 376 519 angor
391 484 423 509 et
438 478 530 509 vestri
546 477 702 516 misereor,
719 476 802 517 quod
831 475 951 506 efficere
974 475 1093 517 aliquid
1117 473 1309 509 existimetis,
1325 484 1395 505 cum
1408 473 1486 504 nihil
1501 474 1654 505 efficiatis.

195 532 289 564 Forte
304 533 397 563 etiarn
412 542 467 562 vos
483 541 531 562 me
546 530 705 562 infelicem
721 529 851 571 putatis,
867 539 946 570 quos
961 534 993 560 et
1008 529 1076 569 ipse
1091 529 1131 559 de
1147 539 1198 558 me
1212 538 1284 559 vera
1296 533 1403 568 putare
1417 528 1546 559 arbitror
1559 540 1568 560 ι
1596 539 1656 570 ego

198 591 302 616 autem
319 595 373 615 vos
394 595 458 615 non
475 589 551 625 puto
566 583 706 625 quidem,
723 583 778 614 sed
803 588 888 614 certo
909 582 987 615 scio.
1034 581 1094 614 Fa.
1118 582 1259 623 Semper,
1275 574 1480 622 Apollodore,
1496 592 1586 624 aeque
1602 582 1658 613 tibi

197 639 258 679 ipsi
275 642 307 668 et
321 637 388 668 aliis
404 637 551 674 detrahis,
566 647 602 668 ac
614 637 726 667 videris
743 635 850 677 procul
868 635 964 666 dubio
982 640 1011 666 te
1024 635 1150 676 quidem
1162 634 1317 675 inprimis,
1330 635 1445 666 deinde
1457 635 1534 666 alios
1550 645 1658 666 omnes

198 696 310 732 praeter
324 701 420 721 unmn
437 691 596 722 Socratem
624 690 766 721 infelices
794 694 914 731 putare.
938 689 1021 720 unde
1038 699 1107 719 vero
1126 689 1228 719 insani
1243 699 1417 729 cognomen
1441 689 1497 719 tibi
1519 694 1659 720 exortum

197 745 248 785 sit,
262 744 379 777 nescio.
402 755 524 786 semper
550 744 632 775 enim
657 744 815 785 loquendo
839 747 870 774 te
895 748 928 774 et
954 742 1032 773 alios
1048 743 1216 783 improbas,
1241 742 1399 773 Socratem
1422 753 1518 773 unum
1534 745 1658 785 probas.

197 797 311 828 Aror..
334 798 363 829 Ο
375 794 580 829 'dilectissime
596 798 655 836 vir,
667 808 705 828 ex
720 808 758 828 eo
774 796 909 828 insanire
932 800 965 827 et
979 796 1109 827 delirare
1125 807 1174 827 me
1188 801 1324 834 constat,
1346 797 1431 837 quod
1447 797 1490 828 ita
1503 798 1543 829 de
1559 809 1608 828 me
1622 809 1660 829 ac

198 852 287 881 vobis
301 851 486 884 existimem.
531 851 556 882 F
559 863 592 883 Λ.
616 851 668 882 De
692 851 741 882 his
764 851 796 881 in
820 850 986 892 praesentia
1010 850 1213 890 contendere,
1229 849 1438 891 Apollodore,
1461 861 1659 893 nequaquam

198 904 307 936 decet:
331 906 386 936 sed
403 905 547 947 precibus
562 905 672 936 nostris
687 905 871 946 obsequere,
886 909 930 941 et,
953 904 1006 945 qui
1033 898 1188 935 sermones
1213 904 1259 934 illi
1275 904 1400 942 fuerint,
1417 906 1507 936 nobis
1522 916 1657 947 expone.

200 958 313 990 Aror..
336 958 427 989 'sales
443 959 548 1000 utique
564 958 609 989 illi
620 958 755 990 fuerunt.
779 958 872 988 immo
888 967 959 988 vero
975 968 994 987 a
1005 957 1176 998 principi0‚
1192 958 1302 988 eodem
1325 958 1444 995 ordine,
1460 970 1523 1000 quo
1539 958 1662 990 Aristo-

201 1013 309 1043 demus
322 1011 438 1049 retulit,
463 1012 560 1054 [1⁷4]
585 1013 672 1042 vobis
687 1012 756 1052 ipse
773 1019 854 1043 nunc
882 1021 1040 1042 recensere
1064 1012 1211 1042 conabor.
1255 1011 1365 1053 Inquit
1390 1013 1485 1049 enim,
1502 1013 1661 1044 Socratem

200 1065 368 1096 offendisse
383 1070 417 1097 et
431 1066 527 1096 lotum
544 1071 575 1097 et
590 1065 703 1097 calceis
718 1066 813 1107 pedes
829 1070 982 1101 ornatum,
998 1075 1068 1106 quae
1093 1065 1145 1095 ille
1170 1075 1235 1095 raro
1262 1065 1437 1098 efficiebat:
1462 1077 1595 1109 eumque
1610 1068 1661 1099 in-

200 1125 382 1160 terrogasse,
396 1130 532 1161 quonam
550 1120 594 1150 ita
609 1125 735 1150 ornatus
750 1119 921 1151 incederet.
942 1119 995 1149 cui
1010 1117 1206 1160 respondisse
1223 1119 1393 1159 Socratem,
1409 1119 1584 1161 Agathonis
1599 1122 1658 1152 do-

202 1184 286 1204 mum
312 1180 465 1205 coeuatum
480 1186 487 1205 z
511 1174 684 1204 hesternam
701 1183 772 1204 vero
799 1183 919 1204 coenam
947 1172 1070 1209 vitasse,
1091 1172 1175 1213 quod
1203 1173 1299 1203 turbae
1327 1179 1455 1215 propter
1484 1174 1660 1216 Agathonis

201 1227 335 1269 palmam
351 1238 532 1259 concursum
550 1228 665 1258 veritus
680 1232 780 1257 esset:
807 1225 986 1268 promisisse
1001 1230 1117 1263 autem,
1134 1227 1277 1268 sequenti
1292 1227 1344 1258 die
1365 1238 1398 1258 se
1420 1228 1601 1261 affuturum.
1623 1241 1661 1262 ea

201 1291 274 1312 vcro
290 1281 330 1312 de
345 1291 438 1312 causa
453 1291 485 1312 se
502 1291 638 1316 ornasse,
655 1285 690 1310 ut
706 1279 834 1321 pulcher
849 1279 888 1309 ad
905 1279 1069 1320 pulchrum
1094 1280 1163 1312 iret.
1188 1280 1335 1321 quaesisse
1357 1281 1494 1322 insuper,
1513 1283 1659 1319 Quonam

203 1339 296 1375 pacto
312 1339 357 1371 tu,
374 1333 582 1370 Aristodeme,
599 1334 637 1364 ad
654 1343 774 1364 coenam
792 1332 995 1373 proficisceris
1020 1343 1083 1363 non
1096 1334 1247 1364 vocatus?
1292 1334 1374 1366 Aru.
1399 1336 1444 1368 Ut
1468 1339 1501 1366 tu
1521 1336 1662 1377 jusseris.

203 1389 260 1420 So.
283 1387 420 1429 Sequere
435 1397 496 1424 me,
512 1392 548 1418 ut
572 1386 766 1428 proverbium
788 1386 1058 1427 transgrediamur,
1074 1386 1151 1417 illud
1177 1387 1211 1418 in
1236 1388 1319 1419 hunc
1346 1389 1471 1419 modum
1496 1394 1665 1427 mutantes,

202 1443 287 1483 quod
304 1443 343 1473 ad
360 1443 509 1472 bonorum
526 1441 685 1472 hominum
702 1451 805 1471 coenas
821 1440 895 1471 boni
911 1440 1050 1471 homines
1066 1441 1160 1471 etiam
1176 1451 1240 1472 non
1263 1442 1387 1474 invitati
1412 1444 1662 1484 proficiscuntur.

203 1496 358 1527 Homerus
374 1496 501 1537 quidem
517 1495 640 1527 videtur
655 1505 718 1524 non
736 1494 829 1525 modo
844 1503 907 1524 non
924 1494 1096 1531 observare,
1112 1495 1167 1525 sed
1183 1500 1215 1525 et
1230 1494 1343 1526 violare
1359 1497 1567 1537 proverbium.
1591 1508 1663 1528 nam

203 1559 274 1581 curn
291 1549 560 1590 Agamemnonem
587 1549 619 1578 in
636 1558 668 1579 re
691 1547 814 1578 militari
836 1552 993 1578 strenuum
1011 1547 1107 1578 virum
1130 1548 1279 1586 finxisset,
1295 1550 1477 1580 Menelaum
1492 1561 1564 1582 vero
1587 1552 1667 1583 mol-

203 1602 264 1633 lem
280 1613 288 1634 :
313 1603 490 1634 convivium
507 1602 686 1634 celebrante
701 1606 773 1642 post
788 1600 970 1632 sacrificium
982 1599 1232 1641 Agamemnone,
1250 1602 1431 1633 Menelaum
1449 1603 1571 1635 induxit
1585 1605 1665 1636 ultro

206 1656 245 1686 ad
264 1667 399 1687 mensam
415 1655 662 1697 Agamemnonis
677 1655 866 1686 venientem.
891 1655 944 1685 ubi
959 1655 1142 1686 deteriorem
1159 1656 1199 1686 ad
1220 1657 1440 1697 praestantioris
1458 1658 1513 1688 viri
1528 1669 1663 1690 mensam

206 1720 269 1740 non
285 1710 463 1741 arcessitum
479 1710 583 1741 venire
600 1710 685 1740 fecit.
730 1708 815 1739 Am.
839 1708 929 1740 F0rte
946 1709 1071 1751 etipse,
1087 1720 1105 1740 o
1132 1710 1285 1751 Socrates,
1302 1721 1365 1742 non
1392 1711 1474 1748 talis,
1490 1713 1615 1753 qualem
1631 1718 1667 1743 tu

205 1763 324 1804 inquis,
338 1765 393 1795 sed
417 1764 678 1806 quemadmodum
705 1762 829 1794 induxit
855 1763 1021 1800 Homerus,
1038 1763 1108 1795 vilis
1134 1765 1342 1796 homunculus
1365 1765 1404 1795 ad
1431 1766 1581 1806 sapientis
1609 1766 1670 1798 viri

207 1816 384 1847 convivium
400 1817 478 1848 ultro
495 1817 599 1848 venire
615 1817 754 1848 videbor.
800 1816 880 1848 Cum
896 1827 968 1858 ergo
985 1827 1034 1847 me
1050 1818 1159 1854 ducaS,
1175 1818 1258 1855 vide,
1271 1829 1362 1859 quam
1374 1819 1527 1850 adventus
1544 1820 1605 1851 mei
1620 1830 1668 1851 ra-

207 1869 325 1900 tionem
341 1869 490 1912 assignes.
513 1882 572 1912 ego
595 1871 677 1902 enim
702 1881 750 1901 me
775 1875 887 1911 sponte
903 1870 1007 1901 venire
1029 1881 1092 1902 non
1116 1871 1299 1909 confitebor,
1317 1874 1369 1903 sed
1388 1874 1442 1903 abs
1458 1878 1488 1904 te
1503 1873 1668 1904 invitatum

208 1923 323 1956 dicam.
367 1924 424 1956 So.
447 1924 486 1954 In
501 1924 570 1966 ipso
586 1924 709 1964 itinere,
724 1924 799 1966 quid
816 1924 931 1955 dicturi
946 1925 1052 1961 simus,
1067 1924 1203 1956 invicem
1215 1926 1470 1959 consultabimus.
1496 1928 1549 1958 sed
1563 1937 1669 1958 eamus

205 1976 284 2017 jam.
330 1977 392 2008 His
405 1978 498 2010 dictis
511 1978 616 2020 inquit
634 1978 851 2009 Aristodemus
866 1977 909 2008 ire
924 1978 1055 2019 coepisse
1069 1990 1076 2009 ε
1101 1984 1134 2009 et
1147 1979 1307 2010 Socratem
1323 1980 1567 2022 cogitabundum
1583 1981 1668 2013 lento

210 2029 302 2062 nimis
318 2041 409 2072 passu
426 2031 616 2072 gradientem
633 2037 828 2074 exspectasse
844 2031 970 2073 saepius,
989 2032 1113 2063 tandem
1139 2032 1268 2074 jussisse
1291 2034 1462 2075 Socratem,
1480 2040 1512 2065 ut
1536 2036 1670 2077 praeiret.

209 2082 289 2114 Cum
307 2095 378 2116 vero
392 2085 511 2117 aedibus
527 2085 703 2127 Agathonis
719 2081 996 2128 appropinquaret,
1009 2092 1145 2128 apertam
1159 2087 1290 2128 januam
1315 2087 1481 2125 invenisse,
1497 2095 1530 2120 et
1549 2089 1669 2132 aliquid

211 2137 254 2168 ibi
269 2138 437 2180 contigisse
453 2139 628 2172 ridiculum.
652 2140 755 2182 inquit
769 2140 866 2180 enim,
881 2141 966 2181 quod
984 2141 1015 2171 in
1028 2140 1096 2182 ipso
1113 2141 1221 2172 limine
1236 2141 1370 2172 famulus
1384 2142 1512 2184 quidam
1524 2143 1671 2174 intrinse-

211 2201 266 2222 cus
281 2202 444 2223 occurrens
459 2193 551 2230 intro,
568 2193 620 2224 ubi
637 2194 863 2225 accumbebant
878 2192 942 2230 alii,
955 2192 1056 2234 ipsum
1072 2193 1172 2231 duxit,
1188 2204 1266 2236 quos
1277 2194 1343 2236 jam
1355 2200 1528 2226 coenaturos
1544 2197 1670 2238 reperit.

213 2243 357 2287 Eumque
385 2251 420 2277 ut
439 2247 518 2278 vidit
540 2245 703 2288 Agathou,
729 2246 758 2277 O
786 2246 996 2283 Aristodeme,
1021 2248 1075 2284 ait,
1097 2253 1273 2290 opportune
1299 2248 1424 2286 venisti,
1450 2253 1485 2280 ut
1509 2250 1671 2281 nobiscum

212 2309 327 2332 coenes.
349 2299 375 2331 si
390 2310 461 2331 vero
474 2300 558 2331 aliud
575 2300 741 2342 quicquam
757 2300 815 2336 vis,
830 2300 861 2330 in
885 2300 971 2331 aliud
994 2305 1117 2340 tempus
1139 2301 1276 2334 differas.
1300 2302 1445 2344 equidem
1460 2303 1525 2334 heri
1538 2308 1568 2334 te
1584 2313 1672 2344 quae·

213 2363 295 2390 rena,
316 2353 499 2385 invitaturus
523 2359 566 2392 te,
582 2364 734 2396 nusquam
751 2353 828 2386 vidi.
873 2354 935 2384 Sed
964 2364 1018 2384 cur
1040 2354 1197 2386 Socratem
1221 2356 1261 2386 ad
1283 2365 1340 2386 nos
1355 2366 1419 2387 non
1444 2356 1558 2388 ducis?
1604 2356 1673 2398 Ego

213 2406 352 2448 quidem,
368 2408 470 2449 inquit
487 2408 711 2445 Aristodemus,
727 2413 807 2439 retro
822 2418 1003 2445 conversus,
1020 2419 1171 2450 nusquam
1183 2409 1260 2447 vidi,
1270 2410 1479 2452 respondique
1493 2410 1518 2441 A
1523 2411 1671 2452 gathoni:

214 2459 369 2501 Equidem
382 2472 452 2492 eum
468 2462 522 2492 illo
538 2463 620 2500 veni,
636 2463 675 2493 ab
700 2473 738 2494 eo
754 2467 883 2493 vocatus
910 2463 972 2493 huc
993 2463 1031 2493 ad
1059 2473 1191 2494 coenam.
1237 2462 1329 2495 Aoi.
1353 2463 1455 2495 Recte
1470 2463 1592 2495 fecisti:
1617 2464 1674 2495 sed

218 2513 345 2544 ubinam
361 2515 524 2546 Socrates?
570 2516 656 2549 Anr.
678 2516 756 2547 Post
772 2527 822 2547 me
837 2517 930 2546 modo
956 2516 1052 2558 [175]
1081 2517 1176 2558 paulo
1191 2521 1265 2547 ante
1287 2518 1468 2549 accedebat.
1496 2528 1590 2559 quare
1605 2518 1675 2559 ipse

217 2576 342 2609 quoque
357 2568 502 2606 admiror,
518 2574 550 2600 et
565 2569 617 2600 ubi
633 2569 674 2600 sit
686 2569 805 2601 neseio.
848 2569 939 2601 Aoi.
963 2570 1077 2607 Quaere
1094 2570 1266 2610 Socratem,
1286 2581 1374 2612 puer,
1397 2576 1429 2602 et
1450 2572 1490 2602 ad
1503 2581 1560 2602 nos
1574 2571 1673 2602 intro-

218 2620 326 2652 ducas.
349 2625 382 2652 tu
395 2627 513 2663 autem,
528 2621 741 2660 Aristodeme,
758 2623 850 2664 juxta
874 2623 1117 2666 Eryximachum
1141 2625 1300 2657 accumbe.
1347 2624 1435 2656 Heus
1450 2630 1496 2662 tu,
1512 2626 1586 2656 dato
1601 2624 1675 2655 huic

218 2674 360 2705 manibus
375 2685 500 2717 aquam,
513 2679 548 2706 ut
558 2675 624 2716 jam
641 2677 759 2708 sedeat.
804 2677 895 2708 Tunc
911 2677 1081 2718 ingressum
1099 2688 1228 2719 puerum
1243 2678 1400 2720 quendam
1416 2678 1575 2709 nuntiasse
1590 2678 1678 2708 dice·

218 2728 273 2758 bat
287 2727 514 2766 Aristodemus,
530 2729 688 2761 Socratem
703 2729 805 2772 ipsum
819 2730 851 2761 in
867 2731 1052 2762 vestibulum
1069 2731 1242 2772 proximum
1258 2732 1434 2770 secessisse,
1450 2738 1482 2763 et
1497 2731 1674 2763 arcessitum

220 2780 343 2822 ingredi
368 2781 464 2812 nolle.
506 2781 599 2813 Aca.
622 2783 800 2814 Absurdum
825 2784 976 2825 quiddam
1000 2794 1113 2816 narras.
1142 2795 1221 2816 voca
1250 2786 1375 2827 iterum,
1399 2795 1501 2826 neque
1526 2783 1678 2824 dimittas,

220 2844 383 2877 quousque
399 2835 528 2866 venerit.
571 2835 654 2868 Am.
678 2836 754 2868 Non
770 2837 829 2875 sic,
845 2848 865 2869 o
881 2837 1042 2879 Agathon,
1058 2839 1111 2869 sed
1139 2837 1251 2870 mittite
1267 2838 1366 2871 illum.
1390 2849 1455 2869 mos
1470 2838 1552 2870 enim
1568 2837 1677 2868 Socra-

222 2887 262 2918 tis
276 2888 356 2920 iste:
380 2899 604 2931 nonnunquam
619 2889 783 2928 desistens,
801 2891 980 2933 ubicunque
996 2892 1124 2929 accidit,
1143 2893 1311 2924 consistere
1333 2892 1424 2924 solet.
1447 2891 1552 2922 veniet
1575 2896 1678 2921 autem

221 2938 297 2978 cito,
311 2946 346 2972 ut
359 2943 498 2977 arbitror.
521 2954 561 2975 ne
577 2944 706 2976 turbetis
722 2944 834 2987 ipsum,
850 2945 906 2977 sed
922 2956 978 2978 suo
995 2945 1142 2978 arbitratu
1158 2947 1261 2978 venire
1280 2946 1460 2989 permittite.
1504 2944 1593 2979 Aea.
1616 2943 1677 2982 Ita,
