1846 3268
790 530 900 579 LA
926 528 1174 580 CHES.

253 723 558 766 LYSIMACHUS,
581 720 814 760 MELESIAS,
836 720 1004 760 NICIAS,
1030 719 1216 764 LACHES,
1237 720 1345 753 F1L11
1368 721 1622 755 LYSIMACHI
1644 723 1698 755 ET

729 795 954 836 MELESIAE,
978 796 1221 830 SOCRATES.

243 1013 369 1048 Virum
394 1012 561 1056 spectastis
577 1011 667 1043 armis
684 1011 897 1049 dimicantem,
914 1023 933 1044 0
954 1013 1052 1045 Nicia
1066 1016 1162 1053 atque
1178 1011 1309 1043 Laches.
1325 1022 1419 1054 quam
1443 1025 1513 1046 vero
1529 1015 1570 1046 ob
1586 1026 1711 1048 causam

243 1074 385 1113 spectare
400 1069 483 1099 hunc
499 1066 662 1098 nobiscum
677 1076 739 1097 una
754 1077 813 1107 ego
830 1072 862 1098 et
882 1067 1032 1099 Melesias
1055 1067 1107 1098 hic
1125 1077 1178 1097 vos
1199 1066 1362 1107 jussimus,
1386 1078 1477 1109 supra
1503 1057 1630 1100 minime
1656 1071 1712 1102 de—

241 1123 439 1163 claravimus,
455 1132 538 1153 nunc
555 1125 660 1152 autem
675 1121 863 1162 aperiemus.
887 1132 959 1153 nam
977 1122 1073 1153 libere
1088 1120 1250 1152 vobiscum
1272 1121 1466 1163 loquendum
1488 1121 1712 1155 existimamus.

243 1179 325 1210 Sunt
339 1176 422 1208 enim
438 1175 595 1217 nonnulli,
619 1174 674 1216 qui
689 1174 756 1205 haec
777 1175 934 1217 derident,
958 1187 994 1207 ac
1016 1176 1040 1207 si
1063 1175 1134 1218 quis
1155 1185 1208 1206 eos
1232 1175 1388 1213 consulat,
1414 1176 1600 1208 seutentiam
1624 1188 1711 1208 suam

242 1243 308 1264 non
322 1231 516 1272 exprimunt:
541 1230 596 1260 sed
612 1228 689 1259 illud
706 1229 747 1259 de
762 1239 825 1271 quo
841 1230 1047 1272 consultatur,
1072 1235 1104 1260 et
1119 1229 1326 1260 consultantis
1340 1234 1477 1261 mentem
1493 1230 1712 1271 conjicientes,

243 1286 306 1318 alia
320 1290 431 1327 praeter
445 1295 483 1316 ea
497 1294 568 1325 quae
593 1281 744 1321 sentiunt,
768 1283 940 1324 proferunt.
987 1283 1068 1315 Cum
1092 1288 1196 1314 autem
1213 1294 1268 1314 vos
1291 1284 1473 1314 arbitremur
1487 1289 1519 1315 et
1534 1284 1575 1316 ad
1591 1284 1710 1316 intelli-

243 1341 381 1383 gendum
402 1339 554 1375 sufficere,
579 1341 611 1369 et
626 1347 695 1379 quae
712 1337 902 1379 cognoscitis
925 1337 1108 1379 simpliciter
1122 1337 1289 1380 explicare,
1316 1337 1418 1369 socios
1441 1339 1479 1369 ad
1497 1349 1615 1376 eorum,
1638 1350 1709 1381 quas

241 1395 421 1430 referemus,
437 1391 692 1424 deliberationem
709 1391 886 1423 ascivimus.
932 1391 989 1422 Est
1004 1397 1122 1434 autem,
1138 1392 1178 1422 de
1194 1400 1256 1434 quo
1272 1391 1364 1423 altius
1380 1403 1447 1423 sum
1463 1403 1602 1430 exorsus,
1625 1393 1711 1435 ejus·

242 1448 342 1480 modi.
365 1447 462 1490 [179]
486 1445 530 1477 Hi
544 1445 635 1477 nobis
651 1445 805 1487 filiisunt,
822 1446 873 1477 hic
888 1445 1015 1487 quidem
1027 1446 1121 1487 liujus
1135 1445 1233 1482 filius,
1255 1446 1339 1477 avito
1361 1446 1488 1477 nomine
1503 1446 1710 1489 Thucydides

241 1505 442 1543 nuncupatus
460 1512 468 1533 ε
493 1511 580 1532 meus
595 1500 669 1531 item
683 1499 771 1537 alter,
787 1499 835 1530 avi
851 1499 991 1531 similiter
1005 1511 1118 1531 nomen
1136 1510 1273 1531 servans.
1296 1511 1367 1531 nam
1384 1499 1553 1532 Aristidem
1568 1501 1711 1532 nomina-

242 1567 323 1588 muS.
369 1555 564 1597 Videturque
580 1553 670 1585 nobis
685 1565 776 1596 quam
794 1553 1031 1596 diligentissima
1046 1555 1155 1585 horum
1170 1565 1244 1586 cura
1260 1554 1473 1596 suscipienda,
1496 1565 1600 1596 neque
1615 1565 1711 1597 agen-

242 1611 318 1642 dum
343 1614 501 1652 putamus,
524 1608 610 1650 quod
638 1608 728 1638 multi
754 1608 868 1650 solent,
893 1609 947 1651 qui
973 1608 1055 1639 filios
1079 1619 1166 1646 suos,
1190 1619 1261 1640 curn
1286 1609 1420 1650 primum
1444 1609 1648 1650 adoleverint,
1670 1610 1712 1641 ad

242 1664 399 1707 propriam
424 1663 532 1694 sinunt
557 1662 718 1693 libidinem
734 1662 858 1694 vivere:
884 1663 979 1694 immo
997 1674 1067 1694 vero
1090 1667 1166 1694 tunc
1190 1663 1329 1693 studium
1353 1662 1538 1703 diligentius
1559 1663 1711 1694 adhiben-

242 1719 331 1751 dum.
377 1717 458 1750 Cum
472 1717 580 1758 itaque
596 1716 705 1747 adesse
721 1716 811 1747 nobis
830 1716 911 1747 filios
926 1717 1101 1754 videamus,
1113 1716 1338 1758 judicavimus,
1350 1727 1406 1747 vos
1421 1726 1485 1758 prae
1499 1717 1610 1748 ceteris
1624 1718 1711 1759 cogi-

243 1778 337 1809 tasse,
361 1782 424 1814 qua
437 1771 558 1802 ratione
574 1770 731 1802 educandi
747 1770 822 1808 sint,
846 1774 882 1802 ut
895 1770 1007 1812 optimi
1033 1770 1121 1802 fiant.
1145 1770 1230 1812 quod
1252 1771 1276 1801 si
1291 1781 1356 1801 non
1371 1771 1503 1801 multum
1518 1771 1712 1803 animadver-

243 1827 337 1868 tistis,
359 1826 392 1857 in
407 1825 574 1867 praesentia
595 1824 811 1862 admonemus,
828 1835 884 1856 vos
908 1825 941 1856 id
958 1825 1115 1867 negligere
1138 1835 1203 1855 non
1229 1825 1358 1866 debere,
1383 1825 1654 1868 exhortamurque,
1677 1831 1714 1857 ut

242 1891 308 1912 una
321 1880 485 1911 nobiscum
501 1879 542 1910 de
557 1878 691 1909 filiorum
707 1878 895 1910 educatione
911 1878 1101 1911 deliberetis.
1125 1889 1217 1920 quam
1234 1889 1307 1910 vero
1323 1879 1365 1910 ob
1379 1889 1505 1911 causam
1528 1879 1620 1911 nobis
1643 1881 1712 1913 haec

242 1934 421 1974 videantur,
438 1944 457 1964 o
472 1931 571 1964 Nicia
585 1938 680 1974 atque
695 1932 827 1969 Laches,
844 1933 951 1964 audire
968 1933 1072 1970 decet,
1087 1933 1231 1974 quamvis
1246 1933 1342 1975 paulo
1358 1930 1614 1975 prolixiora'sint,
1639 1944 1710 1976 quae

243 1993 427 2031 sequuntur.
451 1987 666 2019 discubuimus
680 1986 714 2018 in
730 1986 876 2018 convivio
893 1987 984 2018 simul
1000 1997 1059 2028 ego
1075 1992 1108 2018 et
1121 1987 1275 2018 Melesias
1295 1987 1358 2024 hic,
1383 1993 1479 2029 atque
1500 1987 1533 2018 hi
1547 1988 1711 2020 nobiscum

242 2039 481 2074 adolescentuli.
526 2041 573 2074 Ut
587 2041 680 2083 igitur
694 2041 728 2072 in
746 2041 900 2083 principio
916 2041 1066 2072 sermonis
1090 2040 1277 2082 significavi,
1301 2041 1396 2073 libere
1412 2041 1572 2074 vobiscum
1595 2043 1711 2074 audac-

241 2101 351 2139 terque
365 2096 540 2138 loquemur.
563 2106 638 2127 sane
665 2100 795 2137 uterque
816 2100 956 2126 nostrum
975 2095 1072 2126 multa
1088 2100 1192 2136 potest
1207 2096 1305 2137 patris
1329 2095 1377 2126 sui
1398 2095 1547 2138 praeelara
1572 2097 1711 2128 facinora

241 2156 308 2182 tum
324 2161 414 2193 pace,
431 2155 496 2181 turn
512 2149 595 2181 bello
611 2149 684 2180 filiis
701 2159 856 2191 enarrare,
871 2149 1032 2192 patrisque
1047 2154 1136 2191 gesta
1158 2159 1232 2191 erga
1246 2150 1471 2191 rempublicam
1486 2150 1649 2193 sociosque
1661 2151 1711 2182 in-

241 2205 343 2248 signia
356 2215 539 2237 recensere:
564 2214 584 2235 a
598 2204 688 2235 nobis
705 2214 775 2235 vero
791 2214 839 2235 res
863 2209 966 2246 gestas
989 2203 1102 2235 referre
1125 2203 1228 2234 nullas
1250 2214 1425 2245 possumus.
1470 2205 1577 2242 Quare
1599 2210 1632 2236 et
1652 2206 1712 2237 ho-

240 2271 309 2291 rum
323 2270 382 2291 nos
396 2259 498 2302 pudet
513 2269 613 2300 eaque
639 2259 834 2302 damnamus,
861 2262 894 2289 et
918 2263 1040 2300 patrum
1065 2258 1289 2300 negligentiam
1314 2269 1402 2301 saepe
1424 2259 1602 2301 culpamus,
1623 2260 1709 2302 quod

240 2325 310 2352 nos,
323 2318 490 2356 postquam
504 2312 713 2353 adolevimus,
728 2312 760 2343 in
776 2312 908 2344 mollitie
922 2313 1059 2354 quadarn
1071 2318 1104 2344 et
1117 2312 1234 2344 delitiis
1249 2312 1351 2344 vivere
1367 2313 1585 2355 permiserunt,
1601 2323 1710 2356 resque

238 2368 369 2400 aliorum
385 2379 518 2410 gessere.
564 2366 748 2410 Eademque
763 2366 1016 2399 adolescentibus
1030 2367 1079 2398 his
1094 2367 1310 2408 ostendentes,
1324 2366 1488 2404 edicimus,
1515 2367 1543 2399 si
1566 2378 1600 2399 se
1624 2367 1709 2410 ipsos

239 2422 446 2465 neglexerint,
468 2426 635 2463 nostraque
659 2427 818 2464 praecepta
841 2421 1074 2459 contemserint,
1109 2421 1264 2463 ignobiles
1289 2431 1343 2452 eos
1368 2421 1507 2453 futuros:
1530 2421 1577 2452 sin
1604 2427 1709 2454 autem

239 2476 427 2517 curaverint,
452 2476 532 2507 forte
557 2476 671 2517 dignos
693 2476 785 2507 avitis
809 2476 990 2507 nominibus
1015 2486 1173 2508 evasuros.
1195 2475 1258 2517 ipsi
1285 2486 1358 2507 vero
1385 2475 1539 2517 parituros
1561 2486 1594 2507 sc
1618 2476 1710 2508 nobis

237 2531 442 2573 respondent.
486 2529 588 2561 Nobis
600 2535 706 2561 autem
721 2530 762 2562 de
777 2531 837 2562 hoc
852 2531 988 2563 invicem
1013 2530 1277 2568 consultantibus,
1300 2540 1362 2572 qua
1384 2530 1555 2572 disciplina
1568 2530 1618 2562 vel
1632 2541 1710 2563 con-

238 2584 405 2616 suetudine
421 2584 618 2626 potissimum
634 2584 746 2626 optimi
762 2585 827 2616 fieri
842 2589 986 2628 possunt,
1002 2585 1150 2627 exposuit
1163 2584 1333 2627 quispiam,
1360 2594 1463 2626 operae
1478 2585 1612 2627 pretium
1629 2595 1709 2623 esse,

237 2643 274 2670 ut
288 2638 379 2669 armis
393 2637 541 2670 dimicare
557 2639 758 2681 perdiscant:
784 2639 988 2682 laudavitque
1003 2639 1114 2677 istum,
1140 2649 1234 2681 quem
1250 2649 1305 2669 vos
1321 2640 1416 2670 modo
1431 2644 1602 2671 certantem
1617 2649 1709 2681 spec-

238 2692 341 2730 tastis,
357 2697 390 2723 et
404 2692 546 2723 contueri
556 2692 664 2734 jussit.
711 2693 875 2736 Optimum
890 2694 997 2736 itaque
1019 2693 1085 2725 sore
1101 2693 1293 2736 putavimus,
1309 2697 1344 2724 ut
1359 2698 1392 2725 et
1404 2704 1462 2725 nos
1476 2694 1518 2725 ad
1534 2694 1595 2725 hoc
1616 2703 1708 2735 spec-

237 2746 376 2778 taculum
391 2746 579 2783 veniremus,
605 2752 638 2778 et
651 2758 707 2779 vos
721 2759 787 2779 una
811 2758 1066 2786 convocaremus,
1090 2753 1156 2779 tum
1172 2748 1212 2780 ad
1229 2748 1450 2791 spectandum,
1470 2752 1536 2789 tum
1551 2747 1658 2785 etiam,
1682 2747 1708 2779 si

238 2800 345 2838 vultis,
368 2799 466 2842 [180]
490 2801 530 2831 de
546 2800 986 2835 adolescentum-educatione
1002 2802 1161 2835 communi
1176 2802 1310 2835 consilio
1334 2801 1584 2834 deliberandum.
1627 2801 1708 2834 Haec

237 2859 322 2892 sunt,
337 2864 409 2897 quae
424 2854 584 2886 vobiscum
600 2855 740 2888 conferre
764 2857 980 2899 cupiebamus.
1026 2856 1141 2889 Vestra
1163 2868 1247 2889 nunc
1273 2857 1413 2897 interest,
1439 2860 1501 2888 tam
1525 2855 1566 2888 de
1587 2856 1647 2888 hnc
1661 2866 1707 2894 re,

237 2914 340 2942 utrum
356 2907 507 2941 discenda
523 2908 564 2940 sit
578 2919 690 2951 necne,
713 2910 888 2949 consulere,
911 2921 1005 2954 quam
1020 2911 1061 2942 de
1075 2911 1155 2948 aliis,
1180 2911 1206 2943 si
1231 2921 1325 2954 quam
1348 2909 1547 2952 disciplinam
1568 2909 1618 2942 vel
1641 2915 1707 2942 stu-

238 2963 325 2996 dium
351 2962 560 2996 adolescentis
584 2963 677 2996 laude
698 2964 829 3006 dignum
854 2964 1023 2999 invenitis:
1048 2971 1080 2998 et
1103 2965 1180 3009 qnid
1207 2965 1288 2998 circs
1317 2963 1571 2998 communionem
1598 2963 1709 2997 facturi
