1846 3268
263 277 317 315 90
867 271 1137 324 PLA'roms
1639 277 1737 329 [166

270 383 386 420 essent,
398 378 583 421 interrogas.
626 375 712 408 Nam
726 376 792 414 dic,
808 375 950 414 obsecro,
967 375 1214 420 Computatricis
1224 375 1484 419 geometricaeque
1495 377 1637 410 scientia
1649 378 1746 421 quid-

271 443 344 465 nam
359 433 423 464 tale
438 443 517 475 opus
531 437 590 472 est,
605 431 699 474 quale
714 435 762 463 est
774 430 885 462 domus
899 430 1127 468 architectum,
1140 436 1173 462 et
1187 431 1326 462 textoriae
1336 431 1442 474 vestis,
1453 431 1576 474 aliaque
1589 433 1744 474 permulta

272 486 468 530 ejuscemodi
483 496 590 529 opera,
605 495 676 528 quae
693 484 799 517 multis
814 483 932 516 artibus
947 483 1081 527 quisque
1100 483 1234 516 tribuere
1250 487 1378 527 posset?
1400 491 1533 526 potesne
1553 485 1651 529 [166]
1668 486 1746 519 mihi

271 545 307 572 m
321 542 430 573 harum
445 540 602 583 ejusmodi
616 540 746 583 aliquod
769 549 850 582 opus
870 539 1063 571 ostendere?
1087 544 1121 570 at
1145 549 1209 570 non
1239 539 1364 581 poteris.
1409 539 1465 571 So.
1487 539 1572 572 Vera
1597 540 1746 583 loqueris.

270 596 332 628 hoc
348 601 452 629 tamen
478 595 537 627 tibi
561 600 731 626 monstrare
754 603 894 636 possum,
917 592 1008 635 cujus
1031 593 1163 625 scientia
1183 594 1225 625 sit
1246 594 1355 625 harum
1371 593 1570 625 scientiarum
1584 595 1748 638 quaelibet,

271 651 359 692 quod
374 649 460 681 aliud
476 655 524 682 est
539 660 632 693 quarn
647 649 780 681 scientia
795 639 930 690 quaeque
947 659 954 679 :
979 648 1246 690 quemadmodum
1262 648 1468 690 computandi
1486 647 1599 690 peritia
1613 650 1697 692 paris
1712 655 1746 682 ct

274 703 403 746 imparis
420 703 631 735 multitudinis
651 702 783 735 scientia
804 708 863 739 est,
890 712 954 744 quo
975 706 1068 744 pacto
1095 703 1133 733 ad
1161 713 1208 740 se,
1233 707 1266 733 et
1280 702 1414 734 invicem
1431 703 1581 735 habeant.
1603 713 1643 734 an
1658 705 1747 735 non?

275 757 356 790 cru.
379 757 540 790 Profecto.
584 758 638 790 So.
661 757 779 789 Nonne
802 755 888 788 aliud
916 761 966 788 est
990 766 1049 798 par
1073 760 1106 787 et
1122 755 1236 797 impar,
1263 766 1357 798 quam
1382 755 1452 798 ipsa
1466 757 1672 798 computandi
1687 758 1749 790 sci-

271 812 358 844 entia
371 812 382 844 ?
427 811 508 844 Car.
529 812 598 844 Est.
642 812 700 845 So.
722 810 810 849 Quin
826 810 921 842 etiam
933 810 1130 852 ponderandi
1145 810 1289 851 facultas,
1303 809 1451 851 gravioris
1465 810 1651 854 leviorisque
1663 821 1744 854 pon.

273 866 356 898 deris
372 866 495 901 libratio
510 871 568 900 est.
593 877 686 909 grave
701 870 805 897 autem
820 865 922 908 ipsum
938 869 970 896 et
985 864 1054 896 leve
1076 864 1162 895 aliud
1186 864 1336 906 quIddam
1352 868 1412 905 est,
1434 875 1529 907 quam
1551 875 1600 897 ars
1620 865 1691 908 ipsa
1706 867 1746 898 li-

274 921 398 952 brandi.
421 921 606 953 assentiris?
652 920 736 953 Gru.
759 919 934 951 Assentior.
980 919 1038 952 So.
1061 919 1124 950 Dic
1151 919 1271 960 itaque,
1297 918 1503 961 temperantia
1517 918 1608 961 enjus
1623 920 1752 962 potissi-

275 985 360 1007 mum
376 975 508 1008 scientia
534 980 592 1013 est,
618 975 703 1017 quod
727 974 768 1006 sit
790 974 877 1006 aliud
900 984 994 1016 quam
1021 973 1232 1015 temperantia
1254 972 1351 1015 ipsa?
1397 973 1478 1005 Cm.
1501 973 1573 1006 Hoc
1595 974 1750 1016 profecto,

276 1030 365 1071 quod
381 1030 476 1060 modo
492 1029 618 1072 quaeris,
633 1029 712 1060 illud
728 1029 833 1071 ipsum
849 1034 910 1070 est,
934 1039 998 1071 quo
1015 1027 1223 1070 temperantia
1237 1028 1277 1059 ab
1293 1027 1363 1059 aliis
1378 1028 1521 1060 omnibns
1535 1027 1675 1060 scientiis
1689 1029 1752 1060 dif-

275 1083 346 1116 fert.
371 1089 405 1115 tu
420 1094 493 1116 vero
514 1083 752 1115 similitudinem
769 1084 905 1126 aliquam
929 1082 1022 1124 hujus
1043 1083 1084 1113 ad
1107 1083 1184 1114 alias
1208 1082 1318 1124 exigi&
1341 1082 1396 1114 sed
1416 1082 1508 1114 aliter
1527 1093 1561 1115 se
1581 1093 1630 1114 res
1645 1083 1750 1117 habet.

274 1147 391 1180 nempe
406 1143 518 1170 ceteroe
532 1149 642 1170 omnes
656 1137 785 1170 alterius
800 1137 965 1180 cujusdam
982 1136 1123 1169 scientiae
1149 1141 1235 1174 sunt,
1259 1137 1306 1168 sui
1328 1137 1464 1179 ipsarum
1490 1136 1631 1169 minime.
1674 1136 1750 1169 Sola

276 1192 344 1224 haec
362 1197 395 1224 et
408 1191 538 1224 aliarum
554 1192 766 1230 scientiarum,
781 1197 814 1224 et
829 1192 878 1224 sui
900 1192 998 1234 ipsius
1013 1191 1147 1224 scientia
1170 1196 1230 1223 est.
1275 1191 1469 1223 Permultum
1495 1191 1596 1231 abest,
1619 1195 1656 1222 ut
1680 1192 1749 1223 haec

274 1246 412 1288 ignores.
435 1258 540 1278 verum
558 1247 699 1288 arbitror,
727 1252 770 1285 te,
795 1247 882 1289 quod
906 1246 1002 1289 paulo
1025 1251 1099 1278 ante
1127 1247 1277 1288 negabas,
1305 1245 1438 1278 efficere.
1460 1255 1533 1277 narn
1548 1255 1598 1277 me
1611 1245 1754 1277 refellere

277 1305 392 1343 tentas,
407 1307 439 1333 et
453 1301 548 1339 illud,
563 1302 605 1334 de
620 1312 685 1344 quo
701 1311 801 1333 sermo
827 1306 887 1339 est,
909 1301 1132 1343 praetermittis.
1178 1301 1234 1334 So.
1260 1300 1349 1338 Quid
1365 1299 1456 1342 agis?
1480 1310 1521 1331 an
1541 1305 1647 1342 putas,
1671 1300 1697 1331 si
1719 1305 1751 1332 te

277 1354 477 1397 redarguero,
493 1356 620 1387 alterius
634 1356 731 1397 gratia
744 1367 793 1387 me
808 1356 842 1387 id
858 1356 1026 1393 facturum,
1049 1366 1143 1398 quam
1169 1354 1260 1397 cujus
1277 1365 1326 1386 me
1347 1354 1450 1396 ipsum
1474 1354 1573 1396 gratia
1594 1355 1754 1386 examina-

276 1418 353 1446 rem,
375 1409 494 1452 siquid
510 1410 625 1447 dicam,
642 1415 798 1451 metuens,
820 1420 861 1440 ne
877 1411 952 1441 dum
975 1410 1054 1441 scire
1081 1415 1157 1452 puto
1181 1410 1266 1452 quod
1289 1408 1407 1450 nescio,
1430 1419 1500 1440 mea
1513 1419 1563 1440 me
1578 1408 1755 1451 ignorantia

277 1462 397 1494 lateat?
442 1463 484 1494 Et
498 1473 583 1495 nunc
602 1464 731 1505 quidem
759 1463 792 1494 id
815 1474 1011 1504 summopere
1034 1474 1084 1495 me
1107 1464 1209 1496 facere
1232 1474 1346 1501 assero,
1373 1463 1523 1494 disserere
1546 1463 1697 1495 videlicet
1720 1468 1755 1494 et

278 1517 455 1548 examinare
477 1527 653 1548 sermonem
678 1516 740 1548 mei
766 1516 866 1558 ipsius
888 1516 986 1557 gratia
1002 1516 1150 1557 primum,
1177 1517 1257 1548 sorte
1283 1517 1377 1548 etiam
1402 1527 1540 1548 meorum
1555 1516 1753 1548 familiarium

279 1580 386 1604 causa.
432 1570 484 1602 An
499 1581 564 1602 non
579 1581 746 1603 commune
758 1571 876 1601 bonum
890 1580 958 1601 esse
974 1570 1034 1601 hoc
1051 1570 1196 1601 omnibus
1211 1571 1392 1601 hominibus
1407 1570 1572 1608 arbitraris,
1587 1576 1624 1602 ut
1636 1571 1682 1603 rei
1696 1582 1752 1604 cu-

275 1624 394 1667 jusque
420 1625 562 1657 conditio
587 1625 731 1656 omnibus
755 1624 957 1656 innotescat?
1003 1623 1085 1656 Cur.
1111 1623 1252 1656 Maxime
1278 1625 1419 1666 quidem,
1454 1635 1473 1656 o
1497 1624 1651 1657 Socrates.
1696 1625 1753 1658 So.

279 1678 443 1712 Audacter
456 1681 574 1722 itaque,
590 1690 611 1711 o
626 1681 731 1720 beate,
753 1684 788 1710 ut
803 1685 857 1710 tua
870 1679 931 1710 fert
946 1677 1055 1720 opinio
1082 1679 1122 1710 ad
1146 1678 1336 1721 interrogata
1358 1679 1565 1721 respondens,
1591 1691 1633 1712 ne
1652 1690 1755 1722 cures,

282 1734 438 1767 Critiasne
450 1735 502 1776 sit,
516 1745 556 1766 an
571 1735 727 1772 Socrates,
753 1733 809 1775 qui
835 1733 1051 1775 redarguitur:
1076 1734 1131 1764 sed
1146 1734 1185 1764 ad
1203 1733 1307 1775 ipsum
1323 1743 1496 1765 sermonem
1512 1735 1653 1771 attende,
1675 1744 1755 1776 quo·

282 1798 356 1820 nam
381 1790 565 1831 redargutus
589 1789 714 1821 evadat.
761 1788 841 1822 car.
865 1787 917 1820 Sic
932 1787 1079 1826 efficiam,
1101 1798 1174 1819 nam
1202 1788 1298 1829 probe
1319 1787 1408 1829 loqui
1433 1787 1560 1820 videris.
1606 1789 1663 1821 So.
1686 1788 1759 1821 Re-

283 1848 359 1885 pete
380 1844 467 1886 quod
493 1844 534 1876 de
561 1843 770 1886 temperantia
797 1843 889 1875 dicis.
935 1843 1016 1875 em,
1040 1841 1105 1874 Aio
1129 1843 1288 1884 equidem,
1315 1853 1353 1874 ex
1378 1843 1522 1874 omnibus
1537 1842 1606 1875 aliis
1621 1844 1758 1876 scientiis

283 1898 366 1930 hanc
381 1898 493 1940 solam,
509 1904 542 1930 et
556 1898 603 1930 sui
618 1898 732 1941 ipsius,
759 1902 792 1929 et
813 1897 1002 1939 reliquarum
1028 1897 1229 1929 scientiarum
1249 1907 1317 1928 esse
1339 1897 1514 1931 scientiam.
1558 1897 1615 1930 So.
1639 1897 1758 1929 Nonne

285 1957 318 1984 et
331 1952 465 1985 inscitiae
489 1953 619 1985 scientia
635 1958 694 1994 est,
719 1951 885 1995 siquidem
901 1956 935 1983 et
949 1951 1114 1983 scientiae?
1161 1952 1241 1984 Car.
1265 1951 1417 1984 Omnino.
1462 1952 1520 1984 So.
1542 1952 1635 1983 Solus
1649 1952 1757 1995 itaque

284 2010 462 2049 temperans
477 2007 628 2050 seipsum
654 2012 775 2045 noscet,
801 2007 900 2049 [167]
924 2006 1164 2048 examinareque
1186 2007 1313 2056 poterit,
1338 2007 1414 2049 quid
1440 2007 1615 2048 cognoscit,
1640 2007 1758 2048 quidve

283 2060 409 2103 ignoret
423 2073 430 2092 :
450 2061 594 2104 judicare
608 2061 736 2104 insuper
750 2072 789 2093 ex
814 2061 885 2093 aliis
906 2061 1098 2099 hominibus,
1126 2061 1212 2103 quod
1237 2060 1370 2103 quisque
1385 2060 1486 2099 novit,
1501 2066 1534 2092 et
1549 2071 1640 2092 nosse
1654 2066 1758 2102 putat,

285 2115 312 2147 si
327 2115 456 2158 quidem
471 2116 582 2148 novit:
605 2117 732 2158 quodve
746 2117 870 2159 ignorat
884 2116 963 2158 ipse,
989 2112 1023 2147 et
1044 2126 1137 2148 nosse
1163 2120 1275 2158 putat:
1301 2115 1431 2147 aliorum
1457 2119 1562 2147 autern
1577 2115 1682 2147 nullus
1696 2115 1759 2149 hoc

286 2171 415 2213 poterit.
438 2176 533 2214 atque
548 2172 608 2204 hoc
619 2177 668 2203 est
680 2181 749 2203 esse
761 2176 983 2214 temperatum,
999 2175 1033 2202 et
1044 2170 1262 2212 temperantia,
1280 2170 1480 2212 seipsumque
1489 2179 1693 2211 cognoscere,
1708 2170 1757 2201 in—

287 2225 429 2268 telligere
444 2226 658 2269 scilicet,·quae
673 2225 772 2265 novit,
784 2237 896 2269 quaeve
909 2236 974 2257 non
990 2225 1090 2257 novit.
1116 2225 1238 2256 Suntne
1249 2226 1317 2256 haec
1329 2235 1399 2267 quae
1409 2225 1514 2256 dicis?
1559 2223 1641 2257 Car.
1665 2224 1759 2256 Sunt.

288 2280 346 2313 So.
378 2279 500 2312 Rursus
514 2280 610 2323 igitur
619 2274 761 2324 tertium,
778 2285 813 2312 ut
829 2280 956 2319 dicitur,
972 2281 1046 2313 Jovi
1062 2279 1216 2312 liberatori
1228 2280 1398 2311 tribuentes
1408 2290 1426 2311 a
1438 2278 1595 2321 principio
1604 2279 1672 2311 haec
1684 2289 1761 2311 con-
1798 2283 1799 2286 ’

288 2333 471 2366 uideremus.
515 2334 692 2377 Principio,
709 2340 811 2367 utrum
828 2335 895 2368 fieri
909 2336 970 2367 hoc
986 2335 1095 2378 possit,
1113 2345 1226 2372 necne,
1242 2339 1278 2365 ut
1292 2345 1362 2376 quae
1378 2334 1510 2376 quisque
1525 2333 1626 2370 novit,
1641 2338 1674 2365 et
1687 2343 1760 2376 quas

288 2398 354 2419 non
369 2389 470 2429 novit,
484 2399 577 2420 nosse
598 2394 631 2420 et
640 2389 717 2421 item
732 2400 796 2421 non
811 2400 904 2422 nosse
919 2393 1101 2432 cognoscat.
1146 2388 1286 2426 Deinde,
1301 2389 1327 2420 si
1341 2389 1375 2420 id
1391 2388 1456 2420 fieri
1478 2387 1590 2431 possit,
1613 2397 1758 2430 quasnam

287 2442 540 2484 intelligentibus
563 2443 604 2474 sit
626 2443 731 2476 futura
758 2444 890 2478 utilitas.
937 2444 1018 2478 Car.
1040 2443 1272 2487 Inquirendum
1302 2448 1398 2476 certe.
1441 2443 1499 2475 8ο.
1521 2442 1762 2484 Animadverte,

291 2495 402 2538 eritis,
426 2507 501 2528 num
525 2497 559 2529 iu
574 2497 623 2529 his
638 2498 713 2530 certi
728 2498 902 2541 quidquam
917 2498 1032 2530 habeas
1045 2510 1054 2529 ε
1078 2509 1137 2541 ego
1153 2498 1238 2530 enim
1253 2498 1343 2530 nihil.
1367 2503 1400 2529 et
1415 2507 1478 2540 qua
1492 2497 1524 2528 in
1539 2507 1572 2528 re
1586 2497 1711 2535 dubito,
1734 2497 1761 2528 si

290 2551 388 2590 voles,
403 2551 552 2594 aperiam.
598 2552 677 2584 Car.
700 2552 802 2585 Immo
819 2553 901 2585 volo.
947 2553 1005 2586 So.
1025 2553 1202 2595 Sequentur
1217 2554 1297 2594 haec,
1313 2551 1340 2583 si
1354 2551 1462 2592 stabit,
1476 2551 1561 2593 quod
1575 2551 1646 2593 ipse
1662 2551 1758 2582 modo

290 2605 439 2637 dicebas:
462 2605 535 2637 Una
559 2607 704 2648 quaedam
718 2606 1036 2646 videlicetsseientiffi
1058 2617 1129 2649 quas
1151 2607 1269 2638 nullius
1295 2605 1434 2644 alterius,
1455 2615 1549 2648 quam
1575 2605 1624 2637 sui
1649 2604 1759 2646 ipsius,

290 2660 484 2703 aliarumque
509 2661 706 2693 scientiarum
731 2662 865 2694 scientia
876 2662 940 2694 sit:
964 2667 1059 2705 atque
1086 2661 1220 2694 inscitiae
1232 2672 1337 2697 rursus
1358 2660 1491 2692 scientia
1511 2659 1633 2692 eadem.
1677 2659 1760 2691 Car·

290 2714 431 2746 Prorsus.
474 2714 529 2748 So.
552 2714 647 2752 Vide,
660 2716 771 2755 amice,
786 2727 880 2759 quam
896 2717 1046 2749 absurdus
1060 2721 1168 2748 noster
1183 2715 1234 2748 hic
1249 2725 1361 2747 sermo.
1385 2714 1544 2746 enimvero
1559 2714 1583 2745 si
1599 2714 1659 2744 hoc
1673 2712 1757 2744 idem

290 2767 324 2801 in
340 2768 407 2799 aliis
419 2768 604 2811 quibusdam
618 2771 873 2809 consideraveris,
888 2775 924 2803 ut
939 2771 1078 2809 arbitr0r,
1092 2771 1284 2812 impossibile
1299 2769 1358 2801 tibi
1370 2769 1534 2801 videbitur.
1579 2767 1662 2801 Ciu.
1683 2768 1758 2806 Qua

293 2822 425 2861 ratione,
441 2827 474 2855 et
488 2823 565 2855 ubi?
611 2825 664 2856 So.
687 2825 752 2857 Hic
769 2825 873 2867 plane.
895 2826 1012 2868 cogita,
1026 2830 1130 2857 utrum
1147 2825 1291 2856 videatur
1305 2824 1362 2856 tibi
1376 2823 1460 2855 visus
1470 2822 1598 2865 quidam
1611 2832 1691 2860 esse,
1703 2822 1760 2865 qui

293 2886 359 2907 non
373 2877 414 2909 sit
429 2887 534 2909 earum
548 2887 649 2909 rerum
664 2878 759 2915 visus,
779 2890 910 2922 quarum
936 2884 1047 2912 ceterae
1062 2879 1197 2910 visiones
1212 2891 1220 2911 2
1245 2879 1293 2910 sui
1307 2878 1407 2921 ipsius
1422 2882 1526 2908 autem
1540 2881 1574 2908 et
1587 2881 1759 2908 ceterarum

292 2931 462 2974 visionum,
473 2936 505 2963 et
520 2931 596 2963 item
611 2943 674 2963 non
692 2932 819 2965 visionis
832 2925 873 2965 sit
887 2934 965 2965 visio
979 2946 987 2966 τ
1010 2945 1114 2977 neque
1129 2934 1265 2966 colorem
1280 2933 1385 2964 videat
1399 2931 1509 2969 ullum,
1522 2940 1593 2963 cum
1609 2930 1689 2963 visio
1709 2931 1763 2970 sit,

293 2985 437 3029 seipsam
453 2997 525 3019 vero
540 2986 702 3020 dumtaxat
716 2993 749 3020 et
763 2988 838 3021 alias
854 2989 989 3022 visiones
997 2989 1156 3033 inspiciat.
1172 2988 1335 3021 videturne
1349 2986 1429 3019 visio
1439 2985 1494 3018 tibi
1508 2985 1571 3018 ulls
1586 2985 1657 3018 talis
1671 2985 1764 3018 esse?
