1846 3268
202 266 274 317 62]
459 264 461 266 '
828 260 1050 303 PHAEDO.
1587 268 1667 307 429

202 370 343 409 alterum,
357 369 461 402 eidem
477 379 548 400 mox
562 366 691 399 alterum
707 375 833 408 quoque
845 365 964 398 adesse.
1011 365 1106 403 Quod
1118 361 1246 408 quidem
1261 365 1337 398 mihi
1351 367 1468 400 accidit
1482 367 1514 399 in
1529 378 1666 411 praeseu-

203 425 258 456 tia.
283 425 435 467 siquidem
452 423 545 454 modo
569 431 638 453 crus
664 424 791 462 propter
805 419 931 451 vincula
953 419 1144 451 afficiebatur
1165 420 1298 461 dolore;
1321 421 1376 452 sed
1402 420 1475 454 huic
1500 424 1666 455 succedere

202 479 348 521 voluptas
363 477 430 520 jam
446 477 580 509 videtur.
626 474 680 506 Ad
707 475 774 506 haec
796 474 910 512 Cebes,
926 474 988 506 Per
1007 474 1133 516 Jovem‚
1148 474 1263 517 inquit,
1277 484 1297 506 o
1319 475 1473 512 Socrates,
1490 482 1667 519 opportune

202 531 281 565 mihi
294 533 328 564 id
343 532 377 564 in
388 531 566 563 memoriam
582 529 744 561 revocasti.
761 539 833 560 cum
848 527 932 560 enim
945 532 1090 570 poemata
1101 528 1324 571 composueris,
1332 529 1502 561 intendens
1511 538 1668 562 sermones

201 587 318 628 ¹AEsopi
333 585 577 628 prooemiumque
593 583 625 614 in
642 582 825 625 Apollinem
839 592 848 622 ;
863 587 927 614 tum
943 582 997 614 alii
1009 582 1098 614 multi
1113 593 1163 614 me
1174 581 1451 625 interrogaverunt,
1463 589 1528 616 turn
1540 584 1667 616 Evanus

202 640 360 682 praecipue
375 645 471 681 atque
488 638 587 680 prius,
603 646 741 680 quonam
757 637 901 674 consilio,
918 641 1086 679 postquam
1108 638 1170 669 huc
1193 637 1360 675 devenisti,
1375 638 1443 670 haec
1458 638 1581 675 feceris,
1595 648 1668 680 quae

201 693 287 736 p'rius
308 694 426 727 feceras
449 702 622 735 nunquam.
667 691 701 723 Si
724 691 822 733 igitur
840 689 904 721 ‘tibi
928 701 1010 723 curae
1032 698 1092 731 est,
1118 695 1154 722 ut
1179 691 1324 732 habeam,
1349 691 1435 733 quod
1459 692 1667 733 respondeam

201 748 324 786 Evano,
340 747 467 790 quando
483 748 592 779 iterum
608 756 646 779 ex
663 756 711 777 me
733 744 902 787 quaesierit,
918 745 1004 787 quod
1028 750 1113 777 certo
1129 745 1192 776 scio
1216 745 1318 787 ipsum
1334 755 1401 777 esse
1415 745 1591 785 facturum3
1614 745 1667 777 die

202 811 321 844 quaeso,
337 802 414 844 quid
441 801 488 832 illi
506 802 548 832 sit
569 801 835 842 respondendum.
880 798 978 835 Vera,
994 799 1109 842 inquit,
1134 810 1153 830 o
1167 799 1282 840 Cebes,
1296 800 1463 841 responde,
1478 809 1528 831 me
1543 799 1576 831 id
1591 799 1669 832 effe-

198 855 290 896 cisse,
305 866 369 886 non
385 861 420 887 ut
434 855 483 886 vel
499 854 558 886 sibi
573 854 759 896 gratificarer
773 853 822 884 vel
838 863 909 884 cum
925 853 988 884 suis
999 853 1187 884 carminibus
1196 853 1406 885 decertarem:
1431 853 1568 885 sciebam
1582 854 1668 898 enim

198 909 293 941 facile
308 909 340 941 id
354 919 417 940 non
440 919 508 940 esse
523 920 530 939 z
555 918 660 939 verum
686 912 721 939 ut
740 907 898 939 insomnia
918 907 1063 949 quaedam
1086 907 1250 949 experirer,
1265 918 1315 938 me
1331 907 1422 939 simul
1435 908 1577 950 expians,
1591 918 1667 940 num

197 962 279 994 forte
294 963 362 994 haec
378 962 419 994 sit
433 972 471 994 ea
487 962 618 1000 musica,
633 972 728 1003 quam
744 961 859 1003 saepius
867 959 936 1002 jam
951 971 1094 993 exercere
1108 971 1157 992 me
1168 960 1295 1002 jubent.
1340 961 1424 993 Nam
1440 961 1618 1004 frequenter
1631 963 1666 993 in

199 1016 350 1058 superiori
363 1022 503 1059 tempore
517 1016 706 1047 insomnium
720 1016 819 1053 idem,
835 1015 911 1047 licet
933 1015 992 1046 alia
1016 1020 1110 1057 atque
1134 1015 1196 1046 alia
1215 1015 1314 1047 forma
1339 1026 1407 1048 sese
1430 1016 1506 1047 mihi
1521 1016 1667 1055 offerens,

199 1071 310 1103 eadem
326 1081 449 1113 semper
462 1070 505 1101 ita
522 1070 682 1112 praecepit,
699 1069 773 1112 Fac,-
790 1080 809 1100 o
835 1070 989 1107 Socrates,
1006 1069 1278 1111 musicam‚atque
1301 1081 1420 1103 exerce.
1466 1070 1535 1113 Ego
1559 1070 1668 1114 igitur,

197 1127 283 1168 quod
299 1125 331 1156 in
347 1125 497 1168 superiori
512 1129 650 1167 tempore
661 1124 826 1166 faciebam,
841 1124 915 1166 [61]
932 1126 992 1156 hoc
1007 1124 1084 1156 mihi
1099 1130 1292 1167 praeceptum
1302 1125 1470 1156 arbitrabar
1483 1136 1491 1158 ε
1509 1130 1542 1157 et
1553 1135 1663 1167 quem-

201 1180 370 1211 admodum
396 1184 553 1211 eurrentes
579 1179 736 1210 adhortari
762 1179 910 1219 solemus,
926 1178 982 1216 sie,
995 1178 1080 1221 quod
1095 1178 1164 1221 ipse
1178 1184 1271 1210 antea
1284 1179 1449 1217 faciebam,
1465 1180 1506 1211 ad
1521 1179 1604 1211 idem
1617 1190 1668 1212 me

198 1233 384 1265 insomnium
401 1234 553 1265 cohortari
571 1234 718 1275 putabam
734 1244 743 1272 ;
766 1233 853 1274 quasi
867 1232 1068 1275 philosophia
1081 1233 1214 1264 maxima
1229 1232 1347 1265 musica
1356 1233 1449 1265 foret.
1493 1234 1667 1276 Postquam

203 1297 275 1319 vero
299 1288 384 1320 facto
406 1288 472 1330 jam
500 1288 540 1319 de
567 1298 615 1319 me
636 1287 761 1329 judicio
778 1287 854 1318 mori
877 1297 926 1318 me
948 1287 1072 1318 interim
1096 1287 1159 1319 Dei
1182 1287 1334 1319 festivitas
1356 1287 1533 1319 inhiberet:
1556 1289 1666 1321 censui

200 1347 355 1384 oportere,
370 1342 396 1373 si
407 1341 489 1373 forte
503 1341 693 1373 insomnium
709 1341 824 1373 totiens
843 1341 955 1383 jubeat
971 1341 1153 1383 popularem
1169 1342 1250 1373 hane
1266 1342 1416 1374 musicam
1431 1351 1584 1380 exercere,
1600 1353 1666 1374 non

199 1395 358 1438 negligere
374 1395 442 1437 ejus
458 1400 663 1437 praeceptum.
706 1395 818 1426 Tutius
833 1395 916 1427 enirn
931 1395 997 1426 fore
1021 1396 1185 1427 arbitratus
1210 1406 1290 1433 sum,
1305 1400 1473 1439 antequam
1495 1407 1513 1428 e
1527 1396 1593 1427 vita
1606 1397 1664 1428 mi-

198 1459 328 1492 grarem,
338 1450 463 1491 expiare
476 1450 616 1480 animum
632 1454 739 1492 atque,
755 1454 791 1480 ut
804 1454 912 1481 monet
923 1449 1124 1488 insomnium,
1137 1455 1281 1492 poemata
1293 1450 1406 1484 facere.
1453 1451 1666 1489 Quamobrem

195 1503 298 1545 primo
313 1504 459 1546 equidem
472 1503 573 1536 cecini
586 1515 657 1536 eum
671 1504 786 1546 ipsum,
798 1504 888 1546 cujus
899 1508 974 1536 tunc
985 1515 1071 1536 sacra
1083 1505 1319 1537 celebrabantur
1333 1517 1340 1537 ε
1359 1510 1452 1548 atque
1464 1510 1536 1547 post
1546 1505 1665 1543 Deum,

195 1557 343 1599 judicans
359 1563 504 1601 oportere
519 1569 603 1600 eum,
617 1558 673 1600 qui
689 1563 784 1600 poeta
798 1559 928 1590 'futurus
950 1559 1002 1600 sit,
1017 1569 1082 1590 non
1096 1569 1253 1590 sermones
1275 1560 1330 1590 sed
1353 1560 1474 1591 fabulas
1489 1560 1603 1603 facere,
1615 1571 1667 1592 me

198 1621 273 1643 vero
288 1621 352 1643 non
369 1621 440 1644 esse
455 1612 676 1649 fabulatorem,
692 1612 858 1643 nonnullas
880 1623 918 1643 ex
940 1612 1054 1643 fabulis
1081 1612 1208 1654 AEsopi,
1224 1623 1302 1655 quas
1324 1613 1470 1651 sciebam,
1487 1606 1664 1656 promptio-

199 1676 309 1708 resque
324 1667 490 1709 habebam,
499 1671 536 1698 ut
551 1667 582 1698 in
591 1677 748 1709 quamque
761 1667 846 1708 prius
858 1666 969 1705 incidi,
981 1667 1165 1699 modulatus
1177 1677 1257 1699 sum.
1303 1667 1382 1699 Haec
1393 1667 1496 1709 igitur,
1512 1679 1531 1699 ο
1547 1667 1664 1709 Cebes,

196 1720 276 1752 refer
290 1721 417 1752 Evano:
441 1726 474 1752 et
490 1721 592 1752 valere
603 1721 694 1763 jube,
711 1726 806 1763 atque
821 1721 962 1758 consule,
980 1726 1015 1752 ut
1037 1721 1062 1752 si
1086 1721 1183 1763 probe
1206 1721 1300 1764 sapit,
1317 1731 1365 1752 me
1382 1726 1538 1764 sequatur.
1563 1722 1663 1763 migro

196 1775 281 1806 enirn
292 1775 367 1808 hinc
383 1774 490 1807 hodie.
513 1775 557 1806 sic
573 1776 656 1806 enim
674 1774 884 1806 Athenienses
902 1775 1031 1817 jubent.
1075 1775 1166 1807 Tunc
1188 1775 1343 1814 Simmias,
1364 1775 1467 1814 Quale
1483 1775 1515 1806 id
1537 1780 1597 1814 est,
1613 1776 1662 1807 in-

197 1828 277 1871 quit,
292 1840 311 1860 0
327 1829 484 1870 Socrates,
496 1829 581 1871 quod
597 1829 708 1861 Evano
723 1830 878 1861 mandas?
903 1840 986 1872 saepe
1002 1829 1128 1872 quidem
1145 1840 1218 1862 cum
1240 1830 1294 1861 illo
1309 1830 1354 1861 fui
1369 1841 1377 1861 ε
1400 1834 1433 1861 et
1452 1834 1604 1872 quantum
1619 1830 1661 1861 de

195 1883 251 1915 illo
265 1883 378 1921 sentio,
393 1883 482 1914 nullo
497 1893 587 1925 paene
603 1884 696 1915 modo
712 1884 812 1915 libens
823 1884 877 1916 ille
888 1884 946 1915 tibi
960 1884 1089 1927 parebit.
1135 1885 1190 1916 So.
1215 1885 1302 1922 Quid
1320 1885 1414 1916 vero?
1438 1894 1543 1915 nonne
1559 1883 1664 1926 philo-

197 1938 314 1980 sophus
329 1942 376 1968 est
390 1937 542 1969 Evanus?
589 1938 668 1971 SIM.
692 1938 776 1970 Mihi
803 1939 928 1981 quidem
946 1939 1079 1971 videtur.
1125 1938 1179 1970 So.
1204 1939 1297 1970 Volet
1320 1938 1414 1980 igitur
1433 1943 1466 1970 et
1490 1937 1617 1969 Evanus
1632 1942 1665 1969 et

199 1991 311 2028 omnis,
326 1991 507 2034 quicunque
529 1992 624 2035 hujus
639 1993 681 2025 rei
697 1993 792 2035 digne
808 1998 855 2025 est
870 1994 1040 2036 particeps.
1085 1992 1159 2024 Non
1175 1997 1279 2024 tamen
1294 1993 1373 2024 forte
1387 1992 1448 2024 sibi
1462 1993 1525 2024 vim
1540 1991 1666 2024 inferet.

197 2055 262 2076 non
278 2046 362 2078 enim
376 2046 423 2078 fas
439 2057 507 2079 esse
527 2047 626 2079 aiunt.
673 2047 715 2079 Et
741 2048 833 2079 simul
848 2049 915 2080 haec
931 2048 1052 2085 dicens,
1068 2058 1155 2079 crura
1178 2058 1196 2079 e
1216 2048 1329 2079 lectica
1344 2047 1469 2079 demisit
1483 2047 1516 2078 in
1530 2052 1640 2079 terram
1655 2058 1666 2086 3

196 2104 290 2142 atque
305 2101 350 2132 ita
364 2101 476 2133 sedens
491 2102 642 2144 deinceps
658 2102 777 2144 reliqua
791 2102 977 2145 disputavit.
1023 2102 1177 2142 Quaesivit
1202 2102 1298 2144 igitur
1319 2102 1359 2133 ab
1382 2113 1420 2134 eo
1444 2101 1557 2139 Cebes,
1573 2101 1664 2139 Quo-

195 2163 268 2185 nam
283 2153 315 2185 id
332 2155 424 2186 modo
440 2156 497 2193 ais,
514 2166 532 2186 o
547 2155 710 2188 Socrates?
734 2157 780 2188 sas
806 2157 933 2198 quidem
956 2167 1020 2188 non
1045 2167 1112 2188 esse
1128 2156 1265 2198 seipsum
1280 2156 1416 2195 violare3
1439 2155 1662 2197 philosophum

199 2211 304 2239 tamen
319 2213 428 2250 optare
445 2209 626 2241 morientem
643 2211 755 2252 sequi?
801 2210 855 2242 So.
878 2211 940 2242 Sed
957 2211 1020 2248 dic,
1037 2221 1055 2242 o
1072 2211 1185 2248 Cebes,
1199 2221 1303 2242 nonne
1320 2214 1353 2241 tu
1366 2210 1573 2252 Simmiasque
1588 2209 1664 2241 talia

195 2262 340 2303 quredam
356 2263 517 2294 audivistis
533 2275 551 2295 a
567 2264 724 2302 Philolac,
741 2275 804 2306 quo
819 2265 1012 2296 familiariter
1026 2265 1199 2296 utebamini
1213 2265 1224 2295 ?
1270 2264 1331 2296 Cn.
1355 2264 1519 2295 Manifesti
1535 2264 1662 2306 quidem

195 2315 288 2357 nihil,
304 2327 323 2347 ο
339 2316 492 2350 Socrates.
539 2317 594 2350 So.
619 2318 721 2361 Atqui
744 2330 802 2361 ego
825 2330 952 2361 quoque
974 2320 1015 2350 de
1037 2318 1085 2350 his
1111 2320 1201 2350 rebus
1224 2330 1262 2351 ex
1287 2318 1397 2350 auditu
1414 2318 1533 2360 loquor.
1580 2318 1662 2356 Qute

195 2369 290 2411 igitur
303 2370 382 2402 forte
396 2371 466 2414 ipse
481 2372 599 2410 audivi,
616 2374 726 2405 referre
740 2373 828 2404 vobis
844 2373 931 2405 nulla
945 2373 1065 2405 invidia
1089 2373 1278 2415 prohibebit.
1302 2372 1417 2404 etenim
1434 2373 1512 2403 forte
1528 2372 1662 2403 maxime

194 2424 298 2466 decet,
314 2425 368 2456 illo
383 2426 583 2467 migraturum
600 2428 807 2465 considerare,
824 2434 918 2470 atque
934 2428 1089 2469 effingere,
1106 2427 1206 2469 qualis
1221 2427 1288 2458 fore
1305 2427 1445 2469 putanda
1461 2427 1501 2457 sit
1514 2427 1582 2457 haec
1593 2427 1662 2468 ipsa

196 2478 351 2520 migratio.
375 2480 450 2521 quid
477 2481 558 2511 enim
587 2481 670 2512 aliud
697 2492 794 2523 usque
820 2483 859 2513 ad
885 2482 957 2513 solis
981 2492 1126 2512 occasum
1151 2481 1221 2523 quis
1244 2481 1361 2512 saciat?
1408 2480 1469 2512 Cn.
1494 2480 1597 2517 Quam
1621 2480 1661 2510 ob

196 2543 334 2577 causam,
350 2545 368 2564 o
384 2534 538 2571 Socrates,
555 2536 641 2566 nefas
657 2546 723 2567 esse
735 2536 836 2578 aiunt,
851 2536 974 2567 sibimet
997 2547 1104 2567 manus
1122 2535 1253 2566 inferre?
1272 2535 1339 2576 jam
1354 2534 1450 2572 enim,
1466 2535 1550 2576 quod
1566 2534 1661 2564 modo

194 2588 367 2628 quaerebas,
382 2599 441 2629 ego
465 2599 484 2619 a
505 2588 649 2620 Philolao
673 2590 789 2627 audivi,
805 2601 876 2622 cum
901 2590 984 2632 apud
1010 2600 1068 2620 nos
1091 2591 1315 2631 observaretur,
1329 2594 1363 2620 et
1384 2590 1423 2620 ab
1448 2589 1518 2620 aliis
1531 2589 1660 2630 insuper

196 2641 367 2682 nonnullis,
379 2626 447 2672 iren
463 2642 575 2673 decere
590 2643 621 2674 id
638 2643 759 2675 facere:
783 2650 924 2686 apertum
943 2649 1046 2675 tamen
1063 2644 1120 2675 hac
1137 2645 1177 2675 de
1192 2654 1223 2674 re
1240 2644 1407 2685 quicquam
1418 2643 1494 2674 nihil
1505 2644 1544 2674 ab
1554 2643 1659 2684 aliquo

195 2704 332 2736 unquam
348 2695 465 2726 audivi.
488 2695 564 2738 [62]
589 2695 645 2727 So.
667 2697 729 2728 Sed
746 2698 921 2729 attentione
932 2697 998 2739 jam
1015 2708 1094 2740 opus
1111 2703 1168 2729 est.
1191 2709 1263 2729 nam
1281 2702 1313 2729 et
1327 2698 1354 2728 si
1369 2697 1535 2737 audiveris,
1550 2697 1658 2726 mirum

195 2754 300 2780 tamen
315 2750 395 2780 forte
409 2748 509 2780 videri
525 2750 635 2791 possit,
650 2750 676 2781 si
698 2752 758 2782 hoc
781 2751 880 2782 solum
904 2763 940 2783 ex
965 2751 1033 2782 aliis
1056 2752 1199 2783 omnibus
1225 2752 1358 2794 simplex
1374 2751 1438 2791 sit;
1461 2761 1519 2782 nec
1535 2750 1659 2781 accidat

194 2813 331 2845 unquam
349 2803 478 2839 homini,
494 2804 757 2845 quemadmodum
783 2811 897 2843 cetera,
913 2807 1040 2848 quando
1067 2812 1101 2838 ct
1122 2806 1306 2848 quibusdam
1331 2807 1440 2838 melius
1463 2805 1538 2836 mori
1563 2814 1657 2846 quam

196 2857 310 2890 vivere.
332 2856 438 2899 itaque
453 2857 560 2888 mirum
577 2858 633 2888 tibi
649 2857 727 2890 forte
742 2858 909 2897 videbitur,
926 2859 951 2890 si
968 2860 1026 2897 his,
1042 2859 1156 2901 quibus
1173 2866 1297 2902 praestat
1312 2861 1400 2896 mori,
1423 2870 1485 2890 non
1502 2858 1595 2889 liceat
1617 2858 1660 2888 si-

197 2911 294 2943 bimet
310 2912 470 2953 prodesse,
487 2911 541 2942 sed
558 2911 651 2943 alium
669 2917 812 2954 oporteat
825 2918 1018 2955 exspectare,
1035 2914 1088 2955 qui
1106 2914 1213 2956 prosit.
1257 2914 1346 2945 Tunc
1374 2912 1476 2944 Cebes
1497 2911 1659 2942 subridens

196 2963 414 2998 Thebanorum
429 2976 526 3009 more,
542 2965 623 2998 Proh
650 2966 670 2998 J
675 2966 808 3008 uppher,
831 2966 943 3008 inquit.
987 2966 1041 2998 So.
1067 2965 1165 3009 Atqui
1180 2967 1277 2999 videri
1304 2966 1429 3009 quidem
1448 2970 1549 3007 potest
1566 2964 1597 2996 id
1614 2964 1659 2996 sic
