1846 3268
179 266 274 318 172]
724 262 1070 303 CHARMmES.
1583 272 1635 311 93

169 368 327 402 medicina
339 366 471 401 scientia
483 367 627 410 quaedam
642 371 701 399 est.
746 365 827 400 Car.
851 365 936 398 Vera
952 367 1098 409 loqueris.
1143 367 1198 401 So.
1221 367 1317 406 Quod
1333 368 1458 410 quidem
1474 370 1634 405 scientiam

169 423 305 465 aliquam
321 423 427 462 habet,
443 425 630 462 temperatus
645 426 795 462 agnoscet
809 431 818 453 :
841 422 898 453 sed
913 421 991 452 alius
1007 421 1163 463 quispiam
1186 422 1302 454 medici
1323 424 1465 464 peritiam
1489 426 1635 459 conside-

169 476 264 513 rabit,
289 485 431 517 quasnam
447 484 618 516 quorumve
633 474 683 505 sit.
705 474 791 515 quod
815 474 943 515 quidem
970 479 1045 506 tunc
1062 479 1161 516 patet,
1177 486 1248 506 cum
1265 476 1370 514 scitur,
1389 488 1519 519 quarum
1534 481 1574 511 sit
1588 492 1636 512 re·

164 540 238 561 «rum
253 528 395 560 scientia.
438 527 493 559 An
507 538 572 558 non
587 527 718 559 scientia
743 537 876 569 quaeque
892 528 1100 560 determinata
1126 534 1185 566 est,
1207 530 1290 561 haud
1317 531 1378 562 hoc
1393 536 1525 570 tantum,
1548 535 1633 575 quod

169 582 300 615 scientia
314 587 374 623 est,
386 582 440 613 sed
456 592 526 624 quae
541 581 696 612 scientia?
720 586 753 613 et
768 592 839 623 quae
854 581 986 612 scientia
1001 583 1041 614 sit
1053 583 1262 624 cognoscitur,
1277 584 1325 615 his
1340 586 1485 626 cognitis,
1499 597 1631 629 quorum

168 636 300 669 scientia
313 636 384 668 est?
429 636 509 668 ΟΜ.
533 635 585 667 Sic
611 645 747 677 prorsus.
790 635 846 666 So.
871 635 1043 666 Medicinae
1060 636 1189 668 scientia
1205 638 1244 668 ab
1260 637 1328 669 aliis
1350 639 1488 670 scientiis
1510 651 1548 672 eo
1569 641 1635 672 dis-

164 690 268 722 tincta
281 694 342 731 est,
357 691 443 732 quod
458 689 587 721 salubris
602 694 650 721 est
663 689 891 730 insalubrisque
907 689 1040 730 peritia?
1085 689 1164 721 ΟΜ.
1188 689 1325 731 Nempe.
1370 692 1427 723 So.
1450 693 1502 723 An
1516 704 1580 725 non
1600 695 1635 726 in

163 744 218 776 -his
232 745 428 776 considerare
443 744 550 782 debet,
565 743 707 785 quisquis
722 743 910 774 medicinam
927 743 1178 774 consideraturus
1198 745 1332 785 accedit,
1346 746 1379 776 in
1394 746 1506 787 quibus
1522 748 1636 779 videli-

168 802 220 830 cet
234 799 303 840 ipsa
312 798 477 829 versatur?
500 808 603 839 neque
619 798 702 829 enim
721 797 752 828 in
768 795 934 839 extraneis,
960 796 994 827 in
1015 797 1129 838 quibus
1146 808 1210 828 non
1234 802 1293 839 est,
1318 800 1487 840 quaerenda
1502 801 1635 834 videtur.

169 851 250 884 ΟΜ.
273 851 346 884 Νοῃ
361 857 457 884 certe.
501 852 557 884 So.
582 851 620 882 Iu
637 851 811 883 salubribus
833 851 951 892 itaque,
975 861 1146 892 eorumque
1161 852 1335 889 contrariis,
1361 853 1516 884 medicum
1533 856 1636 886 consi-

160 906 301 947 derabit,
315 906 347 937 in
363 911 514 948 quantum
531 905 700 947 medicum,
728 905 911 947 quicunque
932 910 1015 936 recte
1030 905 1115 936 hunc
1131 905 1386 946 perscrutabitur.
1431 906 1510 939 ΟΜ.
1534 908 1635 940 Vide-

167 966 228 993 tur.
273 961 330 993 So.
353 960 470 992 Nonne
497 961 528 991 in
554 960 601 991 his
616 960 660 991 ita
674 960 722 990 vel
738 959 832 991 dictis
846 959 895 990 vel
911 959 1002 990 factis
1019 959 1291 996 animadverteret,
1308 970 1379 1001 quae
1394 971 1464 991 vere
1479 961 1636 1004 dicantur,

167 1021 202 1048 et
214 1027 285 1058 quae
300 1021 382 1047 recte
398 1015 550 1057 agantur?
596 1014 676 1046 ΟΜ.
699 1013 918 1044 Necessarium
942 1018 999 1044 est.
1043 1013 1102 1044 So.
1124 1012 1179 1044 An
1202 1014 1315 1054 poterit
1339 1014 1420 1045 ullus
1437 1015 1555 1057 absque
1570 1028 1634 1048 me-

165 1071 280 1101 dieinae
294 1069 406 1112 peritia
422 1070 489 1100 haec
504 1067 686 1109 conjicere?
731 1067 811 1099 ΟΜ.
834 1066 961 1099 Nullus.
1007 1068 1062 1099 So.
1085 1067 1199 1109 Neque
1215 1068 1307 1108 alius,
1321 1072 1358 1099 ut
1371 1068 1506 1105 videtur,
1523 1076 1636 1111 praeter

168 1123 344 1156 medicum:
370 1133 472 1165 neque
487 1127 662 1164 temperans
673 1121 778 1163 igitur.
802 1131 874 1152 nam
891 1121 1046 1163 praeterid
1071 1122 1156 1163 quod
1181 1126 1356 1163 temperans
1381 1127 1463 1154 esset
1483 1129 1516 1154 et
1535 1125 1634 1156 medi-

167 1188 235 1211 cus.
281 1178 360 1211 ΟΜ.
384 1177 468 1209 Vera
482 1177 549 1208 haec
563 1181 647 1208 sunt.
693 1175 750 1207 SO.
772 1175 910 1206 Omnino
926 1176 1020 1217 igitur
1035 1176 1254 1217 temperantia,
1270 1176 1295 1206 si
1308 1176 1447 1207 scientiae
1462 1177 1636 1211 inscitiaeve

167 1232 299 1263 scientia
313 1237 372 1269 est,
387 1242 491 1273 neque
506 1231 681 1262 discernere
697 1229 854 1261 medicum
879 1230 995 1271 poterit
1017 1230 1166 1260 medendi
1188 1230 1335 1272 peritum,
1357 1230 1508 1273 itemque,
1535 1233 1636 1264 medi.

167 1286 248 1318 cinae
271 1286 415 1328 peritiam
444 1285 655 1321 simulantem,
678 1284 728 1315 vel
757 1294 824 1314 sese
850 1284 963 1315 habere
988 1289 1151 1326 putantem
1165 1295 1174 1315 ε
1209 1294 1312 1325 neque
1336 1283 1432 1315 alium
1457 1296 1636 1329 quenquam

165 1348 284 1381 eorum,
300 1339 354 1382 qui
369 1339 488 1382 aliquid
504 1339 617 1375 sciunt,
634 1343 840 1380 praeterquam
855 1338 1013 1369 hominem
1035 1338 1107 1369 artis
1126 1337 1266 1381 ejusdem
1287 1339 1504 1382 professorem,
1525 1351 1635 1382 quem-

166 1395 335 1426 admodum
359 1393 491 1425 artifices
516 1393 581 1424 alii.
637 1393 718 1424 ΟΜ.
751 1393 803 1424 Sic
831 1397 973 1434 apparet.
1048 1393 1105 1424 So.
1142 1393 1296 1430 Quaenam
1322 1393 1412 1425 nobis
1438 1394 1578 1434 ulterius,
1616 1407 1635 1427 o

167 1448 278 1489 Critia,
303 1459 321 1479 a
337 1447 554 1490 temperantia,
578 1458 648 1480 curn
673 1447 746 1479 talis
770 1447 823 1487 sit,
848 1451 896 1478 est
917 1453 1106 1489 proventura
1128 1447 1269 1478 utilitas?
1316 1448 1350 1479 Si
1376 1449 1470 1486 enim,
1495 1451 1579 1492 quod
1601 1451 1634 1482 in

166 1503 322 1546 principio
337 1502 571 1545 supposuimus,
595 1507 799 1543 cognosceret
813 1506 990 1544 temperans
1016 1512 1087 1544 quae
1114 1502 1212 1540 novit,
1238 1513 1348 1544 quaeve
1370 1513 1433 1534 non
1449 1504 1557 1535 novit:
1581 1505 1635 1537 illa

166 1557 293 1600 quidem
313 1557 399 1599 quod
428 1556 543 1594 noscit,
569 1557 637 1588 haec
654 1567 725 1587 vero
752 1557 839 1599 quod
864 1557 989 1598 ignorat
1003 1568 1010 1588 :
1035 1562 1068 1588 et
1090 1556 1186 1587 aliurn
1213 1557 1258 1588 sic
1282 1557 1430 1589 affectum
1457 1558 1634 1600 dijudicare

165 1615 273 1653 posset
287 1623 295 1642 z
319 1611 563 1642 emolumentum
580 1610 690 1652 iugens
705 1611 911 1653 temperantia
928 1610 1051 1653 praediti
1066 1616 1303 1653 reportaremus.
1319 1613 1440 1654 quippe
1451 1613 1519 1644 sine
1534 1624 1635 1646 errore

164 1666 260 1697 vitam
276 1675 449 1708 ageremus,
465 1670 498 1697 et
512 1676 580 1703 nos,
608 1666 790 1707 quicunque
806 1666 1019 1707 temperantias
1043 1666 1224 1707 participes,
1248 1671 1281 1697 et
1301 1666 1397 1698 ceteri
1420 1677 1539 1704 ornnes,
1563 1669 1634 1709 qui-

167 1730 293 1762 cunque
307 1724 413 1751 nostro
429 1720 559 1762 imperio
575 1725 764 1761 regerentur.
808 1719 923 1762 Neque
939 1719 1022 1751 enim
1038 1730 1096 1751 nos
1111 1730 1181 1762 quae
1198 1720 1386 1761 ignoramus,
1413 1731 1504 1762 agere
1525 1732 1633 1763 aggre-

165 1775 321 1812 deremur,
332 1774 387 1805 sed
401 1773 534 1806 scientes
549 1774 690 1805 homines
706 1775 891 1816 perscrutati
904 1773 966 1805 illis
981 1774 1092 1816 utique
1102 1774 1300 1806 cederemus:
1325 1785 1428 1816 neque
1440 1774 1510 1806 aliis
1520 1781 1633 1807 nostrae

164 1828 382 1871 gubernationi
410 1828 560 1870 subjectis
585 1838 678 1870 agere
702 1829 946 1860 concederemus
975 1829 1062 1859 aliud
1089 1828 1272 1870 quidquam,
1300 1828 1361 1859 nisi
1386 1830 1470 1870 quod
1499 1830 1635 1871 aggressi

163 1888 248 1915 recte
261 1883 363 1914 forent
377 1883 488 1924 acturi,
502 1882 535 1914 id
551 1888 598 1914 est
613 1888 729 1921 autem,
757 1883 847 1925 cujus
869 1884 1019 1914 haberent
1033 1883 1205 1914 scientiam.
1251 1882 1359 1924 Atque
1381 1883 1425 1915 ita
1448 1894 1504 1925 per
1516 1889 1634 1926 tempe-

162 1938 294 1968 rantiam
319 1942 352 1968 et
366 1937 478 1968 domus
491 1937 638 1968 instituta
652 1943 735 1969 recte
753 1938 975 1978 gubernaretur
990 1942 1023 1969 et
1037 1937 1191 1979 disposita
1205 1937 1315 1968 civitas
1331 1937 1449 1979 optime
1465 1943 1632 1979 regeretur,

164 1994 197 2022 et
210 1991 295 2022 aliud
311 1991 569 2034 unumquodque,
595 1991 646 2023 cui
670 1991 878 2034 temperantia
900 1991 972 2034 ipsa
989 1997 1146 2034 praecsset.
1169 2002 1241 2022 nam
1255 2002 1355 2023 errore
1371 1992 1506 2030 sublato,
1532 1992 1630 2035 [1⁷2]

161 2045 414 2088 rectitudineque
429 2046 565 2078 ducente
580 2046 613 2077 in
636 2045 766 2088 singulis
790 2046 979 2085 actionibus,
995 2056 1123 2077 necesse
1147 2050 1207 2086 est,
1231 2045 1275 2076 ita
1290 2045 1370 2076 viros
1393 2045 1560 2077 instructos
1575 2047 1631 2078 lio-

165 2099 254 2131 neste
270 2104 366 2142 atque
382 2101 461 2131 bene
476 2110 588 2142 agere:
613 2101 694 2131 bene
715 2105 820 2131 autem
837 2105 966 2141 agentes
983 2101 1090 2131 beatos
1104 2110 1183 2131 esse.
1228 2099 1283 2131 An
1306 2109 1370 2130 non
1396 2100 1453 2137 sic,
1480 2111 1499 2131 ο
1521 2101 1631 2139 Critia,

166 2154 207 2185 de
223 2154 431 2196 temperantia
445 2154 640 2191 dicebamus,
657 2155 810 2195 dicentes,
832 2159 983 2195 quantum
1009 2154 1126 2184 bonum
1154 2153 1195 2184 sit
1210 2163 1300 2184 nosse
1320 2163 1391 2194 quae
1405 2153 1494 2184 novit
1508 2154 1632 2195 aliquis,

165 2213 198 2240 et
213 2218 284 2250 quae
299 2218 363 2238 non
380 2208 489 2239 novit?
537 2208 618 2241 ΟΜ.
642 2207 693 2239 Ita
717 2218 852 2250 prorsus.
898 2208 954 2241 So.
979 2207 1075 2239 Nunc
1100 2212 1206 2239 autern
1221 2207 1319 2244 vides,
1336 2206 1453 2238 nullam
1469 2207 1630 2239 scientiam

166 2262 261 2293 talem
285 2272 352 2293 esse
377 2261 469 2293 nobis
495 2262 688 2303 apparuisse.
732 2261 812 2295 ΟΜ.
835 2262 940 2293 Video
967 2262 1123 2303 equidem.
1168 2262 1222 2294 So.
1245 2260 1401 2303 Nunquid
1427 2262 1544 2292 bonum
1570 2263 1631 2294 hoc

163 2316 306 2348 continet
317 2327 369 2357 ea,
384 2327 478 2358 quam
493 2327 577 2348 nunc
594 2316 769 2347 invenimus
785 2316 1023 2358 temperantiam
1040 2326 1120 2352 esse,
1136 2316 1257 2347 scilicet
1271 2321 1303 2346 et
1318 2315 1478 2346 scientiam
1489 2321 1522 2347 et
1537 2316 1632 2347 insci-

162 2369 237 2402 tiam
254 2370 350 2403 scire:
374 2370 473 2413 quod,
489 2371 646 2413 quidquid
662 2370 848 2402 discendum
865 2370 1010 2407 tentabit,
1026 2371 1081 2412 qui
1096 2371 1154 2401 hac
1175 2362 1315 2401 armatus¹
1333 2374 1392 2406 est,
1417 2369 1539 2401 facilius
1561 2381 1631 2412 per-

164 2425 279 2463 discet,
293 2425 486 2467 clarioraque
501 2426 606 2456 omnia
626 2425 670 2456 illi
692 2435 724 2456 se
740 2425 884 2462 offerent,
910 2430 1022 2466 utpote
1047 2424 1130 2456 circa
1156 2424 1261 2455 omnia
1287 2434 1357 2465 quae
1381 2423 1533 2455 discenda
1547 2429 1631 2463 suut,

162 2478 323 2510 scientiam
346 2479 446 2521 ipsam
473 2478 701 2521 prospicienti:
726 2479 868 2521 aliosque
884 2479 1039 2521 melius-in
1056 2479 1103 2510 his
1124 2478 1215 2510 rebus
1239 2478 1441 2519 examinabit,
1467 2489 1537 2520 quae
1562 2479 1630 2520 ipse

163 2533 286 2563 discet?
331 2533 398 2570 Qui
412 2538 517 2564 autern
533 2534 650 2575 absque
664 2534 724 2565 hoc
741 2534 974 2570 examinabunt,
991 2532 1179 2564 imbecillius
1194 2537 1226 2564 et
1240 2533 1378 2574 ineptius
1392 2532 1531 2563 facient?
1577 2532 1630 2563 An

161 2586 318 2628 ejusmodi
333 2588 476 2629 quaedam
494 2592 578 2629 sunt,
589 2599 608 2619 ο
625 2588 736 2626 amice,
751 2599 823 2630 quae
838 2589 930 2619 nobis
947 2587 1154 2630 temperantia
1169 2587 1290 2618 confert
1305 2587 1316 2617 ?
1340 2597 1397 2617 nos
1409 2591 1514 2617 autem
1527 2586 1629 2627 majus

166 2641 317 2682 quiddam
329 2641 553 2683 excogitamus,
567 2641 665 2684 idque
681 2642 782 2684 majus
798 2654 891 2685 quam
907 2642 958 2679 sit,
975 2653 1042 2674 esse
1058 2641 1261 2684 requirimus?
1307 2640 1387 2673 ΟΜ.
1409 2639 1501 2672 Forte
1513 2640 1557 2671 sic
1569 2644 1628 2672 est.

162 2696 220 2727 So.
255 2695 397 2727 Forsitan
421 2696 476 2727 ita.
499 2696 637 2728 fortassis
662 2697 755 2729 etiam
786 2697 930 2728 nonnihil
954 2697 1117 2728 conferens
1141 2695 1370 2737 indagavimus.
1394 2695 1478 2735 quod
1500 2694 1627 2735 quidem

160 2749 235 2781 inde
256 2749 419 2791 conjecto,
436 2750 510 2792 quia
525 2751 658 2782 absurda
668 2752 812 2792 quaedam
829 2751 919 2794 sequi
935 2751 1080 2782 videntur
1094 2750 1176 2782 circa
1191 2748 1441 2791 temperantiam,
1464 2748 1489 2779 si
1504 2747 1574 2789 ipsa
1589 2748 1630 2778 sit

158 2805 244 2837 talis.
284 2805 458 2836 Videamus
474 2814 560 2845 ergo,
576 2804 601 2835 si
619 2805 733 2846 placet,
748 2806 958 2837 concedentes
972 2805 1038 2836 fieri
1054 2815 1156 2846 posse,
1171 2808 1208 2835 ut
1222 2808 1345 2835 constet
1355 2802 1517 2834 scientiam
1533 2800 1603 2831 sciri
1619 2811 1627 2831 ε

161 2859 309 2900 quodque
326 2858 358 2889 in
374 2858 531 2901 principio
547 2858 720 2900 posuimus,
734 2860 972 2901 temperantiam
988 2858 1137 2890 videlicet
1150 2869 1229 2895 esse,
1246 2867 1434 2899 cognoscere
1449 2865 1519 2897 quae
1540 2853 1628 2884 novit

159 2911 285 2954 aliquis,
297 2912 347 2944 vel
364 2923 428 2943 non
445 2912 545 2950 novit,
568 2923 608 2944 ne
634 2913 863 2951 subtrahamus,
889 2914 942 2945 sed
959 2914 1070 2944 demus
1086 2912 1212 2955 potius:
1237 2912 1347 2953 hisque
1362 2908 1531 2948 concessis,
1554 2907 1627 2938 dili·

161 2965 283 3006 gentius
309 2965 402 2998 etiam
417 2965 653 3009 investigemus,
679 2970 782 2998 utrum
798 2966 830 2998 in
858 2967 1022 3010 praesentia
1047 2976 1104 2999 nos
1127 2965 1229 3008 juvet,
1250 2965 1276 2998 si
1301 2964 1369 2996 tans
1394 2963 1531 2995 exsistat.
1555 2970 1626 3002 qum
