1846 3268
207 260 292 300 ’184
686 254 910 298 INCERTI
942 254 1215 297 AUCTORIS
1584 262 1683 315 [148

213 366 364 397 noverat.-
392 361 448 396 3θεί
469 362 551 394 male
574 363 705 393 noverat
727 360 844 393 munia.
889 360 955 393 At„
979 361 1024 392 At
1054 371 1126 393 vero
1152 361 1186 394 id
1216 362 1322 404 poetas
1352 363 1471 396 dictum
1501 364 1581 397 nihil
1605 366 1684 398 mihi

210 419 335 451 videtur
350 416 514 461 proposito
530 420 636 447 nostro
651 424 836 456 congruere.
879 415 936 448 So.
959 415 1061 447 Immo
1075 417 1208 459 quadrat
1223 418 1349 460 penitus
1363 429 1371 450 :
1395 429 1502 450 verum
1520 429 1576 461 per
1586 420 1684 464 aenig-

211 477 297 505 mata
312 477 345 504 et
368 471 428 503 iste
451 476 485 503 et
506 470 602 502 ceteri
627 470 724 501 ferme
745 480 853 500 omnes
879 470 983 511 poe‘tae
1006 471 1190 512 loquuntur.
1235 471 1292 503 Est
1305 473 1388 504 enim
1404 473 1473 515 ipsa
1489 479 1597 506 natura
1613 476 1685 507 uni-

208 537 298 560 versa
311 526 419 570 poesis
434 525 635 567 aenigrnatum
652 524 759 566 plena,
784 535 844 556 nec
859 523 963 567 quivis
977 535 1046 556 eam
1063 524 1234 568 dignoscit.
1278 525 1332 558 Ad
1348 528 1429 560 hanc
1441 528 1526 560 illius
1541 534 1685 561 naturam

209 583 345 623 accedit,
359 581 460 624 qued,
480 580 508 612 si
531 580 660 622 quando
685 579 762 611 insit
786 579 822 610 in
844 579 972 611 homine
994 579 1118 621 invido,
1133 580 1261 623 nolente
1280 591 1337 612 sua
1352 593 1442 614 sensa
1456 583 1567 615 ceteris
1582 585 1684 616 homi-

207 637 303 669 nibus
322 635 470 673 revelare,
486 634 599 666 mirum
614 638 676 675 est,
689 625 784 676 quam
805 633 934 666 difficile
949 633 1079 676 cognitu
1096 633 1148 671 sit,
1164 636 1250 676 quod
1266 635 1366 678 poeta
1379 638 1521 670 senserit.
1566 637 1683 680 Neque

205 691 292 724 enim
317 691 491 723 Homerum
516 688 746 721 divinissimum
772 688 1102 731 sapientissimumque
1129 690 1258 732 po'e'tam
1283 691 1443 733 ignorasse
1469 697 1573 734 putes,
1595 695 1683 735 quod

208 747 285 779 scire
295 746 377 777 male
392 743 584 787 impossibile
599 743 651 777 sit.
674 743 743 786 ipse
755 744 839 775 enim
855 748 903 775 est
918 744 974 786 qui
988 743 1104 786 inquit,
1131 745 1301 787 Margitem
1324 745 1422 777 multa
1443 746 1570 788 quidem
1592 748 1683 784 scire,

207 801 291 833 male
305 805 410 832 autern
424 800 502 832 scire
519 799 636 831 omnia.
658 799 714 830 sed
730 798 897 840 aenigmate
914 809 1038 831 sensum
1054 799 1206 837 occultat,
1223 805 1260 830 ut
1279 801 1422 838 arbitror,
1437 801 1518 833 male
1540 811 1596 843 pro
1618 812 1682 834 ma-

208 854 273 887 lum
289 865 424 901 ponens,
440 855 500 886 scit
513 859 617 885 autem
644 863 700 895 pro
721 853 800 885 scire
814 864 822 884 ε
845 854 931 886 unde
957 853 1147 896 compositio
1174 855 1320 896 quaedam
1335 860 1422 886 extra
1435 856 1579 888 carminis
1594 866 1682 888 men-

207 920 310 942 snram
335 908 512 941 conficitur.
557 907 653 945 Quod
669 917 742 939 vero
767 907 875 945 sentit,
896 907 956 939 hoc
979 913 1049 939 est:
1074 907 1174 939 multa
1200 909 1329 950 quidem
1355 910 1457 947 scivit,
1483 911 1539 942 sed
1566 911 1682 942 malum

208 963 269 996 sibi
283 963 344 995 fuit
357 964 425 994 haec
441 962 548 994 omnia
562 961 654 993 scire.
699 961 793 993 Patet
808 961 916 1004 igitur,
941 962 1040 1004 quod,
1067 962 1093 993 si
1115 968 1181 994 erat
1202 963 1250 995 illi
1267 963 1382 995 malurn
1399 965 1496 995 multa
1509 965 1598 1004 scirc,
1613 966 1681 1008 ipse

208 1028 336 1060 quoque
361 1017 462 1048 malus
485 1021 571 1048 erat:
595 1015 621 1047 si
650 1026 713 1058 qua
743 1016 821 1046 fides
845 1027 939 1058 supra
964 1017 1057 1047 dictis
1083 1018 1276 1048 sermonibus
1300 1018 1481 1050 adhibenda
1510 1025 1570 1053 est.
1614 1020 1682 1052 Ar..

205 1071 293 1104 Mihi
308 1077 392 1104 certe
408 1071 544 1107 videtur,
561 1081 580 1101 o
597 1070 752 1102 Socrates.
776 1070 892 1112 quibus
918 1071 1002 1102 enim
1018 1072 1120 1102 verbis
1142 1073 1299 1103 crederem
1317 1082 1468 1114 unquam,
1484 1073 1546 1104 nisi
1558 1074 1598 1106 iis
1612 1085 1681 1106 cre-

207 1127 305 1159 dam?
348 1126 402 1158 So.
425 1125 468 1157 Et
493 1130 577 1157 recte
603 1124 731 1166 quidem
759 1124 818 1155 tihi
831 1125 969 1156 videtur.
992 1131 1025 1157 et
1051 1125 1126 1156 mihi
1153 1136 1254 1157 rursus
1280 1127 1391 1158 eodem
1416 1127 1523 1160 modo.
1546 1128 1602 1160 sed
1623 1138 1682 1171 age

206 1192 264 1225 per
276 1180 402 1218 Jovem,
419 1180 547 1211 videsne
563 1184 682 1222 quanta
703 1178 870 1221 qualisque
894 1180 934 1211 sit
954 1179 986 1210 in
1011 1181 1072 1211 hoc
1095 1180 1307 1222 ambiguitas?
1330 1181 1364 1211 in
1379 1182 1438 1214 bac
1459 1182 1529 1224 ipse
1543 1188 1682 1215 versatus

207 1246 277 1268 esse
292 1235 420 1267 videris.
443 1245 563 1266 sursum
585 1235 668 1265 enim
685 1234 894 1276 deorsumque
917 1234 1057 1276 jactatus
1073 1245 1226 1277 nusquam
1243 1246 1317 1267 sane
1339 1236 1497 1274 consistis,
1522 1237 1578 1269 sed
1594 1238 1681 1280 quod

206 1290 282 1322 olim
311 1290 522 1327 asseverabas,
549 1299 634 1320 nunc
656 1289 798 1322 damnas.
844 1288 878 1319 Si
903 1289 984 1320 forte
1009 1289 1106 1332 [148]
1131 1290 1220 1327 deus,
1252 1301 1347 1332 quem
1377 1297 1518 1323 oraturus
1543 1292 1680 1328 accedis.

208 1345 310 1378 oculis
323 1355 392 1376 sese
408 1343 470 1377 tuis
485 1343 652 1385 objiciens,
666 1349 833 1386 antequam
851 1354 978 1380 voveas,
1005 1344 1050 1374 ita
1072 1349 1172 1386 roget,
1189 1354 1228 1376 an
1245 1344 1305 1376 tibi
1321 1345 1439 1387 aliquid
1455 1356 1493 1378 ex
1507 1346 1545 1377 iis
1560 1357 1632 1389 quse
1647 1348 1681 1378 in

207 1399 365 1443 principio
381 1399 468 1431 dicta
482 1403 566 1436 sunt,
591 1398 704 1430 habere
726 1398 800 1430 satis
827 1399 889 1438 sit3
912 1399 960 1430 vel
978 1399 1036 1430 tibi
1052 1399 1210 1430 licentiam
1228 1405 1367 1442 praestet,
1381 1400 1466 1442 quod
1484 1400 1592 1432 lubeat
1606 1411 1680 1443 pos-

207 1455 332 1488 tulandi
346 1466 353 1486 τ
377 1455 529 1497 quidnam
545 1453 603 1485 tibi
619 1458 834 1496 opportunum
846 1453 912 1485 fore
928 1454 1077 1495 putares?
1100 1453 1150 1485 vel
1175 1459 1351 1496 acceptare,
1365 1465 1436 1496 quae
1449 1454 1528 1486 deus
1543 1455 1682 1493 offerret,

206 1509 257 1542 vel
273 1510 425 1553 poscere?
470 1509 537 1540 AL.
562 1508 623 1540 Per
646 1509 736 1545 deos,
764 1519 783 1540 o
803 1508 959 1546 Socrates,
982 1508 1058 1551 quid
1074 1509 1281 1551 respondeam
1298 1519 1362 1540 non
1378 1509 1501 1541 habeo:
1526 1510 1580 1547 sed
1597 1510 1681 1541 insa·

207 1575 284 1596 num
299 1564 450 1607 quiddam
471 1563 547 1594 mihi
562 1563 698 1600 videtur,
727 1567 842 1594 temere
868 1563 963 1594 deum
990 1563 1129 1605 precari3
1154 1574 1192 1595 ac
1216 1562 1383 1605 diligenter
1404 1563 1680 1602 considerandum,

206 1629 249 1651 ne
267 1618 339 1662 quis
363 1629 396 1651 se
416 1618 521 1661 ipsum
546 1619 654 1656 lateat,
681 1618 763 1649 mala
786 1623 910 1660 petens,
934 1618 1009 1649 dum
1032 1618 1116 1649 bona
1139 1629 1172 1649 se
1195 1623 1287 1660 putat
1309 1629 1408 1657 orare,
1423 1629 1460 1650 ac
1483 1619 1580 1662 paulo
1596 1624 1682 1661 post,

207 1678 245 1706 ut
259 1679 294 1705 tu
309 1673 450 1712 dicebas,
475 1674 514 1704 ad
528 1672 684 1705 contraria
699 1677 773 1703 vota
787 1683 820 1704 se
833 1672 1008 1705 transferat.
1055 1673 1111 1704 So.
1134 1671 1253 1704 Nonne
1270 1673 1451 1714 prudentior
1465 1673 1555 1704 nobis
1571 1674 1680 1716 poeta,

209 1728 302 1771 cujus
316 1729 349 1760 in
365 1728 523 1771 principio
539 1727 763 1770 disputationis
781 1727 974 1758 mentionem
997 1727 1142 1765 fecimus,
1166 1728 1220 1770 qui
1238 1727 1421 1769 precabatur
1435 1727 1518 1759 mala
1531 1727 1626 1759 etiam
1642 1728 1682 1759 ab

207 1783 368 1816 orantibus
396 1783 530 1815 abesse?
585 1782 650 1815 AL.
689 1782 774 1814 Mihi
802 1782 931 1824 quidem
959 1782 1093 1814 videtur.
1137 1782 1193 1815 So.
1233 1781 1467 1814 Lacedaemonii
1493 1792 1633 1824 quoque,
1660 1793 1680 1813 ο

205 1837 402 1875 Alcibiades,
431 1837 495 1869 sive
521 1838 605 1870 hunc
630 1836 763 1880 poetam
789 1836 959 1875 imitantes,
985 1848 1039 1868 seu
1067 1848 1103 1868 ex
1120 1847 1153 1869 se
1179 1837 1256 1879 ipsis
1277 1837 1572 1874 animadvertentes,
1594 1836 1680 1868 idem

206 1898 316 1924 votum
340 1896 403 1923 tam
427 1891 573 1935 privatim
597 1902 691 1934 quam
706 1891 835 1933 publice
850 1896 986 1932 servant,
1002 1897 1125 1923 orantes
1149 1892 1239 1931 deos,
1264 1891 1395 1933 pulchra
1416 1901 1489 1923 cum
1506 1891 1595 1923 bonis
1619 1891 1679 1923 sibi

206 1946 354 1979 tribuere.
375 1956 436 1978 nec
449 1946 539 1988 plura
554 1945 626 1977 illos
640 1946 760 1987 precari
780 1945 850 1987 quis
870 1945 1005 1976 audiret.
1048 1945 1165 1988 Neque
1190 1950 1294 1976 tamen
1319 1946 1360 1976 ad
1386 1946 1455 1976 haec
1477 1955 1576 1988 usque
1600 1950 1679 1977 tem·

206 2011 286 2044 pora
299 1999 402 2032 minus
416 2011 509 2043 quam
526 2000 622 2033 ceteri
636 1999 779 2031 homines
803 1999 912 2032 felices
939 2006 1025 2031 sunt.
1046 2000 1072 2031 si
1094 2000 1172 2042 quid
1196 2005 1300 2031 autem
1324 2000 1386 2032 illis
1413 2010 1551 2042 unquam
1574 2000 1678 2033 minus

206 2066 356 2098 prospere
372 2055 533 2093 successit,
549 2065 612 2085 non
629 2059 676 2086 est
700 2054 798 2085 oratio
817 2053 940 2085 illorum
963 2053 996 2084 in
1022 2064 1137 2086 causa:
1160 2054 1419 2096 quandoquidem
1434 2053 1467 2085 in
1484 2054 1545 2085 diis
1560 2059 1620 2092 est,
1644 2059 1678 2086 nt

205 2110 347 2148 arbitror,
371 2120 442 2153 qnae
465 2119 638 2152 precamur,
665 2109 814 2148 tribuere,
839 2107 888 2139 vel
909 2113 1029 2140 contra.
1075 2105 1158 2139 Volo
1183 2108 1312 2151 insuper
1334 2108 1421 2139 aliud
1447 2108 1598 2150 quiddam
1621 2109 1679 2140 tibi

205 2165 332 2207 referre,
358 2164 445 2207 quod
468 2164 638 2207 aliquando
661 2173 680 2195 a
704 2162 880 2194 senioribus
905 2162 1093 2205 quibusdam
1118 2162 1242 2205 accepi.
1288 2161 1451 2194 Dicebant
1478 2163 1565 2194 enim
1593 2163 1678 2195 acci-

206 2219 302 2260 disse,
316 2223 353 2250 ut
377 2218 630 2262 quotiescunque
655 2217 773 2250 bellum
798 2216 1009 2250 Athenienses
1033 2228 1105 2250 cum
1129 2217 1377 2250 Lacedaemoniis
1403 2222 1557 2260 gererent,
1581 2217 1679 2250 nostri

207 2278 275 2305 tum
301 2278 382 2306 terra
403 2279 470 2304 tum
497 2273 574 2304 mari
595 2273 780 2307 infortunati
802 2277 919 2310 essent,
944 2282 1004 2304 nec
1029 2273 1163 2304 victores
1187 2283 1326 2315 unquam
1352 2273 1500 2305 redirent.
1545 2273 1620 2311 Qua
1645 2283 1677 2304 re

206 2329 404 2370 perturbatos
430 2327 657 2368 Athenienses,
678 2338 751 2360 cum
774 2337 838 2370 non
859 2327 1011 2359 haberent
1031 2326 1147 2370 quibus
1170 2326 1430 2359 machinamentis
1454 2331 1574 2358 tantam
1597 2326 1678 2358 vita-

207 2387 277 2414 rent
291 2383 512 2420 calamitatem,
526 2382 701 2414 decrevisse
716 2382 907 2414 Ammonem
931 2382 1108 2423 consulere,
1122 2392 1216 2424 quam
1242 2381 1283 2413 ob
1305 2391 1431 2413 causam
1458 2381 1504 2412 dii
1526 2381 1678 2414 Lacedae-

207 2438 323 2469 moniis
345 2438 450 2480 potius
472 2447 566 2480 quam
582 2436 830 2469 Atheniensibus
852 2436 1014 2468 victoriam
1041 2435 1247 2478 largirentur:
1271 2446 1344 2468 cum
1365 2435 1428 2478 ipsi
1452 2441 1557 2467 tamen
1583 2435 1679 2468 sacri-

207 2492 281 2524 ficia
295 2497 361 2523 tum
377 2492 467 2534 plura
482 2496 548 2523 tum
565 2491 758 2533 decentiora,
780 2501 874 2534 quam
891 2491 1004 2533 reliqui
1015 2490 1131 2528 Graeci,
1154 2490 1313 2528 offerrent,
1335 2489 1507 2522 simulacris
1521 2490 1677 2534 donisque

207 2545 329 2588 templa
355 2550 513 2584 ornantes,
537 2550 573 2577 ut
598 2556 692 2578 nemo
718 2546 808 2584 alius,
835 2556 1030 2589 pompasque
1055 2546 1224 2588 quotannis
1252 2544 1537 2587 sumptuosissimas
1562 2550 1596 2578 et
1623 2555 1677 2577 ve·

207 2600 403 2632 nustissimas
432 2600 637 2638 celebrarent,
671 2605 704 2631 et
731 2600 816 2632 omni
836 2607 976 2642 sumptu,
1004 2598 1060 2642 qui
1086 2599 1126 2630 ad
1157 2609 1221 2631 rem
1251 2599 1391 2631 divinam
1421 2604 1555 2641 spectat,
1579 2598 1680 2641 [149]

204 2654 327 2688 cunctis
341 2653 462 2686 Graecis
478 2654 760 2696 magnificentiores
782 2654 987 2687 exsisterent:
1013 2665 1085 2686 curn
1112 2653 1363 2686 Lacedaemoniis
1385 2653 1472 2685 nulla
1493 2658 1576 2686 esset
1598 2652 1677 2685 isto·

206 2719 275 2741 rum
297 2719 384 2747 cura,
397 2709 478 2741 adeo
494 2709 576 2741 circa
591 2709 732 2741 divinum
746 2709 866 2742 cultum
890 2709 1004 2752 parcis,
1030 2714 1065 2740 ut
1087 2709 1236 2740 animalia
1258 2709 1403 2740 mutilata
1422 2707 1538 2750 passim
1561 2704 1678 2739 macta-

207 2769 292 2803 rent,
305 2769 338 2796 et
359 2763 394 2795 in
419 2764 489 2796 aliis
510 2764 654 2796 omnibus
677 2764 859 2797 cerimoniis
881 2765 974 2807 longe
999 2764 1171 2795 admodum
1199 2763 1405 2807 parcioribus,
1427 2772 1521 2804 quam
1543 2760 1678 2795 Atheni-

208 2829 320 2859 emen
351 2829 422 2851 cnm
447 2823 552 2850 tamen
575 2819 779 2861 pecuniarum
809 2830 938 2851 numero
969 2829 988 2850 a
1018 2819 1108 2850 nobis
1136 2829 1200 2850 non
1227 2822 1422 2861 superentur.
1466 2815 1679 2859 Posteaquam

207 2874 277 2906 liaec
291 2873 421 2906 dixisset
443 2873 584 2911 nuntius,
606 2873 812 2916 interrogans,
835 2885 900 2917 quo
926 2879 1021 2916 pacto
1046 2884 1064 2905 a
1090 2873 1236 2916 praesenti
1258 2872 1437 2905 calamitate
1458 2870 1580 2902 liberari
1605 2882 1677 2914 pos-

208 2932 301 2970 sent3
323 2938 388 2960 non
418 2927 516 2960 multa
540 2928 579 2960 ad
607 2929 674 2960 baec
700 2929 897 2971 respondisse
924 2929 1132 2972 prophetam:
1157 2929 1252 2960 deum
1276 2928 1360 2960 enirn
1386 2936 1450 2958 non
1474 2924 1678 2968 permitteret
