1846 3268
221 258 318 309 290]
799 254 1104 296 POLITICUS.
1614 262 1692 301 385

222 364 321 406 magis
337 363 576 397 architectorum
590 367 820 404 textorumque,
845 373 941 405 quarn
955 363 1069 400 civilis,
1092 366 1166 394 sunt
1181 372 1291 406 opera.
1333 363 1392 398 So.
1415 364 1468 397 Sic
1491 368 1539 397 est
1553 365 1692 399 omnino.

223 417 331 452 HosP·
353 418 440 451 Num
456 418 567 461 quinto
582 417 653 450 loco
669 417 815 454 ornandi,
832 417 996 460 pingendi,
1012 418 1149 450 canendi
1160 422 1240 448 artes
1253 417 1438 460 locabimus,
1451 423 1485 451 et
1494 429 1692 462 quoecunque

225 471 274 504 his
289 477 428 510 utuntur,
444 478 477 504 et
490 473 530 504 ab
544 471 593 503 his
615 467 700 503 ¹‘fiunt
714 471 904 503 imitationes
926 472 1086 514 quaedam,
1109 471 1329 504 oblectationis
1350 473 1448 514 gratia
1461 473 1626 505 dumtaxat
1639 485 1693 505 ex·

224 526 382 568 cogitatae,
396 537 466 568 quae
482 526 590 558 merito
607 537 670 557 uno
692 526 831 568 quodam
846 526 974 558 nomine
989 526 1318 567 comprehenduntur?
1363 527 1419 559 So.
1442 527 1538 565 Quo?
1583 527 1693 560 Hosr.

225 579 412 611 Universum
426 581 487 612 hoc
497 579 643 622 jocosum
659 580 809 621 quiddam
826 579 1057 611 denominatur.
1091 580 1146 611 So.
1172 580 1301 622 Absque
1316 581 1426 615 dubio.
1460 582 1568 615 Hosr.
1584 581 1693 613 Unum

225 633 287 665 hoc
301 644 416 666 nomen
431 634 575 666 omnibus
590 635 639 666 his
655 636 834 666 conveniet.
855 645 958 676 neque
983 634 1067 665 enim
1087 634 1212 665 illorum
1238 635 1407 677 quicquam
1423 636 1533 676 studii,
1557 636 1614 667 sed
1624 635 1694 677 joci

222 688 321 730 gratia
336 698 457 731 semper
471 688 614 720 efficitur.
657 689 714 720 So.
737 688 810 720 Hoc
821 698 947 730 quoque
962 688 1058 719 ferme
1073 687 1230 730 intelligo.
1274 688 1383 721 Hosr.
1408 689 1603 722 Facultatem
1618 699 1692 720 vero

222 742 323 783 illam,
341 752 413 785 quae
427 742 476 773 his
492 743 636 774 omnibus
650 747 805 785 praeparat
829 752 970 784 corpora,
994 752 1033 773 ex
1047 741 1163 784 quibus
1187 747 1220 773 et
1239 742 1273 774 in
1293 743 1406 785 quibus
1426 743 1636 775 conficiuntur
1645 753 1693 774 ar-

220 795 312 838 tium,
331 806 410 838 quas
431 798 525 828 modo
540 797 741 839 narravimus,
757 807 865 838 opera,
881 807 986 828 nonne
1002 802 1121 828 sextam
1137 806 1304 838 ponemus,
1319 797 1459 839 speciem
1473 798 1590 829 variam
1607 802 1640 828 et
1653 807 1693 828 ex

222 850 327 882 multis
341 850 458 884 artibus
473 851 731 894 dependentem?
776 850 833 883 So.
857 850 961 888 Quam
976 851 1078 882 dicis?
1124 850 1234 884 Hosr.
1258 851 1349 890 Eam,
1371 861 1442 894 quae
1465 861 1574 883 aurum
1586 856 1619 882 et
1644 861 1692 881 ar-

221 909 351 946 gentum
373 910 540 947 ceteraque
569 904 696 936 metalla
725 909 813 936 terrae
841 908 931 936 eruta
967 905 1136 937 visceribus
1172 911 1338 947 praeparat.
1376 905 1454 937 item
1489 915 1560 948 quae
1596 904 1691 936 silvas

219 957 347 1000 incidit,
384 969 454 1000 quas
482 960 605 997 tondet,
635 969 705 1001 quae
728 970 767 990 ex
788 959 836 990 his
857 959 1011 991 eonstruit
1032 958 1166 1002 aliquid,
1194 969 1267 1002 quas
1289 959 1388 1002 plicat
1414 963 1510 1002 atque
1533 959 1686 998 contexit,

223 1022 278 1043 seu
303 1022 375 1054 quas
402 1012 533 1045 cortices
556 1013 711 1054 arborum,
735 1013 799 1044 sive
825 1023 917 1055 quaea
942 1013 1105 1045 nimalium
1135 1014 1235 1056 pelles
1257 1013 1455 1046 circumcidit
1479 1018 1512 1045 et
1534 1013 1636 1055 polit:
1659 1018 1694 1045 et

222 1075 418 1108 quascunque
433 1071 513 1098 artes
528 1067 610 1098 circa
631 1066 812 1108 hujusmodi
835 1065 980 1109 quasdam
1004 1072 1176 1099 versantur.
1199 1078 1302 1099 rursus
1324 1067 1400 1110 illae,
1413 1078 1432 1099 a
1446 1067 1561 1109 quibus
1584 1068 1689 1105 suber,

222 1118 313 1156 liber,
334 1120 435 1151 codex
459 1119 648 1160 vinculaque
673 1124 834 1161 parantur,
860 1123 896 1150 ut
921 1120 999 1150 fiant
1022 1120 1208 1162 compositae
1231 1121 1355 1161 species
1378 1132 1416 1152 ex
1440 1121 1606 1162 generibus
1626 1130 1693 1151 non

220 1172 413 1213 compositis.
435 1172 611 1204 universum
627 1174 688 1204 hoc
715 1172 913 1215 appellamus
941 1172 1181 1214 primogenitam
1203 1172 1382 1204 hominibus
1404 1173 1634 1214 possessionem
1658 1178 1692 1204 et

221 1224 420 1267 simplicem:
445 1226 531 1267 quod
545 1225 638 1267 regiae
662 1225 735 1257 artis
757 1235 958 1267 nequaquam
982 1230 1031 1257 est
1053 1236 1146 1267 opus.
1189 1226 1247 1257 so.
1271 1225 1414 1268 Optime.
1457 1226 1564 1259 Hosr.
1586 1227 1692 1269 Septi-

220 1289 307 1310 mum
321 1283 409 1311 tenet
421 1279 525 1311 locum
550 1279 732 1311 nutrimenti
746 1279 913 1321 possessio,
929 1283 962 1311 et
985 1289 1186 1322 quaecunque
1209 1281 1380 1311 commixta
1401 1281 1535 1322 corpori,
1551 1281 1692 1322 partibus

219 1331 283 1364 suIs
297 1337 399 1374 partes
422 1333 559 1375 corporis
574 1333 656 1364 alere
671 1338 804 1374 possunt
818 1338 912 1375 atque
927 1344 1054 1366 curare:
1080 1335 1166 1376 quod
1182 1339 1284 1365 totum
1303 1334 1486 1366 alimentum
1503 1335 1567 1366 dici
1582 1335 1691 1372 debet,

220 1386 281 1420 nisi
305 1387 402 1429 [289]
425 1387 503 1429 quid
518 1390 597 1419 forte
612 1387 771 1429 pulchrius
797 1388 997 1430 reperiamus.
1040 1386 1250 1430 Agriculturae
1272 1393 1389 1426 autern,
1413 1389 1587 1430 venationi,
1599 1399 1692 1432 gym-

217 1440 358 1477 nasticae,
382 1441 558 1480 medicinas,
574 1440 764 1484 coquinariae
779 1441 956 1474 universum
973 1443 1034 1474 hoc
1049 1443 1176 1480 rectius,
1203 1453 1298 1485 quam
1317 1442 1416 1480 civili,
1432 1443 1588 1476 tribuitur.
1632 1443 1689 1476 So.

218 1493 352 1527 Rectius
366 1506 454 1528 sane.
497 1495 605 1528 Hosr.
628 1495 736 1528 Ferme
758 1496 875 1534 omnia,
897 1507 969 1539 quae
991 1497 1204 1540 possidentur,
1230 1502 1342 1540 praeter
1364 1498 1605 1529 domesticorum
1620 1496 1689 1528 ani-

217 1548 346 1581 matium
372 1549 505 1592 species,
525 1550 560 1582 in
585 1550 633 1581 his
658 1555 779 1592 septem
803 1551 933 1582 arbitror
957 1555 1130 1585 numerata.
1173 1551 1226 1583 Sic
1250 1557 1354 1583 autem
1381 1551 1497 1593 cogita.
1541 1551 1604 1582 Par
1625 1555 1694 1583 erat

215 1603 457 1645 primogenitam
482 1605 620 1646 speciem
646 1604 779 1646 primum
805 1604 975 1637 inducere:
1000 1605 1240 1637 instrumentum
1265 1605 1393 1641 deinde,
1420 1615 1485 1642 vas,
1497 1604 1689 1641 vehiculum,

218 1657 457 1695 munimentum,
472 1658 748 1691 oblectamentum.
772 1658 885 1690 animal
909 1658 1174 1701 praetermittimus
1197 1669 1284 1701 sane,
1307 1659 1333 1690 si
1356 1658 1435 1700 quid
1455 1669 1523 1690 non
1537 1668 1685 1700 magnum

219 1710 322 1749 latuit,
337 1712 423 1753 quod
438 1711 534 1744 alicui
549 1711 676 1743 istorum
699 1713 928 1745 accommodari
943 1713 1056 1755 possit,
1079 1713 1179 1755 qualis
1194 1718 1242 1744 est
1263 1723 1460 1744 nummorum
1481 1713 1555 1743 idea
1568 1711 1689 1753 sigillo-

215 1774 346 1806 rumque
361 1770 393 1797 et
417 1766 518 1797 omnis
543 1767 739 1798 characteris.
785 1766 896 1798 Genus
922 1767 1006 1798 enim
1025 1767 1093 1798 haec
1109 1767 1142 1797 in
1166 1766 1228 1798 illis
1243 1776 1307 1799 non
1330 1766 1502 1797 admodum
1519 1770 1688 1807 cognatum

218 1818 347 1856 habent,
361 1820 416 1850 sed
432 1820 542 1861 partim
557 1820 592 1851 in
607 1824 763 1857 ornatum,
789 1821 904 1863 partim
919 1820 951 1851 in
967 1820 1185 1858 instrumenta,
1201 1820 1232 1851 vi
1247 1820 1387 1862 quidem,
1409 1824 1546 1851 attamen
1562 1818 1689 1861 penitus

216 1876 326 1915 tracta,
351 1874 584 1915 quodammodo
613 1880 803 1917 congruunt.
858 1874 1090 1906 Possessiouem
1119 1885 1192 1906 vero
1218 1874 1400 1905 animalium
1430 1874 1689 1914 domesticorum,

216 1926 311 1957 servis
325 1928 478 1970 exceptis,
504 1928 606 1970 gregis
629 1928 762 1960 nutritio
788 1928 887 1970 primo
909 1929 1060 1961 distincta
1085 1928 1360 1970 comprehendisse
1385 1927 1520 1960 videtur.
1566 1925 1623 1959 So.
1647 1926 1691 1958 Et

213 1979 348 2011 maxime
363 1981 504 2023 quidem.
550 1982 660 2014 Hesp.
687 1982 803 2014 Restat
816 1992 974 2014 servorum
1001 1982 1275 2025 ministrorumque
1290 1982 1430 2014 omnium
1445 1992 1556 2024 genus,
1577 1981 1610 2012 in
1625 1991 1688 2024 quo

214 2033 376 2071 vaticinor,
392 2045 446 2066 eos
460 2035 565 2077 palam
581 2036 816 2078 insurrecturos,
831 2037 887 2079 qui
902 2038 943 2069 de
958 2042 1080 2069 textura
1092 2047 1164 2070 cum
1180 2047 1251 2079 rege
1262 2037 1469 2074 contendant,
1479 2036 1688 2078 quemadmo-

214 2086 289 2118 dum
305 2097 376 2120 cum
393 2093 512 2121 textore
526 2090 581 2132 qui
595 2090 770 2122 carminant
784 2090 950 2132 filantque,
977 2095 1010 2124 et
1023 2091 1079 2134 qui
1095 2092 1166 2128 alia,
1183 2092 1224 2123 de
1249 2091 1364 2133 quibus
1385 2089 1533 2128 diximus,
1555 2089 1689 2122 faciunt.

214 2140 321 2173 Ceteri
331 2152 404 2174 vero
414 2153 534 2181 omnes,
546 2147 694 2186 tanquam
705 2155 869 2176 concausae
877 2144 968 2182 dicti,
982 2155 1045 2176 una
1053 2155 1124 2177 cum
1133 2155 1218 2176 nunc
1228 2144 1407 2176 memoratis
1419 2143 1566 2185 operibus
1577 2153 1596 2174 a
1605 2142 1690 2184 regia

212 2194 362 2237 civilique
378 2196 503 2228 actione
527 2196 662 2239 sejuncti
678 2203 752 2230 sunt
774 2203 869 2240 atque
884 2197 1023 2230 discreti.
1068 2199 1125 2230 Su.
1149 2198 1321 2240 Apparuit.
1365 2197 1476 2228 Hosr.
1499 2195 1688 2228 Considere-

213 2257 283 2279 mus
297 2249 433 2292 reliquos
447 2261 540 2292 quam
553 2251 691 2293 proxime
703 2252 904 2290 accedentes,
920 2257 956 2283 ut
966 2252 1081 2284 certius
1092 2252 1179 2294 ipsos
1192 2260 1428 2293 cognoscamus.
1473 2249 1529 2281 So.
1552 2249 1689 2291 Oportet

213 2302 354 2335 omnino.
400 2304 508 2336 Hosr.
531 2304 689 2336 Maximus
707 2316 797 2347 porro
812 2305 984 2348 ministros,
1005 2310 1158 2348 quantum
1172 2304 1247 2337 hinc
1262 2304 1380 2336 intueri
1395 2303 1483 2345 licet,
1497 2303 1686 2335 contrariam

211 2357 464 2390 exercitationem
481 2360 719 2403 passionemque
735 2361 792 2398 illi,
818 2372 912 2404 quam
929 2362 1082 2404 suspicati
1105 2371 1221 2399 sumus,
1245 2361 1358 2392 habere
1381 2360 1584 2403 reperiemus.
1630 2359 1686 2391 So.

214 2409 324 2447 Quos?
370 2411 478 2444 Hosr.
500 2414 618 2457 Empta
632 2415 791 2457 mancipia
805 2421 837 2447 et
851 2415 943 2447 simili
957 2417 1093 2458 quodam
1115 2416 1211 2448 modo
1226 2415 1260 2447 in
1281 2415 1463 2446 servitutem
1483 2419 1612 2446 coactos
1626 2414 1686 2445 ho-

214 2464 336 2496 mines:
359 2476 438 2508 quos
453 2467 520 2499 siue
547 2470 755 2501 controversia
782 2480 884 2502 servos
911 2470 1132 2512 cognominare
1159 2479 1335 2514 possumus,
1361 2468 1540 2510 longissime
1567 2479 1586 2499 a
1601 2467 1687 2510 regia

213 2517 368 2560 dignitate
378 2520 538 2555 distantes.
561 2522 618 2556 So.
642 2524 788 2562 Quidni?
811 2525 919 2557 HosP.
943 2525 1029 2563 Quid
1038 2524 1179 2556 dicemus
1191 2523 1682 2564 deliberis‚quicunquesponte‚

212 2581 283 2613 quas
305 2580 398 2615 supra
409 2574 555 2614 diximus,
567 2577 811 2616 subministrant,
827 2578 1022 2620 agriculturae
1035 2583 1068 2610 et
1077 2578 1205 2609 aliarum
1219 2577 1329 2608 artium
1346 2587 1442 2618 opera
1459 2578 1684 2617 transportant,

212 2626 392 2668 mutuisque
402 2631 596 2661 c’ommutant
608 2632 814 2670 commerciis,
830 2633 896 2664 sive
909 2633 949 2665 de
963 2632 1031 2664 foro
1044 2633 1077 2664 in
1100 2633 1200 2664 forum
1212 2631 1245 2662 in
1255 2631 1330 2663 urbe
1341 2631 1464 2669 eadem,
1477 2640 1532 2661 seu
1549 2629 1590 2660 de
1603 2629 1680 2659 urbe

211 2683 290 2710 terra
307 2680 444 2722 marique
457 2683 675 2716 transferentes
686 2685 721 2716 in
733 2686 852 2723 urbem,
865 2686 976 2728 partim
987 2697 1057 2718 curn
1073 2686 1163 2717 rebus
1175 2685 1243 2716 aliis
1254 2695 1409 2722 nummos,
1423 2683 1522 2715 simile
1534 2682 1684 2725 quiddam

215 2732 310 2765 simili
346 2739 583 2775 commutantes,
613 2748 692 2780 quos
721 2740 954 2778 nummularios,
984 2745 1180 2777 mercatores,
1208 2738 1364 2777 nauticos,
1397 2738 1493 2780 [290]
1525 2740 1677 2771 vectores,

212 2797 374 2829 caupones
388 2789 683 2823 denominavimus?
707 2793 852 2835 nunquid
875 2794 929 2825 isti
949 2794 1072 2826 civilem
1099 2793 1157 2824 sibi
1184 2793 1324 2835 peritiam
1339 2789 1576 2823 vendicabunt?
1621 2788 1680 2819 So.

214 2840 308 2873 Forte
323 2848 521 2876 mercatores.
566 2845 670 2877 Hosr’.
694 2846 769 2878 Non
786 2852 889 2879 tamen
905 2847 966 2889 ini,
981 2858 1062 2890 quos
1086 2852 1197 2890 utpote
1213 2847 1419 2878 mercenarios
1433 2844 1587 2877 cernimus
1611 2851 1683 2883 pas-

218 2894 275 2926 sim
291 2897 436 2929 omnibus
450 2899 490 2930 ad
506 2899 699 2931 serviendum
714 2902 884 2943 expositos,
898 2902 1013 2944 regiam
1029 2912 1176 2944 usurpare
1191 2902 1376 2943 dignitatem
1392 2898 1595 2940 reperientur.
1621 2895 1679 2926 So.

212 2946 282 2987 Est,
297 2954 333 2981 ut
357 2951 447 2990 dicis.
493 2952 601 2987 How.
624 2954 710 2992 Quid
726 2966 798 2987 vero
824 2956 864 2987 de
881 2955 938 2993 his,
954 2956 1007 2998 qui
1024 2956 1098 2989 talia
1113 2957 1260 2999 quaedam
1281 2955 1373 2987 nobis
1398 2953 1513 2993 ubique
1529 2949 1682 2992 suppedi-

308 3003 396 3036 Plue.
416 3005 469 3037 Tr.
965 3009 995 3040 I.
1521 3007 1540 3038 3
1566 3003 1591 3034 C
