1832 3256
179 215 274 265 240]
588 203 590 205 ’
759 211 1049 259 PHAEDRUs.
1613 219 1639 255 7*

177 321 318 353 divinum
348 318 496 361 quiddam
520 328 628 360 passus
666 317 783 351 fuisse?
829 318 923 350 Pfl-AE.
946 318 1092 350 Profecto
1121 316 1261 360 quidem,
1287 329 1307 350 o
1341 319 1494 358 Socrates,
1527 326 1638 363 prester

178 375 309 417 solitum
322 373 477 416 profluens
491 373 636 415 quaedam
651 371 825 414 amplitudo
848 377 879 404 te
893 371 990 414 cepit.
1034 371 1090 405 So.
1114 372 1245 404 Silentio
1268 372 1363 414 igitur
1377 384 1427 406 me
1441 375 1528 407 audi.
1563 385 1637 408 nam

176 439 282 463 revera
293 427 418 460 divinus
439 426 491 461 hic
507 427 630 459 videtur
651 426 750 459 locus.
796 435 892 468 quare
914 426 941 457 si
965 426 1079 467 saepius
1100 425 1261 469 Nymphis
1283 428 1474 468 procedente
1495 438 1638 464 sermone

176 481 335 523 corripior,
355 492 395 513 ne
414 481 540 512 mireris.
583 491 623 513 ea
645 485 740 518 certe,
762 490 833 522 quae
856 480 950 511 modo
971 480 1133 517 canebam,
1154 490 1175 511 a
1191 480 1397 523 dithyrambis
1418 491 1482 514 non
1505 482 1642 517 multum,

176 536 304 569 distant.
339 535 434 567 Pam.
466 530 636 567 Verissima
665 544 779 567 narras.
823 533 879 566 So.
916 533 1038 565 Horum
1054 534 1184 575 quidem
1215 538 1250 565 tu
1272 544 1367 565 causa
1388 545 1433 567 es.
1478 536 1534 567 sed
1563 537 1639 568 audi

175 594 290 627 cetera,
305 599 347 621 ne
357 589 449 621 abeat
462 588 507 626 id,
522 588 607 630 quod
623 588 813 630 supervenit.
855 587 935 619 Haec
950 598 1024 619 vero
1039 587 1111 618 Deo
1126 597 1208 619 curae
1223 592 1324 621 eruut.
1367 598 1425 619 nos
1446 588 1638 631 disputando

175 644 217 677 ad
232 654 362 685 puerum
374 647 571 675 revertamur.
615 642 687 684 Age
701 642 810 683 igitur,
826 652 845 673 o
860 641 993 683 optime,
1016 641 1095 682 quid
1111 640 1152 672 sit
1166 640 1211 678 id,
1227 641 1267 672 de
1283 651 1346 682 quo
1368 641 1550 680 consulitur,
1571 644 1638 679 disc-

175 703 242 729 tum
257 702 290 729 et
305 697 468 729 definitum
483 701 540 728 est.
573 695 776 738 respicientes
792 706 865 736 ergo
881 695 921 726 ad
935 696 1008 733 hoc,
1026 695 1111 737 quod
1127 694 1280 736 reliquum
1295 700 1354 732 est,
1368 695 1543 737 videamus,
1559 698 1640 738 quid

175 750 391 793 emolumenti,
417 750 463 782 vel
488 750 594 782 damni
616 750 656 781 ab
678 754 814 786 amante,
837 754 870 780 et
891 759 956 780 non
977 755 1114 786 amante,
1137 749 1178 790 ei,
1193 748 1248 790 qui
1263 749 1454 791 obsequitur,
1476 750 1517 780 sit
1531 750 1638 782 merito

175 810 406 846 proventurum.
450 804 619 836 Hominem
636 803 760 835 libidini
775 803 999 845 mancipatum,
1014 808 1047 835 et
1060 803 1276 853 voluptatibus
1296 803 1494 843 servientem,
1510 814 1640 836 necesse

174 863 223 891 est
237 863 373 891 amatum
386 869 478 890 suum
494 868 549 900 pro
571 857 687 889 viribus
709 857 768 888 sibi
788 867 882 899 quam
901 856 1167 898 jucundissimum
1187 857 1328 889 reddere.
1370 857 1552 898 AEgrotanti
1565 869 1638 890 vero

173 912 329 954 quidquid
353 923 417 944 non
440 916 606 954 repugnat,
626 911 827 953 jucundum:
852 912 938 953 quod
962 922 1035 943 vero
1060 911 1185 949 melius,
1214 916 1270 945 aut
1298 911 1431 953 aequale,
1459 911 1639 946 molestum.

173 966 279 1003 Quare
293 977 396 1008 neque
410 965 666 1008 praestantiorem,
682 976 786 1007 neque
808 975 914 1007 parem
929 970 1047 997 amator
1068 970 1205 999 amatum
1221 970 1334 1007 sponte
1348 975 1486 1007 unquam
1502 966 1639 1007 patietur

171 1029 261 1052 esse:
283 1019 459 1063 inferiorern
484 1024 588 1052 autem
613 1020 929 1062 indigentioremque,
959 1019 1055 1062 [239]
1083 1020 1188 1062 quoad
1215 1019 1344 1061 poterit,
1368 1030 1491 1060 semper
1511 1020 1641 1055 efficiet..

172 1072 319 1111 Deterior
342 1074 490 1115 ignorans
512 1074 666 1115 sapiente,
683 1074 756 1106 forti
781 1074 923 1115 timidus,
944 1074 1073 1115 ineptus
1101 1074 1143 1105 ad
1166 1073 1337 1106 dicendum
1362 1074 1526 1111 rhetorico,
1542 1075 1640 1108 hebes

172 1131 277 1161 acuto.
299 1127 383 1159 Haec
397 1132 430 1159 et
444 1127 534 1170 plura
549 1127 675 1169 insuper
689 1127 785 1158 animi
799 1127 879 1160 mala
896 1138 968 1160 cum
983 1133 1094 1160 natura
1109 1129 1217 1159 insunt
1231 1127 1281 1159 vel
1297 1127 1376 1162 fiunt
1387 1134 1504 1168 amato,
1519 1130 1642 1170 gaudet

172 1185 303 1222 amator,
318 1186 412 1222 atque
429 1182 491 1214 alia
505 1181 633 1223 insuper
647 1182 760 1214 inferre
775 1187 926 1215 conatur:
950 1181 1091 1223 alioquin
1112 1182 1276 1222 voluptate
1298 1181 1448 1222 privatur.
1490 1181 1641 1215 Invideat

172 1244 246 1275 crgo
261 1244 389 1266 necesse
403 1239 452 1266 est
465 1240 583 1266 amator
595 1239 711 1276 amato,
737 1240 833 1276 atque
851 1245 923 1268 eum
947 1235 987 1267 ab
1002 1235 1088 1266 omni
1102 1235 1331 1269 consuetudine
1347 1236 1526 1277 studioque,
1550 1237 1636 1269 unde

171 1287 217 1321 vir
229 1288 384 1320 excellens
399 1289 530 1321 evadere
545 1289 654 1330 possit,
669 1300 830 1330 amovens,
842 1290 1042 1321 vehementer
1058 1289 1185 1323 officiat.
1210 1290 1342 1323 maxime
1357 1294 1461 1321 tamen
1475 1300 1515 1322 ex
1533 1291 1636 1331 priva-

171 1340 258 1374 tione
273 1341 357 1373 illius
373 1342 473 1383 obest,
489 1343 574 1384 quod
590 1342 864 1384 prudentissimum
887 1342 993 1375 efficit.
1039 1343 1320 1375 Prudentissimum
1340 1353 1413 1375 vero
1434 1343 1542 1375 divina
1561 1345 1643 1377 facit:⁴

170 1395 380 1438 philosophia,
397 1407 416 1427 a
431 1407 494 1438 qua
505 1402 624 1428 amator
639 1397 746 1439 procul
763 1397 918 1429 abducere
934 1402 1070 1430 amatum
1081 1397 1291 1439 compellitur,
1307 1402 1461 1439 metuens,
1475 1408 1516 1429 ne
1531 1398 1570 1428 ab
1585 1409 1636 1439 eo,

170 1449 195 1480 si
211 1450 266 1482 liat
280 1451 461 1491 sapientior,
481 1456 720 1489 contemnatur„
755 1451 892 1493 denique
907 1453 1014 1484 omnia
1028 1452 1135 1493 efficit,
1150 1451 1265 1494 quibus
1282 1451 1337 1483 ille
1359 1451 1496 1488 omnium
1513 1452 1638 1494 ignarus

170 1504 294 1540 evadat,
309 1504 539 1548 adrnireturquc
562 1510 730 1539 amantem.
774 1505 875 1546 qualis
890 1515 961 1536 cum
977 1505 1084 1546 fuerit,
1106 1506 1234 1540 amatori
1251 1506 1378 1546 quidem
1389 1504 1638 1548 jucundissimus

169 1557 239 1595 erit,
253 1557 312 1589 sibi
326 1562 430 1588 autem
443 1557 504 1600 ipsi
520 1558 810 1599 perniciosissimus.
832 1557 942 1601 Atque
957 1559 1000 1590 ita
1021 1559 1054 1590 in
1069 1558 1130 1596 his,
1149 1569 1219 1601 quae
1234 1559 1274 1591 ad
1290 1559 1526 1600 intelligentiam
1542 1560 1639 1602 perti-

170 1616 258 1649 nent,
282 1611 378 1643 noxia
392 1616 439 1643 est
454 1622 525 1644 cum
540 1617 678 1644 amatore
703 1612 912 1645 consuetude.
957 1612 1095 1645 Posthac
1119 1612 1301 1650 videndum,
1326 1623 1390 1654 quo
1406 1618 1501 1655 pacto
1517 1613 1555 1655 is,
1582 1614 1639 1656 qui

170 1665 253 1696 bono
270 1665 362 1697 dulce
378 1670 568 1707 anteponere
583 1665 717 1708 cogitur,
732 1677 846 1709 corpus
861 1666 957 1708 illius,
972 1677 1065 1708 quem
1088 1671 1183 1704 amat,
1206 1667 1232 1698 si
1247 1667 1444 1699 commissum
1458 1667 1516 1699 sibi
1531 1667 1639 1706 fuerit,

167 1719 209 1750 sit
224 1724 395 1753 curaturus.
439 1719 572 1761 Optabit
587 1720 729 1763 profecto
749 1731 861 1763 corpus
885 1731 951 1753 non
965 1720 1114 1763 solidum,
1135 1721 1191 1752 sed
1213 1721 1306 1753 molle
1328 1725 1362 1752 et
1376 1720 1556 1758 delicatum,
1572 1733 1638 1753 non

171 1773 228 1804 sub
256 1773 334 1815 sole,
363 1773 418 1805 sed
448 1774 558 1805 umbra
581 1774 755 1806 nutritum:
780 1775 867 1816 quod
891 1773 1000 1816 procul
1030 1785 1048 1805 a
1077 1774 1225 1815 periculis
1249 1779 1282 1806 et
1306 1773 1462 1809 laboribus
1483 1775 1644 1817 siccisque:

169 1827 345 1865 sudoribus,
361 1827 503 1859 muliebri
518 1832 551 1859 et
565 1828 701 1860 delicato
717 1829 804 1860 victu
819 1828 912 1860 fuerit
926 1828 1109 1867 educatum,
1124 1829 1279 1860 coloribus
1293 1828 1405 1860 alienis
1419 1828 1638 1871 extraneisque

169 1881 358 1912 ornamentis
370 1892 408 1913 ex
432 1882 624 1924 propriorum
643 1882 770 1914 defectu
782 1887 937 1920 ornatum,
954 1883 1128 1924 ceterisque
1143 1883 1251 1915 horum
1267 1882 1418 1917 similibus
1442 1888 1644 1919 consuetum-

168 1945 240 1976 quae
265 1936 369 1967 omnia
395 1947 466 1968 cum
493 1936 642 1978 prolixius
667 1947 828 1970 recensere
851 1936 1017 1978 indignum
1043 1937 1095 1978 sit,
1119 1936 1296 1968 summatim
1321 1937 1356 1968 in
1378 1937 1544 1979 praesentia
1558 1949 1636 1969 con-

168 1989 343 2032 cludemus,
374 1994 409 2021 ut
437 1990 558 2032 reliqua
588 2000 819 2032 prosequamur.
877 1991 986 2022 Talem
1010 2001 1085 2023 sane
1113 1991 1252 2033 corporis
1289 1990 1430 2027 habitum
1459 1991 1493 2022 in
1522 1992 1638 2036 proeliis

168 2047 202 2074 et
236 2044 345 2085 quavis
382 2044 443 2075 alia
479 2044 601 2086 ingenti
635 2045 822 2076 necessitate
858 2046 963 2077 hostes
1000 2045 1128 2087 quidem
1159 2046 1307 2081 audacter
1342 2045 1508 2086 invadunt,
1544 2046 1638 2078 amici

168 2101 272 2128 autern
294 2098 420 2140 ipsique
448 2103 600 2130 amatores
625 2099 699 2130 huic
728 2099 859 2131 maxime
889 2103 1044 2131 metuunt.
1102 2099 1164 2132 Sed
1190 2099 1251 2134 hoc
1277 2098 1358 2140 jam,
1392 2103 1539 2141 tanquam
1567 2110 1635 2132 ma-

166 2151 326 2194 nifestum,
351 2152 572 2184 dimittendum
600 2158 670 2184 est:
695 2153 847 2195 deinceps
878 2163 948 2184 vero
979 2153 1163 2194 dicendum,
1192 2153 1269 2194 quid
1300 2152 1391 2185 nobis
1419 2153 1636 2195 emolumenti,

167 2205 218 2236 vel
244 2205 350 2236 damni
376 2205 411 2236 in
437 2207 531 2237 rebus
555 2206 700 2244 externis,
728 2206 862 2238 amantis
884 2205 1076 2238 familiaritas
1097 2211 1131 2237 et
1156 2206 1302 2239 custodia
1329 2207 1479 2248 praebeat.
1531 2206 1635 2249 Atqui

166 2260 228 2290 hoc
247 2259 403 2301 omnibus,
425 2260 555 2291 amatori
579 2261 760 2302 praesertim,
787 2265 834 2292 est
861 2261 1072 2298 manifestum,
1097 2260 1184 2302 quod
1209 2258 1395 2295 amicissima
1414 2259 1635 2302 carissimaque

166 2317 201 2344 et
235 2313 428 2344 divinissima
463 2313 659 2355 possessione
695 2315 805 2346 orbum
841 2313 908 2346 fieri
944 2319 1080 2346 amatum
1117 2313 1286 2350 desiderat,
1322 2313 1505 2354 parentibus
1539 2313 1636 2351 enim,

165 2366 360 2409 necessariis,
395 2366 504 2398 amicis
540 2367 658 2409 privari
696 2378 768 2399 eum
809 2372 952 2410 exoptat,
989 2367 1183 2407 existimans,
1222 2376 1277 2397 eos
1309 2365 1498 2401 dulcissimae
1535 2365 1641 2407 ipsius

166 2430 238 2452 cum
261 2425 363 2451 amato
382 2420 603 2452 consuetudini
623 2420 849 2462 impedimento
870 2421 947 2453 fore.
992 2420 1090 2463 [240]
1137 2420 1273 2452 Puerum
1297 2424 1460 2462 praeoerea,
1482 2419 1533 2451 vel
1554 2420 1635 2461 auri,

166 2474 217 2506 vel
237 2473 375 2516 cujusvis
394 2474 613 2516 possessionis,
639 2474 840 2513 ditIssimum,
867 2465 972 2517 neque
996 2474 1089 2506 facile
1113 2474 1188 2516 capi
1213 2484 1304 2516 posse
1327 2477 1442 2514 putat;
1466 2483 1582 2514 neque,
1605 2472 1632 2503 si

167 2533 277 2570 captus
291 2529 396 2570 suerit,
411 2529 557 2560 detineri.
578 2529 779 2570 quamobrem
795 2540 922 2562 necesse
937 2534 986 2561 est
999 2533 1179 2566 amatorem,
1196 2534 1344 2570 tanquam
1366 2526 1522 2567 invidum,
1537 2525 1635 2558 amati

166 2582 372 2624 prosperitate
396 2582 514 2623 dolere,
539 2583 726 2615 adversitate
747 2584 894 2624 gaudere.
940 2582 1026 2620 Quin
1052 2582 1146 2615 etiam
1168 2582 1235 2614 sine
1256 2591 1362 2617 iuxere,
1385 2580 1453 2612 sine
1467 2579 1551 2617 filiis,
1565 2580 1641 2613 sine.

166 2636 263 2667 domo
276 2636 331 2667 diu
346 2640 475 2677 exoptat
483 2635 585 2668 vivere
603 2637 848 2678 adolescentem,
865 2637 997 2679 cupiens
1006 2635 1172 2678 plurimum
1186 2640 1308 2676 tempus
1324 2633 1449 2676 propria
1465 2633 1635 2664 dulcedine

165 2689 294 2733 perflui.
339 2690 420 2722 Sunt
446 2689 507 2720 alia
530 2699 656 2731 quoque
682 2690 783 2723 mala:
815 2689 869 2722 sed
893 2690 1002 2723 borum
1025 2689 1167 2731 plurimis
1190 2687 1226 2719 in
1250 2687 1320 2729 ipso
1349 2686 1454 2718 statim
1478 2685 1633 2727 principio

164 2744 289 2775 daemon
304 2743 423 2785 aliquis
444 2743 638 2784 voluptatem
656 2742 844 2776 immiscuit:
867 2743 965 2775 veluti
989 2742 1156 2780 adulatori,
1178 2740 1365 2784 gravissimas
1390 2739 1510 2777 bestiae,
1537 2739 1634 2771 maxi-

165 2801 288 2839 maeque
323 2797 506 2837 calamitati,
542 2797 671 2828 inseruit
699 2802 810 2831 natura
847 2797 1108 2830 oblectamentum
1146 2795 1276 2837 aliquod
1303 2804 1369 2825 non
1396 2793 1635 2826 inconcinnum.

164 2850 355 2892 vituperabit
367 2861 493 2893 quoque
508 2855 644 2882 scortum
658 2850 785 2892 aliquis,
797 2855 908 2893 utpote
919 2850 1062 2891 noxium,
1072 2854 1106 2882 et
1116 2849 1176 2886 alia
1186 2847 1367 2890 hujusmodi
1381 2846 1528 2878 animalia
1538 2851 1633 2888 atque

165 2905 280 2947 studia,
305 2915 386 2948 quae
410 2915 467 2937 nos
489 2905 530 2936 ad
553 2914 688 2947 proesens
710 2904 867 2938 delectare
887 2909 1127 2938 consueverunt.
1175 2902 1292 2936 Amans
1317 2912 1401 2941 vero,
1427 2905 1630 2944 proeterquaur
