1846 3268
263 246 317 285 94
853 240 1125 281 PLA'roms
1642 243 1739 296 [173

264 347 349 380 enim
370 346 550 379 dicebamus
573 344 680 381 modo,
705 344 791 387 quod
816 345 929 387 ingens
955 345 1113 387 quoddam
1130 343 1222 375 nobis
1237 348 1320 375 esset
1333 344 1543 386 temperantia
1556 344 1689 387 bonum,
1711 346 1737 378 ni

264 401 336 433 talis
350 405 443 438 esset,
455 410 565 442 regens
581 399 848 442 dispensationem
863 399 1015 441 aliquam,
1038 399 1230 440 domumque
1252 403 1286 430 et
1298 398 1470 436 civitatem,
1493 399 1578 430 haud
1595 405 1692 440 recte,
1715 411 1735 431 ο

266 456 376 492 Critia‚
405 455 596 488 concessisse
625 454 776 485 videmur.
820 453 902 486 Car.
937 453 1149 491 Quamobrem
1164 453 1175 484 ?
1222 454 1278 485 So.
1302 453 1461 490 Quoniam
1491 453 1585 485 facile
1605 453 1736 485 nimium

266 509 467 549 asseruimus,
481 509 596 540 bonum
613 508 724 549 ingens
741 507 807 539 fore
823 507 1015 547 hominibus,
1032 507 1058 537 si
1073 512 1212 538 nostrum
1229 507 1358 548 singuli,
1373 517 1444 549 quae
1459 508 1588 549 quidem
1604 518 1739 549 cognos-

266 569 355 602 cunt,
370 563 511 606 egerint:
535 573 606 605 quae
621 572 694 594 vero
711 562 869 604 ignorant,
894 561 1066 593 scientibus
1091 561 1158 594 aliis
1180 561 1370 603 quibusdam
1395 561 1617 594 commiserint.
1660 561 1740 594 Car.

265 618 385 650 Nonne
402 622 485 650 recte
500 618 567 648 haec
583 622 698 648 asserta
713 616 810 648 sunt?
853 616 912 647 So.
937 615 1024 652 Non,
1042 621 1078 646 ut
1093 615 1170 647 mihi
1185 615 1319 648 videtur.
1365 615 1444 649 ΟΜ.
1467 615 1611 647 Absurda
1634 625 1739 647 revera

266 673 416 714 loqueris,
432 672 587 704 Socrates.
631 671 688 703 So.
711 670 773 702 Per
800 670 932 708 Canem,
957 669 1001 701 ita
1017 670 1049 700 in
1066 670 1233 712 praesentia
1250 669 1325 701 mihi
1340 669 1477 702 videtur.
1500 674 1541 711 et,
1555 680 1656 712 nuper
1671 669 1739 701 ani-

265 727 463 758 madvertens
476 725 607 768 inquam
621 726 754 757 absurda
769 725 914 768 quaedam
930 735 1102 762 occurrere,
1129 735 1241 767 meque
1257 724 1377 760 timere,
1392 735 1432 756 ne
1447 724 1550 756 minus
1563 729 1648 757 recte
1662 734 1740 756 conv-

266 781 484 812 siderarcmus.
505 791 612 812 revera
625 779 721 817 enim,
738 780 763 810 si
778 779 849 811 talis
863 784 912 812 est
926 779 1145 821 temperantia,
1167 780 1252 810 haud
1269 789 1344 810 sane
1361 779 1459 821 [173]
1483 778 1576 810 video
1590 778 1667 820 quid
1682 788 1742 810 no-

268 836 316 868 bis
330 836 440 868 afferat
454 836 542 868 boni.
586 835 667 867 Ciu.
691 834 765 871 Qua
783 834 905 865 ratione
928 834 1036 875 dieas3
1059 839 1094 866 ut
1117 839 1148 866 et
1164 845 1234 871 nos,
1264 833 1341 876 quid
1363 834 1491 870 sentias,
1505 841 1743 875 cognoscamus.

267 891 326 923 So.
349 890 547 932 Nugaturum
571 889 701 931 quidem
727 899 778 920 me
805 888 948 919 arbitror.
971 899 1099 921 necesse
1115 894 1234 927 tamen,
1263 889 1350 931 quod
1365 888 1511 925 occurrit,
1525 887 1744 919 considerare:

268 956 372 988 neque
387 945 500 976 frustra
514 955 551 976 ac
566 949 682 975 temere
697 942 868 984 praeterire,
893 943 920 973 si
935 941 1006 984 quis
1021 942 1121 983 ipsius
1136 953 1266 984 quoquo
1283 943 1378 973 modo
1393 942 1488 973 habet
1501 951 1618 974 curam.
1659 941 1740 974 CM.

268 998 355 1030 Scite
371 998 518 1039 loqueris.
562 997 621 1029 SO.
643 996 733 1028 Audi
742 996 811 1038 jam
825 1006 929 1028 meum
945 995 1112 1033 somnium,
1129 996 1194 1028 sive
1211 1007 1266 1038 per
1282 1007 1394 1037 cornu,
1409 1007 1462 1028 seu
1478 1007 1534 1039 per
1545 996 1623 1028 ebur
1643 1005 1742 1027 emer-

268 1053 356 1084 serit.
400 1053 433 1084 Si
450 1053 534 1084 enim
550 1052 640 1083 nobis
654 1062 748 1093 quam
765 1051 898 1083 maxime
913 1050 1125 1082 dominaretur
1137 1051 1357 1092 temperantia,
1383 1050 1454 1082 talis
1477 1051 1641 1090 exsistens,
1664 1060 1743 1092 qna-

268 1105 331 1137 lem
347 1107 442 1138 modo
457 1106 675 1144 describimus,
691 1106 799 1148 utique
817 1106 990 1137 secundum
1006 1105 1154 1136 scientias
1164 1110 1270 1146 ageret
1283 1116 1290 1136 :
1314 1114 1418 1147 neque
1431 1104 1544 1147 aliquis
1556 1104 1746 1146 gubernato-

269 1170 333 1192 rem
349 1171 417 1192 esse
431 1171 466 1191 se
477 1160 616 1202 jactans,
631 1170 702 1191 cum
718 1159 847 1191 minime
858 1159 911 1201 sit,
926 1169 983 1190 nos
999 1159 1120 1190 falleret
1133 1170 1140 1190 z
1164 1169 1268 1200 neque
1280 1159 1433 1196 medicus,
1454 1169 1559 1201 neque
1579 1159 1644 1190 dux
1658 1169 1745 1191 exer·-

269 1214 364 1252 citus,
379 1225 483 1256 neque
497 1214 578 1246 alius
594 1213 675 1244 ullus
690 1213 831 1245 scientiae
851 1213 948 1244 falsus
972 1213 1128 1254 professor
1144 1223 1202 1244 nos
1227 1213 1392 1254 effugeret.
1435 1213 1497 1244 His
1520 1214 1606 1245 hunc
1624 1213 1659 1244 in
1673 1223 1742 1245 mo-

269 1270 346 1301 dum
361 1269 535 1310 dispositis,
551 1268 638 1300 aliud
653 1268 805 1310 quiddam
821 1267 912 1299 nobis
934 1267 1153 1309 contingeret:
1177 1277 1250 1298 nam
1266 1268 1388 1309 melius,
1409 1277 1502 1309 quam
1517 1277 1616 1308 nunc,
1632 1277 1746 1309 corpo-

269 1323 354 1355 ribus
369 1323 555 1360 valeremus,
571 1328 605 1354 et
624 1323 656 1354 in
678 1323 838 1354 maritimis
853 1322 1101 1364 militaribusque
1117 1321 1264 1364 periculis
1279 1322 1408 1354 tutiores
1423 1322 1646 1353 evaderemus:
1670 1332 1746 1353 vasa

267 1378 346 1410 item
361 1383 394 1410 et
407 1378 626 1415 instrumenta,
642 1383 754 1415 vestes,
770 1377 906 1418 calceos,
934 1377 1110 1408 universam
1127 1377 1265 1418 denique
1288 1375 1516 1418 supellectilem
1532 1386 1571 1407 ex
1596 1380 1662 1407 arte
1677 1386 1743 1407 ma-

268 1433 318 1475 gis
333 1433 590 1475 commodiusque
610 1431 785 1464 institutam
809 1431 1051 1474 possideremus,
1073 1442 1165 1463 exeo
1193 1432 1278 1473 quod
1296 1431 1374 1463 veris
1390 1431 1561 1462 artificibus
1575 1434 1744 1462 uteremur.

271 1488 494 1520 Concedamus
509 1498 646 1530 quoque,
673 1487 700 1519 si
713 1487 772 1524 vis,
789 1486 970 1518 vaticinium
993 1486 1091 1518 futuri
1107 1485 1271 1518 scientiam
1286 1496 1354 1517 esse
1368 1497 1376 1517 ε
1399 1489 1432 1516 et
1445 1484 1684 1526 temperantiam
1699 1483 1748 1515 illi

271 1542 493 1585 praesidentem
512 1552 608 1573 vanos
631 1546 838 1573 ostentatores
852 1541 962 1582 vitare,
976 1551 1065 1572 veros
1086 1545 1191 1572 autem
1208 1545 1296 1572 vates
1317 1540 1357 1571 ad
1378 1540 1552 1570 futurorum
1568 1537 1749 1581 praedictio-

272 1607 345 1629 nem
361 1597 487 1639 eligere.
532 1588 582 1628 ita
600 1596 741 1638 profecto
758 1606 857 1638 genus
880 1595 1044 1627 hominum
1066 1596 1259 1636 institutum,
1285 1594 1373 1636 quod
1393 1594 1471 1626 scite
1492 1598 1599 1635 ageret
1614 1592 1747 1624 viveret-

273 1662 349 1693 que,
364 1651 526 1683 assentior.
576 1650 656 1682 Nam
673 1656 780 1683 custos
797 1651 870 1682 vitae
886 1651 1048 1682 hominum
1065 1650 1275 1691 temperantia
1290 1658 1450 1690 nunquam
1468 1648 1633 1690 subrepere
1648 1647 1747 1679 insci-

272 1706 361 1742 tiam,
378 1711 410 1737 et
425 1706 540 1737 viribus
556 1705 603 1736 uti
628 1706 702 1743 suis,
728 1705 933 1747 permitteret.
978 1705 1075 1743 Quod
1102 1710 1207 1736 autem
1226 1705 1399 1736 secundum
1426 1703 1588 1735 scientiam
1603 1706 1746 1744 agentes,

272 1761 356 1792 bene
367 1770 542 1802 ageremus,
557 1770 758 1801 essemusque
775 1760 871 1797 beati,
886 1760 1028 1791 nondum
1044 1759 1206 1801 percipere
1222 1769 1363 1801 possum,
1379 1769 1398 1789 o
1414 1757 1516 1789 amice
1531 1756 1642 1790 Critia.
1664 1755 1745 1789 Car·

273 1814 371 1846 Haud
387 1814 479 1847 facile
493 1814 589 1846 alium
603 1815 684 1846 bene
699 1814 816 1857 agendi
832 1814 925 1845 finem
950 1813 1238 1855 perfectionemque
1259 1812 1407 1855 reperies,
1422 1812 1448 1843 si
1462 1811 1619 1843 actionem
1633 1820 1747 1842 secun-

271 1869 351 1899 dum
371 1868 534 1900 scientiam
558 1869 722 1910 spreveris.
765 1868 818 1900 So.
842 1868 944 1899 Paulo
972 1868 1103 1899 ulterius
1127 1867 1253 1909 explica
1275 1867 1448 1898 secundum
1464 1876 1557 1908 quam
1572 1864 1748 1896 seientiam.

274 1933 350 1954 num
365 1923 537 1953 secundum
554 1922 715 1954 scientiam
737 1923 923 1955 coriariam?
969 1921 1050 1954 Car.
1074 1921 1149 1952 Non
1171 1922 1229 1962 pei
1245 1921 1371 1952 Jovem.
1416 1920 1471 1952 So.
1495 1918 1550 1951 An
1573 1918 1654 1950 sorte
1668 1929 1745 1950 asra-

274 1976 351 2008 riam
366 1976 541 2007 fabricam?
585 1977 667 2010 Cn1.
690 1977 805 2019 Neque
828 1976 931 2010 istam.
975 1977 1033 2008 So.
1055 1975 1140 2007 Num
1163 1976 1337 2007 secundum
1364 1974 1548 2012 lanificium,
1567 1973 1749 2005 artificium-

273 2042 339 2073 que
354 2031 520 2073 lignorum,
544 2036 600 2062 aut
623 2031 775 2074 quiddam
790 2031 1001 2074 hujusmodi?
1046 2031 1127 2063 Car.
1151 2030 1267 2072 Neque
1283 2030 1379 2061 istud.
1425 2030 1482 2061 So.
1506 2028 1604 2059 Haud
1620 2027 1749 2059 ulterius

276 2085 385 2128 itaque
401 2097 439 2118 eo
455 2086 486 2117 in
502 2097 643 2117 sermone
659 2088 806 2117 standum
825 2086 962 2123 videtur,
989 2097 1053 2127 quo
1069 2086 1276 2125 asserebatur,
1302 2085 1427 2115 beatum
1443 2093 1510 2115 esse
1524 2081 1615 2114 illum
1630 2081 1687 2124 qui
1701 2091 1750 2113 se-

277 2141 416 2172 cundum
432 2141 595 2172 scientiam
612 2140 741 2173 viveret.
766 2151 836 2172 nam
861 2141 893 2172 hi
915 2141 1089 2172 secundum
1113 2139 1276 2171 scientiam
1293 2138 1444 2175 viventes,
1470 2138 1562 2169 beate
1577 2137 1680 2168 vivere
1695 2136 1751 2167 abs

277 2200 309 2227 te
334 2195 461 2227 minime
485 2195 684 2228 affirmantur.
729 2195 775 2226 At
803 2195 883 2226 forte
905 2205 923 2226 e
947 2194 1052 2224 multis
1079 2193 1247 2225 inscienter
1274 2192 1568 2223 viventibusfnnum
1589 2190 1748 2233 quendam

279 2255 363 2282 certa
380 2262 418 2282 ex
442 2250 575 2282 scientia
598 2250 733 2281 scienter
750 2249 908 2281 viventem
935 2249 1062 2280 beatum
1085 2247 1296 2279 determinas:
1321 2257 1357 2278 ac
1382 2245 1513 2277 forsitan
1538 2244 1630 2282 dicis,
1656 2253 1751 2286 quem

277 2316 338 2347 ego
354 2305 449 2346 paulo
464 2310 537 2336 ante
553 2305 709 2341 dicebam,
725 2310 827 2335 vatem
843 2303 1018 2334 futurorum
1035 2302 1172 2333 omnium
1196 2300 1293 2343 [174]
1315 2299 1489 2342 praescium.
1532 2298 1684 2336 Humane,
1710 2307 1752 2329 an

278 2359 374 2390 alium
389 2360 520 2401 inquis?
565 2359 645 2392 Car.
669 2359 711 2390 Et
734 2359 818 2390 hunc
842 2363 875 2390 et
899 2357 1007 2389 alium.
1053 2357 1111 2388 So.
1136 2355 1264 2393 Quem?
1289 2354 1453 2396 Numquid
1478 2363 1551 2385 eum
1577 2352 1749 2392 hominem,

278 2413 335 2454 qui
360 2423 424 2444 non
451 2414 555 2444 futura
581 2414 693 2451 solum,
715 2424 821 2445 verum
848 2412 943 2444 etiam
964 2411 1121 2454 praeterita
1146 2409 1376 2452 presentiaque
1403 2412 1586 2449 cognoscat,
1609 2407 1751 2449 nihilque

279 2467 424 2509 ignoret?
470 2468 639 2510 Fingamus
653 2467 808 2511 ejusmodi
823 2467 972 2509 aliquem.
997 2467 1058 2497 hoc
1073 2470 1108 2496 tu
1123 2464 1283 2496 neminem
1301 2463 1396 2494 alium
1414 2462 1512 2504 magis
1526 2473 1544 2494 e
1559 2461 1692 2494 scientia
1706 2460 1753 2492 vi-

281 2532 352 2553 vere
368 2522 468 2559 dicas,
495 2527 530 2554 ut
554 2523 693 2555 arbitror.
739 2523 821 2555 ΟΜ.
844 2522 1013 2554 Neminem
1037 2529 1174 2563 prorsus.
1219 2519 1276 2550 So.
1299 2517 1371 2548 Hoc
1387 2517 1462 2548 item
1478 2516 1630 2548 addaturz
1653 2515 1752 2553 Quas-

281 2586 354 2607 nam
370 2576 569 2608 scientiarum
588 2578 782 2619 potissimum
798 2578 925 2609 beatum
948 2575 1049 2608 facit?
1072 2585 1148 2606 num
1166 2572 1309 2605 similiter
1324 2571 1472 2604 cunctae?
1516 2570 1597 2603 Car.
1620 2569 1696 2602 Non
1710 2569 1752 2601 si—

280 2630 408 2662 militer.
452 2631 510 2662 So.
536 2631 654 2662 Verum
669 2632 770 2673 qualis
786 2632 941 2664 maxime?
964 2630 1020 2663 illa
1043 2640 1105 2672 qua
1123 2628 1195 2672 quis
1218 2628 1308 2659 novit
1323 2636 1472 2668 praesens,
1493 2624 1683 2668 praeteritum
1705 2629 1754 2655 at·

281 2694 344 2726 que
357 2684 519 2716 futurum?
565 2685 729 2728 Numquid
745 2697 794 2724 ea,
809 2697 872 2728 qua
894 2685 963 2717 talis
978 2684 1110 2716 ludere?
1158 2683 1237 2715 ΟΜ.
1261 2681 1349 2720 Quid
1376 2681 1456 2712 talos
1474 2679 1647 2712 memoras?
1694 2678 1752 2709 So.

278 2736 335 2769 An
352 2738 443 2776 forte,
468 2749 532 2780 qua
556 2741 762 2781 computare?
807 2739 887 2772 Ciu.
910 2738 1132 2782 Nequaquam.
1177 2737 1236 2768 So.
1258 2736 1357 2774 Num,
1381 2745 1445 2778 qua
1468 2732 1623 2767 salubria?
1669 2731 1750 2764 Ciu.

280 2791 361 2824 Haec
385 2793 511 2835 quidem
538 2793 647 2835 magis.
692 2795 748 2826 So.
773 2795 833 2826 Illa
848 2805 921 2826 vero
938 2803 1032 2836 quam
1047 2793 1120 2824 dico
1146 2792 1290 2828 maxime,
1316 2801 1380 2833 qua
1402 2789 1479 2832 quid
1504 2786 1626 2821 norim?
1663 2785 1754 2822 Car.

282 2847 358 2884 Qua
371 2847 488 2878 bonum
504 2858 542 2879 ac
557 2848 682 2881 malum.
729 2849 784 2881 So.
810 2848 839 2881 Ο
855 2849 997 2886 sceleste,
1017 2847 1140 2890 jamdiu
1165 2858 1215 2879 me
1229 2845 1310 2878 clam
1325 2844 1442 2877 circulo
1457 2842 1594 2885 quodam
1618 2839 1754 2872 reflectis

283 2902 475 2944 retrahisque
499 2903 539 2934 ad
564 2903 612 2944 id,
636 2909 671 2934 ut
692 2904 817 2935 beatum
838 2903 943 2935 vivere
965 2913 1028 2935 non
1050 2903 1090 2934 sit
1115 2902 1288 2934 secundum
1305 2899 1462 2931 universas
1477 2894 1622 2929 scientias
1636 2894 1755 2932 vivore,

284 2957 381 2989 immo
397 2958 569 2990 secundum
585 2969 679 2991 unam
697 2959 854 3001 quandam
870 2959 947 2991 boni
963 2958 1074 2990 malive
1087 2957 1260 2990 scientiam.
1305 2954 1401 2987 Porro
1419 2952 1446 2985 si
1456 2951 1546 2990 velis,
1560 2961 1580 2983 o
1590 2949 1700 2987 eritis,
1715 2958 1754 2981 ex
