1846 3268
213 263 311 314 438]
624 278 626 281 .
801 255 1099 301 CRATYLUs.
1599 258 1676 296 337

208 368 359 404 disserere
387 368 496 405 multa,
524 364 824 408 diligentissimeque
848 362 1056 400 considerare,
1080 367 1181 394 utrum
1206 366 1290 393 recte.
1312 361 1461 394 decernat
1475 371 1587 393 necne.
1609 371 1674 404 quo

209 422 338 464 quidem
350 422 538 455 sufficienter
551 419 741 458 examinato,
764 422 866 448 cetera
876 415 943 458 jam
959 416 1148 458 principium
1164 415 1252 457 sequi
1267 415 1395 448 debent.
1441 414 1542 447 Miror
1557 420 1673 452 tamen,

207 476 234 506 si
247 476 376 507 nomina
391 475 516 507 sibimet
530 478 717 515 congruunt.
739 470 982 504 Consideremus
998 470 1121 507 iterum,
1136 480 1206 512 quae
1222 479 1314 511 supra
1329 467 1500 502 retulimus.
1523 467 1672 501 Diximus

208 529 361 570 profecto,
370 529 416 560 ita
428 528 554 559 nomina
567 526 734 565 essentiam
750 524 936 567 significare,
950 523 1039 566 quasi
1051 524 1158 555 omnia
1170 527 1305 560 currant,
1317 522 1465 559 ferantur,
1478 527 1511 554 et
1519 521 1673 554 defluant.

202 581 288 613 itane
303 581 475 624 significare
490 580 622 613 censes?
668 579 779 611 cnm.
804 578 854 609 Ita
870 582 977 609 certe:
1002 581 1036 609 et
1049 581 1133 609 recte
1155 576 1255 620 [43⁷]
1280 577 1420 619 quidem.
1463 575 1522 609 So.
1546 575 1670 611 Videa-

201 645 270 666 mus
284 635 401 677 itaque,
416 646 453 667 ex
468 635 529 666 illis
542 634 647 677 aliqua
659 637 846 676 repetentes.
869 631 1029 673 Principio
1041 642 1155 663 nomen
1168 631 1227 663 hoc
1242 630 1407 672 episteme,
1419 630 1450 662 id
1464 635 1511 662 est
1521 628 1667 667 scientia,

199 689 377 730 ambiguum
392 694 452 732 est,
468 688 628 730 magisque
642 687 818 729 significare
833 686 967 722 videtur,
985 686 1070 726 quod
1086 685 1215 725 estesin,
1229 684 1263 716 id
1280 689 1328 716 est
1348 684 1429 716 sistit
1443 684 1476 716 in
1492 685 1583 716 rebus
1597 683 1667 715 ani-

198 753 292 779 mam,
321 753 413 784 quam
443 744 529 785 quod
561 753 633 774 cum
662 742 753 772 rebus
783 740 898 782 pariter
923 739 1156 771 circumfertur:
1180 739 1357 780 rectiusque
1381 748 1449 770 esse
1474 738 1607 775 videtur,
1630 740 1667 768 ut

198 796 386 838 principium
403 796 472 838 ejus
486 802 520 828 ut
536 807 619 827 nunc
633 795 787 832 dicamus,
802 804 896 836 quam
911 803 965 835 per
979 804 998 824 e
1007 793 1108 834 ipsius
1116 792 1332 835 injectionem,
1341 796 1374 823 et
1385 802 1442 834 pro
1453 802 1471 823 e
1482 791 1547 823 iota
1558 791 1664 833 potius

195 849 393 891 adjiciamus.
437 850 563 883 Deinde
579 854 719 886 vevaeon,
742 849 775 880 id
790 853 839 880 est
853 848 985 884 firmum,
999 847 1127 884 dicitur,
1143 846 1291 889 quoniam
1307 846 1416 878 baseos
1437 852 1471 877 et
1484 849 1613 882 staseos,
1627 843 1662 876 id

195 908 243 934 est
255 903 437 943 firmamenti
446 908 481 935 et
491 908 600 941 status,
614 903 718 945 potius
730 913 822 945 quam
835 901 960 934 lationis
975 905 1024 933 est
1037 901 1184 933 imitatio.
1207 900 1362 932 Praeterea
1377 899 1506 931 historia
1521 898 1553 930 id
1570 898 1663 936 forte,

196 957 282 998 quod
297 957 407 989 histesi
421 958 512 996 rhun,
528 957 562 990 id
587 962 634 990 est
648 957 732 989 sistit·
743 957 860 988 fluxum
874 966 884 989 z
908 961 940 987 et
955 955 1056 998 ipsum
1073 954 1191 997 piston.
1215 954 1247 985 id
1264 959 1311 986 est
1325 954 1529 991 credendum,
1544 952 1662 991 histan,

196 1009 231 1042 id
247 1015 296 1042 est
317 1011 437 1043 firmare
460 1013 587 1044 omnino
614 1011 780 1053 significat.
826 1011 914 1049 Quin
940 1009 1035 1042 etiam
1050 1020 1185 1046 mneme,
1211 1009 1243 1040 id
1266 1013 1314 1040 est
1336 1007 1497 1046 memoria,
1520 1007 1661 1040 ostendit

196 1074 321 1106 prorsus
336 1067 422 1108 quod
436 1066 471 1097 in
484 1067 592 1098 anima
606 1077 671 1098 non
686 1066 817 1108 agitatio
833 1070 892 1108 est,
908 1065 962 1096 sed
980 1074 1084 1102 mone,
1107 1064 1140 1094 id
1155 1067 1203 1095 est
1214 1063 1302 1104 quies
1317 1062 1499 1104 stabilisque
1513 1072 1659 1104 perman-

193 1118 251 1150 sio.
295 1118 398 1161 Atqui
411 1120 439 1151 si
453 1120 523 1162 quis
537 1120 666 1152 nomina
680 1120 748 1162 ipsa
762 1120 906 1151 observet
920 1118 1070 1150 hamartia
1082 1122 1115 1150 et
1129 1117 1308 1160 symphora,
1323 1117 1357 1148 id
1374 1122 1422 1147 est
1436 1126 1518 1147 error
1532 1119 1566 1147 et
1579 1125 1658 1147 con-

189 1171 346 1214 tingentia
357 1183 522 1216 casusque,
537 1174 620 1206 idem
635 1174 826 1205 videbuntur
841 1173 964 1210 inferre,
980 1172 1065 1214 quod
1082 1170 1203 1214 synesis
1218 1175 1251 1202 et
1266 1170 1431 1212 episteme,
1445 1169 1479 1201 id
1493 1173 1541 1201 est
1561 1169 1657 1201 intel·

189 1225 321 1268 ligentia
335 1232 429 1269 atque
444 1228 587 1264 scientia,
601 1232 635 1260 et
648 1233 752 1260 cetera
767 1228 894 1259 nomina
907 1238 979 1269 quae
1001 1226 1157 1269 praeclaris
1171 1230 1244 1257 sunt
1258 1221 1349 1256 r'ebus
1363 1223 1522 1265 imposita.
1572 1222 1655 1255 Item

189 1280 347 1312 hamathia
361 1286 394 1317 et
408 1281 556 1319 acoiasia,
571 1281 603 1312 id
618 1286 666 1312 est
687 1281 812 1313 inscitia
835 1285 868 1312 et
882 1279 1132 1322 intemperantia,
1146 1279 1287 1321 proxima
1307 1277 1356 1309 his
1371 1277 1526 1308 videntur.
1547 1276 1655 1308 hama-

190 1333 258 1364 thia
271 1334 398 1376 quidem
411 1335 577 1376 importare
593 1335 717 1366 videtur
731 1335 822 1365 hama
835 1335 908 1365 theo
923 1333 1027 1364 iontos
1043 1333 1167 1375 porian,
1180 1332 1212 1363 id
1228 1336 1276 1363 est
1290 1330 1382 1362 simul
1395 1340 1467 1362 cum
1478 1330 1539 1362 deo
1549 1329 1653 1361 euntis

186 1397 393 1428 progressum.
414 1387 550 1419 acolasia
566 1398 637 1419 vero
653 1387 781 1418 omnino
796 1387 954 1428 quandam
968 1386 1104 1427 ipsarum
1128 1395 1226 1416 rerum
1243 1383 1421 1421 acolasiam,
1436 1382 1468 1414 id
1483 1387 1532 1414 est
1546 1393 1652 1424 prose-

183 1441 340 1472 cntionem
367 1445 462 1483 atque
483 1451 693 1482 congressum.
738 1439 844 1482 Atque
870 1439 914 1470 ita
937 1449 1008 1480 quae
1034 1448 1136 1469 rerum
1161 1437 1406 1480 turpissimarum
1429 1436 1557 1468 nomina
1581 1446 1651 1468 esse

185 1499 341 1535 putamus,
357 1494 517 1527 nominum
533 1494 655 1526 illorum
671 1505 742 1536 quae
757 1494 838 1526 circa
854 1492 1062 1535 pulcherrima
1077 1496 1161 1529 sunt,
1177 1502 1270 1533 quam
1281 1490 1439 1522 simillima
1448 1490 1648 1522 videbuntur.

183 1547 327 1580 Arbitror
341 1554 374 1580 et
387 1549 448 1580 alia
473 1548 569 1580 multa
584 1548 709 1590 reperiri
735 1558 839 1589 posse,
857 1548 882 1578 si
905 1546 976 1588 quis
992 1547 1032 1578 ad
1048 1547 1116 1578 haec
1137 1545 1324 1578 incumbat:
1346 1555 1384 1575 ex
1407 1544 1521 1585 qulbus
1536 1543 1647 1575 iterum

178 1601 348 1644 judicabit,
365 1602 524 1633 nominum
540 1607 697 1633 auctorem
710 1612 773 1632 non
789 1605 946 1632 currentes
962 1600 1145 1642 delatusque
1160 1609 1220 1636 res,
1235 1599 1329 1629 immo
1345 1598 1470 1629 stabiles
1492 1597 1645 1630 indicare.

184 1655 296 1689 Cast.
319 1655 532 1687 Veruntamen
549 1656 657 1692 multa,
673 1666 692 1686 o
715 1656 870 1691 Socrates,
887 1654 1058 1685 secundum
1082 1651 1260 1694 agitationis
1281 1651 1542 1693 significationem
1558 1650 1649 1683 vides

184 1710 273 1742 illum
297 1710 506 1741 constituisse.
553 1710 608 1741 So.
631 1709 718 1747 Quid
733 1719 871 1750 agemus,
891 1719 911 1739 o
937 1707 1091 1750 Cratyle?
1114 1705 1256 1748 nunquid
1280 1705 1494 1746 suffragiorum
1508 1705 1647 1736 calculo-

183 1774 313 1806 rumque
328 1764 425 1795 instar
436 1763 564 1795 nomina
577 1765 646 1805 ipsa
661 1762 927 1794 dinumerabimus
942 1763 952 1793 ?
975 1767 1070 1804 atque
1085 1761 1125 1792 ad
1138 1762 1219 1792 hanc
1228 1770 1366 1792 normam
1378 1760 1418 1791 de
1429 1764 1513 1790 recta
1524 1758 1644 1790 ratione

178 1817 340 1848 nominum
359 1817 583 1859 judicabimus,
611 1822 647 1849 ut
676 1828 714 1849 ca
744 1818 870 1848 tandem
899 1827 971 1848 vera
1000 1816 1073 1853 sint,
1098 1815 1212 1858 quibus
1239 1813 1484 1855 significationes
1506 1812 1643 1855 plurium

174 1872 335 1902 nominum
357 1871 586 1913 suffragantur?
611 1872 709 1914 [438]
734 1871 845 1904 CRAT.
870 1871 964 1902 Haud
991 1871 1095 1902 decet.
1138 1870 1195 1902 So.
1219 1868 1295 1899 Non
1320 1872 1414 1904 certe,
1433 1867 1543 1898 amice.
1576 1866 1641 1898 Sed

174 1926 222 1956 his
233 1925 301 1968 jam
328 1926 447 1957 omissis
461 1927 623 1957 redeamus
638 1926 724 1963 illuc,
740 1926 824 1957 unde
839 1925 969 1967 digressi
991 1935 1107 1956 sumus.
1151 1923 1268 1955 Dixisti
1291 1932 1402 1964 nuper,
1417 1921 1443 1953 si
1459 1920 1641 1959 recordaris,

174 1979 381 2011 necessarium
398 1990 477 2017 esse,
491 1979 580 2011 illum
595 1981 647 2021 qui
664 1981 791 2011 nomina
805 1980 925 2017 statuit,
942 1979 1128 2021 praenovisse
1144 1988 1182 2010 ea
1196 1977 1310 2019 quibus
1326 1977 1455 2007 nomina
1471 1975 1639 2007 tribuebat.

174 2038 292 2074 perstas
315 2033 417 2065 adhuc
442 2034 476 2065 in
492 2034 660 2075 sententia,
675 2035 801 2066 necne?
848 2034 960 2065 Can.
985 2033 1112 2065 Adhuc.
1157 2032 1213 2064 So.
1236 2030 1390 2072 Nunquid
1413 2034 1448 2061 et
1468 2029 1568 2067 illum,
1584 2029 1640 2071 qui

172 2086 271 2127 prima
283 2087 408 2117 nomina
423 2087 540 2128 posuit,
555 2087 682 2119 novisse
695 2088 740 2119 ais
755 2088 831 2118 dum
848 2087 1001 2129 poneret?
1047 2086 1158 2119 Cnsr.
1181 2085 1327 2116 Novisse.
1371 2084 1429 2116 So.
1453 2083 1576 2121 Quibus
1598 2093 1638 2114 ex

175 2140 354 2172 nominibus
379 2151 426 2172 res
442 2141 490 2172 vel
517 2141 670 2174 didicerat
694 2142 741 2173 vei
764 2142 935 2178 invenerat,
959 2141 1086 2183 quando
1102 2140 1236 2172 necdum
1261 2138 1359 2181 prima
1373 2137 1500 2168 nomina
1514 2137 1638 2168 fuerant

171 2192 341 2225 instituta?
365 2204 434 2226 cum
451 2194 569 2227 dictum
587 2196 639 2233 sit,
654 2196 845 2237 impossibile
861 2206 926 2226 esse
941 2205 989 2226 res
1012 2194 1060 2225 vei
1083 2193 1223 2224 invenire
1240 2191 1287 2223 vel
1303 2191 1434 2226 discere,
1450 2190 1508 2221 nisi
1531 2189 1636 2231 qualia

166 2249 294 2279 nomina
308 2253 391 2286 sunt,
406 2249 606 2281 didicerimus
621 2250 668 2282 vel
685 2249 745 2292 ipsi
760 2260 818 2280 nos
839 2248 1070 2280 invenerimus?
1109 2248 1219 2279 CRAT.
1246 2245 1371 2277 Videris
1387 2244 1463 2276 mihi
1478 2244 1636 2285 nonnihil,

170 2311 190 2333 o
214 2302 368 2340 Socrates,
390 2303 505 2334 dicere.
550 2304 608 2335 So.
632 2304 706 2341 Quo
730 2304 824 2345 igitur
839 2309 932 2345 pacto
946 2303 1086 2334 dicemus
1100 2312 1154 2332 cos
1169 2301 1302 2332 scientes
1325 2300 1453 2330 nomina
1469 2296 1633 2339 posuisse?

170 2355 218 2387 vel
243 2356 346 2398 legum
371 2362 405 2388 et
428 2357 588 2388 nominum
614 2358 792 2388 conditores
816 2362 889 2388 ante
915 2356 1104 2398 positionem
1127 2354 1296 2396 cujuslibet
1314 2353 1452 2384 nominis
1467 2351 1631 2389 exstitisse,

167 2419 284 2450 eosque
306 2420 354 2441 res
376 2416 470 2441 antea
490 2411 685 2452 cognovisse,
710 2412 735 2442 si
760 2412 887 2452 quidem
909 2421 973 2441 non
997 2409 1085 2440 aliter
1111 2418 1204 2450 quam
1231 2418 1268 2439 ex
1291 2407 1469 2438 nominibus
1489 2405 1568 2438 disci
1583 2416 1630 2437 res

166 2463 312 2504 possint?
357 2463 468 2495 Cas-r.
491 2464 578 2495 Reor
606 2465 765 2507 equidem,
791 2465 943 2501 Socrates,
967 2463 1157 2495 verissimum
1180 2472 1252 2493 eum
1275 2471 1341 2492 esse
1356 2471 1542 2501 sermonem,
1565 2470 1628 2502 quo

169 2515 296 2553 dicitur,
319 2516 569 2548 excellentiorem
597 2519 755 2560 quandam
782 2518 955 2560 potentiam
971 2528 1063 2559 quam
1087 2517 1252 2547 humanam
1277 2515 1375 2557 prima
1396 2515 1487 2546 rebus
1500 2514 1628 2545 nomina

166 2569 357 2611 praebuisse:
381 2580 445 2611 quo
460 2571 667 2602 necessarium
690 2573 742 2610 sit,
758 2578 793 2603 ut
807 2578 890 2604 recte
914 2572 1029 2603 fuerint
1044 2571 1221 2602 distributa.
1267 2570 1323 2601 So.
1345 2567 1497 2610 Nunquid
1523 2571 1626 2608 putas,

165 2623 320 2654 contraria
335 2622 391 2655 sibi
408 2623 470 2664 ipsi
493 2624 633 2666 posuisse
649 2626 809 2656 nominum
824 2630 994 2665 auctorem,
1010 2625 1035 2655 si
1051 2625 1174 2655 daemon
1190 2622 1302 2665 aliquis
1323 2622 1372 2653 vel
1387 2621 1464 2652 deus
1481 2618 1625 2652 exstitit?

168 2685 208 2706 an
225 2675 301 2706 nihil
319 2676 374 2706 tibi
391 2687 481 2718 supra
496 2677 610 2709 dixisse
626 2679 788 2710 videmur?
811 2679 924 2712 Cas-r.
947 2679 1040 2710 Forte
1055 2678 1195 2710 nondum
1210 2677 1340 2707 alterum
1354 2675 1482 2706 istorum
1498 2673 1626 2705 nomina

161 2734 258 2760 erant.
304 2730 359 2762 So.
385 2730 462 2762 Utra
478 2730 572 2773 igitur
590 2737 691 2773 erant,
712 2733 757 2764 vir
771 2733 914 2775 optime?
937 2743 1011 2763 num
1036 2742 1107 2774 quae
1131 2731 1171 2763 ad
1187 2735 1300 2762 statum
1317 2728 1471 2770 vergunt?
1494 2737 1532 2758 an
1551 2736 1622 2768 quae

159 2783 199 2813 ad
216 2788 334 2814 motum
350 2785 456 2825 potius
469 2785 480 2815 ?
504 2796 606 2827 neque
622 2787 716 2823 enim,
731 2792 767 2818 ut
783 2787 876 2818 modo
890 2787 1035 2823 diximus,
1049 2785 1248 2817 multitudine
1255 2783 1462 2826 judicabitur.
1508 2781 1621 2814 Cnsr.

164 2835 218 2868 Sic
233 2837 338 2874 decet,
360 2837 514 2871 Socrates.
561 2839 617 2872 So,
641 2840 720 2871 Cum
735 2841 843 2882 itaque
858 2840 1045 2872 dissentiant
1061 2839 1316 2880 contendantque
1338 2837 1380 2869 de
1394 2836 1523 2868 veritate
1537 2833 1619 2865 invi·

159 2899 226 2920 cem
242 2890 379 2927 nomina,
395 2897 427 2922 et
450 2897 512 2923 tam
529 2893 596 2925 baec
619 2903 713 2935 quam
733 2894 787 2925 illa
807 2904 879 2926 vero
904 2893 1128 2936 propinquiora
1152 2902 1219 2924 esse
1234 2903 1266 2924 se
1283 2895 1439 2923 asserant:
1465 2887 1555 2928 cujus
1577 2886 1617 2918 ad

158 2953 293 2974 normam
301 2943 544 2985 dijudicabimus
557 2947 567 2977 ?
583 2957 647 2990 quo
657 2957 715 2979 nos
726 2952 880 2980 vertemus
893 2948 905 2978 ?
921 2958 1023 2990 neque
1036 2947 1118 2980 enim
1129 2947 1168 2979 ad
1179 2946 1241 2979 alia
1252 2945 1379 2978 nomina
1388 2941 1615 2982 confugiemus,

248 2997 336 3030 Plat.
363 2998 418 3031 Tr.
863 3001 892 3033 1.
1451 2998 1473 3027 2
1496 2994 1526 3026 U
