1846 3268
202 254 279 294 378
795 250 1064 295 aaronis
1567 253 1671 307 [276

200 371 284 398 mis,
307 363 344 392 ut
365 369 430 392 non
451 358 552 391 solum
576 356 807 399 ostenderetur,
827 357 913 400 quod
937 368 1046 392 omnes
1067 358 1215 392 adversus
1236 368 1340 402 regem
1356 368 1553 392 communem
1568 360 1671 402 gregia
1692 362 1696 365 ’

200 413 406 448 nutritionem
415 413 476 446 sibi
486 412 656 445 vendicant
669 423 677 443 :
695 422 801 444 verum
811 411 903 444 illum
912 411 1026 444 clarius
1036 412 1238 452 intueremur,
1249 424 1344 455 quem
1356 414 1455 446 solum
1465 414 1509 446 sic
1515 413 1676 457 appellare

203 468 310 510 decet,
324 478 396 501 cum
411 467 508 501 instar
522 466 629 500 ovium
644 467 802 508 boumque
817 472 976 508 pastorum
990 466 1119 500 humani
1134 467 1235 510 gregis
1247 467 1399 509 pascendi
1417 478 1523 502 curam
1543 469 1671 500 habeat.

200 520 261 554 So.
284 521 399 555 Recte.
458 521 566 554 Hosr.
589 519 675 552 Reor
700 519 862 562 equidem,
885 520 1043 559 Socrates,
1064 521 1196 563 pastoris
1223 522 1324 555 divini
1346 522 1476 565 figuram
1498 533 1572 566 rege
1597 532 1676 564 pro·

202 575 384 608 stantiorem
400 585 481 609 esse.
526 574 643 607 Civiles
670 578 775 607 autem
798 574 855 606 hos
868 573 951 607 viros
977 574 1127 617 subjectis
1148 575 1266 608 similes
1287 587 1356 609 esse
1377 577 1489 619 magis,
1502 576 1676 610 secundum

202 635 330 663 naturas
364 628 647 671 educationesque,
677 634 711 662 et
748 627 947 671 disciplinas.
990 629 1049 663 So.
1073 629 1212 661 Omnino
1249 630 1388 672 quidem.
1431 630 1539 664 How.
1561 630 1678 673 Neque

204 694 279 715 vero
295 683 553 725 perscrutandum
566 687 625 721 est,
641 688 743 714 utrum
758 682 857 724 magis
883 681 1025 714 minusve
1047 682 1178 720 fuerint,
1201 683 1251 714 vel
1267 688 1370 715 utrum
1385 683 1430 715 ita
1443 683 1506 716 sint
1520 694 1562 716 an
1585 684 1676 717 aliter

204 736 284 770 nati.
329 737 387 769 So.
409 737 476 770 Cur
500 737 609 768 enim?
654 735 764 768 How.
786 736 840 768 Sic
856 746 948 778 porro
978 736 1088 768 iterum
1110 746 1312 771 resumamus.
1356 737 1469 771 Artem
1498 749 1556 770 sua
1580 749 1618 771 ex
1641 749 1677 770 se

204 790 456 834 praecipientem,
469 789 552 824 circa
567 790 714 822 animalia
729 800 793 822 non
810 789 968 832 privatim,
992 791 1047 822 sed
1064 791 1190 833 publice
1214 791 1442 835 providentem,
1461 802 1554 834 supra
1568 791 1675 824 statim

201 845 305 887 gregis
321 844 525 877 nutritionem
540 844 733 877 vocavimus.
766 843 978 877 Recordaris?
1024 845 1082 878 So,
1109 844 1283 878 Recordor.
1329 845 1440 878 Hosv.
1462 845 1502 884 1n
1511 846 1572 878 hoe
1587 846 1677 878 aber.

199 899 346 931 ravimus.
381 898 475 933 ‚Nam
505 898 630 931 civilem
647 898 745 930 virum
767 908 871 939 neque
893 898 1188 940 comprehendimus
1211 900 1315 931 adhuc
1335 910 1438 941 neque
1460 899 1677 932 denominavi-

203 964 285 990 mus,
302 953 357 984 sed
375 963 433 984 nos
447 952 518 994 ejus
541 952 757 984 denominatio
782 951 874 994 fugit.
919 952 975 985 So.
1000 952 1074 990 Quo
1097 953 1216 995 pacto?
1261 953 1370 985 Hosv.
1394 953 1514 996 Greges
1539 953 1680 995 singulos

205 1017 334 1048 pascere
349 1006 419 1038 aliis
435 1006 579 1038 omnibus
595 1006 770 1048 pastoribus
785 1006 945 1038 convenit.
969 1007 1066 1039 Civili
1081 1012 1184 1038 autem
1200 1006 1266 1039 viro
1280 1012 1462 1049 competens
1477 1017 1592 1039 nornen
1612 1017 1678 1040 nou

202 1059 360 1099 dedimus,
375 1071 446 1093 cum
456 1060 585 1102 deceret
595 1071 761 1092 commune
773 1060 895 1092 cunctis
905 1059 1025 1102 aliquid
1036 1060 1190 1093 adhiberi.
1233 1061 1292 1093 So-
1314 1061 1399 1094 Vera
1409 1071 1524 1099 narras,
1539 1059 1566 1094 si
1581 1061 1677 1093 modo

201 1113 328 1146 licebat.
371 1114 479 1148 Hosi’.
501 1114 603 1146 Immo
620 1125 692 1146 vero
717 1114 833 1146 licebat
847 1115 1041 1148 curationem
1058 1115 1266 1147 communiter
1289 1115 1469 1152 attribuere,
1483 1115 1601 1157 absque
1617 1125 1679 1149 nu-

201 1167 337 1200 tritionis
352 1173 408 1200 aut
422 1168 550 1201 alterius
565 1169 687 1211 negotii
713 1168 916 1203 distinctione
932 1180 939 1200 :
963 1174 996 1200 et
1011 1168 1104 1201 aliam
1121 1170 1280 1210 quandam
1303 1169 1548 1212 appellationem
1563 1169 1676 1200 inferre

201 1232 416 1260 communem,
441 1223 506 1254 sive
532 1222 634 1264 gregis
657 1222 839 1255 ductionem
863 1223 930 1255 sive
955 1222 1148 1256 curationem
1175 1223 1241 1256 sive
1258 1224 1453 1266 diligentiam
1469 1222 1678 1265 appellantes,

202 1280 298 1318 atque
313 1276 359 1308 ita
374 1276 500 1309 civilem
515 1287 587 1309 cum
603 1276 672 1309 aliis
687 1287 751 1308 una
766 1277 947 1319 complecti,
971 1282 1137 1320 postquam
1153 1277 1198 1310 sic
1221 1284 1364 1320 oportere
1387 1277 1464 1309 ratio
1479 1276 1677 1319 significave-

200 1335 260 1363 rat.
305 1330 362 1364 so.
387 1330 532 1373 Optime.
555 1341 661 1362 verum
677 1341 814 1373 quonam
831 1331 929 1373 [276]
946 1337 1040 1373 pacto
1057 1337 1167 1373 postea
1179 1331 1437 1374 distinguendum
1451 1331 1540 1364 erat?
1563 1330 1676 1365 Hosn-

202 1383 480 1421 Quemadmodum
496 1385 598 1427 gregis
614 1385 816 1417 nutritionem
843 1385 1005 1417 divisimus
1021 1386 1192 1418 secundum
1219 1386 1424 1429 gressibilium
1443 1390 1476 1418 et
1498 1384 1672 1417 volatilium

201 1437 354 1480 speciem,
365 1438 638 1481 immixtorumque
655 1444 687 1470 et
703 1439 915 1471 mutilatorum
928 1450 935 1470 ε
960 1439 1006 1471 ita
1020 1440 1121 1482 gregis
1132 1440 1313 1472 ductionem
1328 1444 1360 1471 et
1374 1439 1546 1472 secundum
1561 1438 1672 1471 eadem

202 1491 310 1533 partiri
326 1492 456 1530 licebat,
470 1498 565 1535 atque
579 1493 624 1524 ita
640 1503 767 1535 regnum
784 1493 910 1525 Saturni
923 1504 959 1526 ac
972 1505 1108 1536 praesens
1123 1494 1234 1527 fuisset
1244 1505 1386 1527 sermone
1401 1493 1674 1535 comprehensum.

201 1545 256 1577 So.
279 1545 426 1579 Videtur.
450 1547 504 1578 sed
521 1547 598 1590 quid
616 1549 705 1579 tum?
752 1548 862 1581 Hosi‘.
887 1549 922 1580 Si
947 1548 991 1580 ita
1006 1549 1186 1591 impositum
1201 1548 1342 1581 facultati
1362 1548 1408 1580 illi
1423 1557 1538 1579 nomen
1553 1547 1675 1586 fuisset,

202 1604 238 1631 ut
249 1600 351 1642 gregis
365 1600 548 1634 ductionem
565 1601 794 1635 vocavissemus
806 1613 888 1640 earn,
903 1613 996 1645 quarn
1007 1603 1108 1645 gregis
1123 1602 1325 1635 nutritionem
1342 1601 1534 1639 vocavimus,
1548 1605 1673 1634 constat

202 1654 289 1696 quod
306 1665 398 1686 nemo
414 1655 578 1687 adversum
596 1665 654 1687 nos
670 1656 898 1695 contendisset,
921 1658 1010 1699 quasi
1026 1657 1146 1690 curatio
1167 1657 1297 1688 omnino
1320 1667 1383 1688 non
1398 1660 1499 1688 esset:
1521 1655 1674 1697 quemad-

203 1709 335 1740 modum
351 1714 425 1741 tuuc
442 1709 553 1742 merito
569 1715 617 1742 est
631 1711 838 1749 decertatum,
850 1712 935 1753 quod
949 1722 996 1743 ars
1006 1712 1041 1744 in
1053 1711 1143 1744 nobis
1154 1711 1241 1744 nulla
1250 1711 1290 1742 sit
1305 1710 1452 1742 nutritiva
1460 1707 1675 1751 appellatione

205 1761 316 1804 digna,
331 1768 367 1794 et
383 1763 409 1795 si
423 1763 528 1806 aliqua
543 1764 596 1801 sit,
611 1764 718 1796 multis
732 1765 802 1796 aliis
823 1765 907 1807 prius
923 1765 1085 1808 magisque
1107 1776 1202 1808 quam
1218 1765 1310 1807 regiae
1325 1774 1440 1797 nomen
1455 1763 1487 1794 id
1501 1767 1675 1804 competat.

203 1817 260 1848 So.
282 1815 397 1849 Recte.
444 1817 554 1850 Hos».
579 1817 677 1850 Nulla
692 1829 764 1850 vero
787 1830 835 1851 ars
850 1819 910 1851 alia
926 1820 966 1851 de
981 1820 1041 1852 hoc
1057 1819 1233 1856 contendit,
1259 1818 1348 1861 quasi
1363 1817 1404 1850 sit
1418 1817 1514 1849 totius
1528 1817 1675 1849 humanas

200 1870 430 1904 communionis
454 1872 575 1904 curatio
600 1872 699 1915 major
722 1873 887 1915 mitiorque
912 1884 1006 1916 quam
1031 1874 1127 1916 regia.
1171 1874 1231 1907 So.
1252 1872 1355 1905 Recte
1378 1871 1526 1915 loqueris.
1568 1870 1676 1903 Hosn-

200 1923 280 1956 Post
303 1924 371 1958 haec
396 1924 541 1967 nunquid
564 1926 767 1965 advertimus,
791 1927 946 1965 Socrates,
974 1938 1069 1969 quam
1092 1927 1227 1969 graviter
1249 1927 1332 1959 circa
1348 1927 1442 1958 finem
1457 1925 1672 1968 deliquimus?

200 1978 259 2010 So-
283 1977 348 2010 Ubi
370 1979 521 2011 delictum
547 1980 650 2013 dicis?
697 1981 806 2015 Hosr.
830 1982 870 2013 In
898 1983 972 2025 hoc,
997 1982 1138 2024 inquam,
1161 1982 1248 2024 quod
1276 1981 1337 2014 etsi
1367 1986 1464 2013 artem
1487 1979 1670 2023 quampiam

200 2031 327 2074 bipedis
340 2033 442 2075 gregis
457 2034 609 2067 nutricem
625 2045 692 2066 esse
706 2035 899 2077 putavimus,
913 2047 978 2068 non
994 2041 1099 2068 tamen
1113 2035 1198 2068 illico
1213 2035 1328 2077 regiam
1339 2034 1425 2067 illam
1438 2039 1534 2075 atque
1547 2032 1672 2066 civilem

202 2089 351 2127 tanquam
376 2087 550 2120 absolutam
574 2088 733 2130 appellare
762 2089 939 2121 debuimus.
983 2089 1040 2124 So.
1063 2089 1128 2121 Cur
1152 2089 1241 2121 non?
1286 2088 1395 2120 HosP.
1419 2087 1525 2119 Primo
1543 2087 1672 2129 quidem

202 2140 368 2180 oportebat
383 2142 469 2183 quod
485 2142 680 2182 dicebamus,
695 2154 810 2175 nomen
826 2144 866 2175 ad
882 2154 987 2176 curam
1004 2143 1102 2186 magis
1116 2153 1210 2186 quarn
1225 2143 1266 2175 ad
1283 2142 1485 2175 nutritionem
1494 2151 1673 2174 accommo-

201 2193 333 2227 dantes:
359 2201 470 2237 postea
493 2196 666 2229 dividenda
690 2208 765 2229 cura
786 2198 858 2230 fuit.
880 2209 952 2230 nam
975 2198 1146 2230 divisiones
1167 2197 1295 2239 insuper
1317 2207 1381 2228 non
1404 2206 1514 2238 parvas
1529 2194 1672 2238 suscipit·

199 2248 253 2281 Se.
277 2249 389 2287 Quas?
441 2250 551 2283 Hosp.
574 2251 614 2283 In
644 2252 784 2284 divinum
817 2257 971 2294 pastorem
1000 2258 1033 2285 et
1062 2254 1234 2284 humanum
1263 2257 1449 2284 curatorem.
1492 2250 1550 2282 So.
1572 2249 1669 2283 Scite·

198 2301 307 2336 Hose.
331 2304 533 2337 Curationem
547 2306 621 2338 item
632 2307 801 2339 humanam
814 2308 845 2339 in
857 2308 934 2340 duo.
979 2308 1034 2340 So.
1057 2307 1162 2345 Quae?
1207 2307 1317 2339 Hos».
1339 2306 1378 2337 Iu
1390 2315 1459 2338 eam
1471 2314 1541 2347 quae
1551 2303 1669 2342 invitis,

199 2361 232 2388 et
247 2367 316 2389 eam
331 2368 403 2400 qum
422 2359 598 2392 volentibus
615 2361 759 2403 imperat.
806 2362 864 2394 So.
887 2361 975 2400 Quid
990 2362 1086 2404 ergo?
1130 2361 1240 2393 Hose.
1262 2361 1302 2392 In
1317 2361 1377 2392 hoc
1398 2369 1473 2394 sane
1487 2364 1669 2400 peccantes.

197 2411 337 2453 ineptius
351 2423 445 2455 quam
460 2414 605 2452 decebat,
623 2426 726 2457 regern
743 2420 974 2459 tyrannumque
990 2416 1023 2447 in
1039 2415 1121 2448 idem
1138 2414 1357 2452 conduximus,
1379 2423 1452 2446 cum
1468 2417 1500 2443 et
1513 2411 1573 2454 ipsi
1588 2411 1670 2444 iuter

197 2476 231 2497 se
248 2465 445 2499 dissimillimi
461 2468 524 2499 sint
539 2473 571 2501 et
586 2470 784 2511 gubernandi
802 2470 850 2502 his
866 2471 952 2502 modi
967 2470 1062 2512 longe
1077 2469 1204 2502 diversi.
1241 2469 1298 2500 So.
1322 2467 1406 2499 Vera
1419 2466 1524 2499 refers.
1557 2465 1668 2498 How.

195 2519 293 2552 Nunc
307 2520 403 2562 igitur
415 2521 527 2554 iterum
543 2524 759 2561 emendantes,
774 2530 810 2556 ut
836 2535 930 2567 supra
951 2524 1108 2563 dicebam,
1124 2525 1292 2555 humanam
1315 2521 1507 2554 curationem
1523 2519 1664 2550 bifariam

194 2574 375 2616 partiamur,
398 2575 431 2607 in
458 2577 627 2610 violentam
654 2583 687 2611 et
703 2579 920 2613 voluntariam.
964 2579 1021 2612 So.
1045 2578 1177 2621 Absque
1193 2577 1304 2610 dubio.
1348 2576 1455 2609 Hosi’.
1481 2574 1664 2607 Violentam

193 2627 323 2670 quidem
337 2631 561 2671 tyrrannicam,
575 2633 780 2666 voluntariam
795 2638 899 2666 autern
926 2634 1162 2675 volentiumque
1185 2632 1335 2674 bipedum
1360 2630 1460 2674 gregis
1481 2629 1665 2662 ductionem

193 2682 316 2715 civilem
333 2689 430 2716 artem
453 2685 708 2719 denominemus:
732 2694 827 2731 atque
853 2699 938 2726 eum,
963 2688 1017 2731 qui
1038 2687 1188 2720 facultate
1216 2687 1274 2718 liae
1300 2690 1348 2717 est
1375 2684 1538 2726 praeditus,
1561 2681 1662 2715 virum

194 2747 300 2769 revera
313 2737 437 2770 civilem
451 2749 619 2783 regemque
634 2742 786 2774 dicamus.
811 2742 910 2785 [27⁷]
933 2743 989 2775 So.
1015 2742 1172 2774 Videntur
1183 2741 1263 2784 jam,
1287 2739 1428 2781 Hospes»,
1450 2737 1588 2770 civilium
1607 2736 1665 2768 de·

193 2791 434 2825 monstrationcs
448 2794 538 2825 nobis
553 2794 597 2826 ita
611 2796 736 2828 demum
754 2797 878 2838 penitus
894 2797 1057 2829 absolutae.
1101 2796 1210 2828 Hesp·
1234 2795 1323 2827 Bene
1350 2793 1513 2825 nobiscum
1533 2795 1628 2827 esset,
1645 2799 1665 2821 o

194 2846 348 2886 Socrates,
378 2852 494 2881 actum.
541 2848 676 2891 Oportet
702 2857 807 2883 autem
831 2861 894 2883 non
927 2851 982 2882 tibi
1010 2850 1111 2883 solum
1143 2850 1189 2892 id,
1219 2849 1274 2880 sed
1302 2846 1376 2879 mihi
1405 2855 1530 2889 quoque
1561 2848 1665 2876 tecum

194 2911 258 2932 una
285 2901 394 2934 videri.
449 2901 490 2933 Et
519 2913 603 2935 nunc
640 2905 767 2946 quidem
806 2916 858 2937 rex
896 2905 972 2937 mihi
1007 2905 1147 2936 nondum
1187 2902 1355 2944 perfectam
1393 2900 1515 2931 videtur
1548 2898 1664 2930 habere

195 2954 346 2996 figuram:
386 2957 441 2989 sed
470 2958 734 3000 quemadmodum
764 2961 903 2992 statuarii
932 2960 1090 2992 interdum
1116 2957 1324 3001 importunius
1355 2955 1538 2987 festinantes
1575 2953 1664 2994 plura

190 3014 222 3040 2²⁴
245 3009 382 3053 hmjmn,
407 3022 499 3054 quam
529 3018 684 3056 oporteat,
710 3014 832 3056 singula
863 3025 958 3057 opera
982 3013 1224 3057 interponendo,
1258 3005 1353 3044 scrius
1376 3009 1450 3042 iude
1477 3007 1665 3050 perficiunt:
