1846 3268
148 293 253 349 156]
462 304 466 307 Δ
702 292 1050 335 THEAETETUS.
1529 298 1615 343 πρ

150 405 376 447 responderes?
417 392 508 436 Tness
530 403 564 435 Si
579 402 663 445 quod
682 401 760 434 mihi.
774 403 908 438 videtur,
924 411 943 431 o
959 396 1115 439 Socrates,
1129 402 1169 434 ad
1191 398 1272 433 hanc
1286 402 1491 444 quaestioncm
1505 409 1612 445 protu-

147 458 224 495 tero.
238 470 300 490 non
318 469 408 500 posse
421 458 615 490 asseverabo.
640 457 688 488 sin
705 461 808 488 autem
830 457 869 487 ad
882 456 1070 497 superiorem
1087 456 1275 497 positionem
1291 466 1466 498 respexero,
1481 467 1521 489 ne
1533 459 1614 490 mihi

147 512 228 543 forte
252 522 436 554 repugnem,
452 522 544 553 posse
569 511 685 543 dicam.
729 511 787 542 So.
811 509 902 540 Bene
924 515 1019 551 atque
1046 509 1167 547 divine,
1183 520 1237 551 per
1259 508 1431 548 Junenem,
1454 522 1474 543 ο
1500 512 1613 544 amice.

147 563 230 607 Ergo
244 565 271 596 si
286 575 376 607 posse
400 565 609 607 responderis,
635 563 797 605 Euripidis
819 563 898 594 illud
923 563 1060 595 eveniet.
1084 563 1174 594 nobis
1199 564 1280 595 enim
1297 564 1406 606 lingua
1419 575 1482 596 non
1507 566 1612 598 redar-

148 625 234 661 guta,
247 629 334 650 mens
350 624 453 651 tamen
470 619 635 660 redarguta
657 617 724 659 jam
739 618 809 649 erit.
852 617 941 648 Tun.
964 617 1016 648 Sic
1032 622 1127 648 certe.
1169 617 1225 649 So.
1248 618 1281 649 Si
1297 628 1356 659 ego
1372 628 1409 651 ac
1424 624 1458 650 tu
1480 619 1618 652 facundi.

147 673 366 715 sapientesque
382 683 529 711 essemus,
544 677 709 715 postquam
727 671 833 703 onmia
848 670 961 702 mentis
977 681 1068 702 sensa
1081 671 1221 702 discussa
1233 672 1377 713 fuissent,
1398 673 1548 715 deinceps
1563 675 1610 705 sa—

146 727 293 759 cundiam
323 719 590 769 subtilitatemque
621 730 779 758 tentantes
810 725 987 767 sophisticis
1018 725 1227 766 captiunculis
1256 725 1389 758 invicem
1412 731 1614 768 certaremus,

145 782 238 812 verba
253 782 353 812 verbis
368 792 451 813 more
465 781 715 813 conflictantium
731 779 939 811 conferentem
982 778 1015 810 N
1018 789 1078 810 unc
1096 784 1212 817 autem,
1228 784 1341 822 utpote
1350 781 1455 818 rudes,
1468 781 1612 813 volumus

144 835 204 866 ista
219 835 351 877 primum
367 836 541 867 secundum
557 835 659 876 seipsa
675 834 809 865 invicem
826 831 1045 874 contemplari,
1061 843 1204 875 quaenam
1221 833 1283 865 sint
1297 844 1368 876 quae
1382 835 1612 877 cogitamus,et

145 894 247 920 utrum
262 894 437 922 consonent
451 889 540 921 nobis
555 899 596 920 an
611 889 786 920 dissonent.
828 887 916 919 Tan.
942 886 1085 921 Maxime
1108 887 1236 929 quidem
1260 887 1297 919 id
1310 888 1415 921 velim.
1459 889 1515 922 So.
1538 888 1613 921 Nee

144 943 246 974 minus
270 954 341 985 ego.
385 944 447 976 Sed
472 954 543 975 cum
570 943 615 974 ita
638 941 744 973 affecti
770 941 878 979 simus,
894 940 1062 983 tranquille
1084 951 1219 983 prorsus,
1236 946 1347 984 utpote
1367 942 1472 980 otiosi,
1496 943 1611 974 iterum

144 999 352 1040 speculemur,
374 999 470 1040 [155]
495 997 572 1029 nihil
587 1000 806 1028 succensentes
821 995 969 1033 invicem,
985 995 1039 1027 sed
1060 1005 1092 1027 re
1108 1005 1180 1027 vera
1202 1006 1259 1027 nos
1283 996 1372 1038 ipsos
1383 997 1615 1034 examinantes,

145 1052 251 1093 qualia
265 1053 327 1084 sint
343 1054 409 1084 haec
434 1053 467 1083 in
491 1052 581 1083 nobis
597 1051 663 1082 visa
682 1051 974 1093 phantasmataque.
997 1049 1109 1091 quibus
1132 1050 1268 1092 primum
1291 1051 1497 1082 consideratis
1522 1050 1610 1083 dice·

146 1117 226 1143 mus,
241 1111 276 1138 ut
290 1107 432 1144 arbitror,
445 1106 524 1137 nihil
541 1116 681 1148 unquam
707 1104 808 1147 majus
834 1106 976 1136 minusve
991 1105 1057 1136 fieri
1073 1105 1120 1136 vel
1138 1105 1218 1137 mole
1234 1106 1281 1137 vel
1297 1115 1437 1143 numero,
1455 1105 1607 1148 quamdiu

147 1161 266 1202 aequale
292 1161 415 1203 sibiipsi
437 1166 609 1203 permanet.
643 1171 749 1192 nonne
772 1160 840 1192 ita?
883 1159 972 1193 Tus.
995 1159 1045 1191 Ita
1068 1170 1201 1201 prorsus.
1244 1160 1301 1191 So.
1323 1160 1450 1192 Deinde
1473 1159 1525 1192 cui
1546 1170 1608 1192 nee

145 1215 271 1246 additur
285 1226 388 1258 neque
403 1216 594 1247 subtrahitur
608 1215 740 1257 aliquid,
757 1215 817 1246 hoc
847 1223 950 1255 neque
975 1223 1111 1245 crescere
1132 1223 1269 1255 unquam
1286 1223 1389 1255 neque
1414 1213 1608 1254 decrescere,

144 1279 266 1311 semper
279 1275 381 1301 autem
398 1270 518 1311 aequale
533 1268 717 1300 consistere.
759 1267 845 1300 Tne.
871 1266 973 1298 Valde
989 1266 1129 1308 quidem.
1173 1265 1232 1298 So.
1253 1267 1360 1298 Tertio
1371 1277 1443 1298 vero
1455 1267 1614 1303 dicemus,

143 1323 228 1363 quod
245 1328 317 1354 ante
334 1334 396 1354 non
412 1328 478 1354 erat
498 1327 531 1354 et
553 1327 665 1364 postea
688 1327 747 1358 est,
763 1321 824 1352 nisi
851 1321 906 1352 fiat
931 1325 965 1352 et
989 1321 1107 1352 sactum
1127 1320 1178 1357 sit,
1193 1331 1262 1352 esse
1283 1331 1349 1351 non
1374 1310 1488 1363 posses
1522 1321 1615 1353 Tun.

143 1378 195 1409 Sic
219 1377 360 1418 profecto
375 1376 508 1408 videtur.
554 1376 611 1406 So.
634 1375 713 1406 Haec
738 1374 848 1416 utique
873 1374 933 1405 tria
956 1384 1105 1405 concessa
1131 1379 1274 1416 pugnant
1297 1375 1381 1406 inter
1404 1386 1439 1407 se
1465 1375 1555 1406 nobis
1578 1374 1612 1406 in

142 1431 258 1469 animo,
274 1430 402 1473 quando
418 1430 459 1461 de
474 1429 544 1460 talis
559 1429 621 1460 illis
633 1428 811 1470 loquimur;
833 1427 883 1459 vel
903 1428 1031 1469 quando
1056 1428 1200 1466 fatemur,
1210 1439 1265 1462 ,me
1281 1439 1399 1468 senem,
1415 1430 1491 1461 dum
1506 1435 1615 1462 tantus

142 1495 268 1521 maneo,
283 1484 372 1515 nulla
389 1483 421 1514 in
439 1487 525 1525 parte
540 1487 650 1514 auctus
667 1482 857 1518 minutusve,
873 1483 986 1513 eodem
1011 1482 1043 1512 in
1069 1492 1152 1513 anno
1175 1488 1206 1513 te
1223 1482 1343 1524 juvene
1359 1483 1509 1525 majorem
1525 1492 1612 1516 nunc

143 1549 225 1577 esse,
241 1543 351 1580 postea
366 1549 439 1569 vero
456 1538 619 1574 minorem,
635 1547 707 1569 cum
724 1536 821 1567 moles
837 1537 964 1577 quidem
981 1545 1049 1566 mea
1063 1535 1167 1567 ablata
1180 1546 1245 1568 non
1257 1537 1307 1575 sit,
1323 1539 1379 1569 sed
1395 1543 1449 1570 tua
1458 1540 1616 1571 duntaxat

143 1593 289 1625 adaucta.
333 1593 408 1624 Sum
433 1601 569 1633 namque
593 1595 717 1632 postea,
733 1590 821 1632 quod
848 1595 922 1621 ante
948 1600 1012 1620 non
1037 1600 1132 1627 eram,
1158 1590 1203 1622 nil
1229 1595 1334 1623 tamen
1359 1592 1472 1625 factus.
1495 1593 1616 1635 absque

144 1647 228 1678 enim
253 1645 322 1678 fieri
347 1646 466 1678 factum
493 1655 561 1676 csse
582 1644 790 1686 impossibiie.
815 1644 859 1674 nil
886 1649 990 1675 autem
1018 1643 1108 1675 molis
1135 1644 1292 1683 amittens,
1316 1656 1477 1688 nunquam
1508 1646 1616 1679 minus

146 1700 276 1732 effectus
293 1710 371 1731 sum.
417 1699 458 1730 Et
473 1699 534 1730 alia
547 1699 641 1740 hujus
657 1699 779 1740 generis
794 1697 919 1728 infinita
929 1698 962 1728 in
977 1698 1082 1729 multis
1095 1698 1254 1737 accidunt,
1270 1699 1294 1730 si
1304 1700 1374 1731 'haec
1386 1700 1613 1734 admiserimus,

147 1754 212 1786 Dic
226 1765 296 1797 age,
311 1754 512 1786 oTheaetete.
539 1753 652 1784 videris
667 1753 751 1784 enirn
776 1752 852 1784 mihi
876 1753 984 1783 harum
1013 1762 1113 1783 rerum
1143 1762 1207 1783 non
1223 1753 1396 1794 imperitus.
1439 1754 1528 1788 Tru-2.
1552 1756 1616 1787 Per

148 1809 235 1845 deos,
251 1819 270 1839 o
285 1808 442 1846 Socrates,
459 1817 650 1848 magnopere
675 1806 752 1848 quid
774 1806 835 1837 ista
859 1805 921 1836 sint
946 1806 1101 1846 admiror;
1124 1806 1344 1849 interdumque
1359 1807 1429 1850 ipsa
1443 1808 1618 1851 inspiciens

147 1862 282 1893 tenebris
297 1862 455 1893 offundor.
499 1861 554 1894 So.
577 1861 773 1898 Theodorus,
790 1871 808 1891 o
836 1860 947 1898 amice,
970 1870 1033 1891 non
1049 1860 1130 1891 male
1151 1861 1191 1892 de
1207 1865 1262 1892 tuo
1276 1861 1405 1904 ingenio
1419 1862 1618 1904 conjectasse

146 1916 281 1948 videtur.
306 1916 439 1947 maxime
455 1916 539 1947 enim
557 1915 753 1957 philosophis
768 1915 836 1947 haec
853 1914 982 1946 affectio
1007 1919 1066 1952 est,
1081 1923 1152 1956 quas
1174 1915 1337 1947 admiratio
1362 1917 1488 1950 dicitur.
1510 1927 1618 1960 neque

147 1970 230 2002 enim
247 1969 332 2001 aliud
349 1975 462 2012 praeter
476 1970 536 2002 hoc
552 1977 600 2002 est
616 1969 823 2012 plrilosophioe
842 1969 1033 2012 principium
1047 1981 1055 2001 ε
1079 1975 1112 2001 et
1127 1970 1181 2012 qui
1197 1969 1270 2002 Irim
1285 1970 1502 2009 Thaumantis,
1518 1972 1551 2003 id
1568 1977 1618 2010 est

148 2024 373 2062 admirationis,
389 2023 484 2055 filiam
501 2033 568 2055 esse
584 2023 725 2059 tradidit,
741 2033 804 2054 non
830 2024 963 2055 absurde
987 2023 1138 2065 originem
1158 2024 1228 2067 ejus
1252 2026 1416 2068 explicuit.
1460 2028 1523 2059 Sed
1538 2038 1617 2060 num

149 2076 296 2119 percipis,
312 2087 406 2119 quam
424 2078 465 2117 ob
480 2087 604 2109 causam
621 2078 688 2109 haec
705 2077 779 2108 talia
794 2082 880 2114 sunt,
900 2087 937 2108 ex
966 2078 1079 2120 quibus
1096 2078 1301 2121 Protagoram
1315 2080 1403 2123 loqui
1427 2082 1617 2113 asseveravi-

151 2141 238 2171 mus;
263 2141 303 2162 an
318 2132 404 2163 non?
447 2132 536 2164 Tim.
560 2131 711 2163 Nondum
727 2132 804 2163 milii
819 2132 941 2163 videor.
986 2132 1041 2163 So.
1066 2132 1206 2164 Gratiam
1222 2134 1327 2176 itaque
1345 2135 1416 2165 milii
1433 2135 1573 2172 habebis,
1589 2136 1618 2167 si

151 2184 208 2215 tibi
223 2184 291 2222 v‘ni,
307 2185 401 2216 immo
417 2186 550 2217 virorum
566 2186 904 2228 praestantissimorum,
924 2186 1142 2227 intelligentias
1158 2187 1319 2219 veritatem
1341 2188 1478 2220 abditam
1500 2199 1616 2221 resera·

151 2237 246 2270 vero?
291 2238 379 2271 Tne.
403 2239 526 2277 Quidni
550 2240 693 2277 habeam,
709 2245 742 2271 et
765 2240 926 2281 ingentem
942 2240 1114 2282 equidem?
1159 2240 1217 2274 SO.
1242 2241 1465 2283 Contemplare
1484 2243 1564 2285 jam,
1583 2248 1618 2276 et

154 2292 247 2323 simul
263 2292 432 2335 diligenter
458 2304 546 2331 cave,
562 2304 602 2324 ne
627 2294 699 2336 quis
725 2295 874 2336 profanus
894 2295 962 2326 haec
984 2295 1102 2326 audiat.
1123 2294 1249 2336 profani
1264 2307 1335 2327 vero
1359 2302 1442 2334 sunt,
1458 2298 1511 2340 qui
1537 2298 1616 2330 nihil

151 2346 236 2377 aliud
253 2357 322 2378 esse
337 2351 454 2389 putant
465 2358 559 2389 quam
576 2349 666 2390 quod
679 2358 786 2390 pugno
801 2353 908 2380 tenere
928 2354 1072 2390 possunt.
1095 2349 1235 2381 actiones
1249 2360 1321 2381 vero
1337 2352 1617 2395 generationesqne

153 2404 186 2431 et
201 2400 354 2433 invisibile
370 2401 546 2433 universum
561 2401 594 2433 in
609 2402 753 2434 essentiae
770 2408 857 2444 parte
869 2413 1067 2445 nequaquam
1079 2403 1251 2445 accipiunt.
1295 2404 1384 2437 Tim.
1408 2405 1515 2437 Duros
1523 2406 1618 2438 nimi-

155 2462 207 2484 um
222 2461 255 2485 et
270 2459 428 2496 protervos
448 2456 604 2493 homines,
626 2467 646 2487 ο
671 2456 826 2494 Socrates,
853 2457 954 2499 [150]
975 2467 1138 2490 memoras.
1183 2458 1239 2490 So.
1264 2458 1344 2490 Sunt
1366 2459 1416 2490 isti
1440 2460 1581 2502 quidem,
1597 2471 1617 2491 ο

155 2518 244 2549 puer,
260 2519 278 2539 a
292 2508 394 2540 Musis
417 2510 585 2542 admodum
611 2510 716 2543 alieni.
739 2521 798 2543 nec
823 2512 939 2543 desunt
963 2511 1015 2542 alii
1041 2512 1168 2554 quidam
1182 2512 1400 2554 elegantiores,
1413 2525 1544 2556 quornm
1560 2516 1618 2548 tibi

155 2562 303 2604 mysteria
318 2569 491 2595 narraturus
507 2575 585 2595 sum.
630 2565 824 2607 Principium
845 2571 951 2597 autem
977 2566 1127 2608 deinceps
1151 2566 1222 2604 erit,
1237 2577 1274 2598 ex
1289 2577 1353 2609 quo
1369 2579 1419 2606 ea,
1434 2579 1506 2611 quae
1522 2572 1619 2603 modo

156 2615 303 2656 diximus,
316 2623 456 2650 manant.
501 2618 538 2650 Id
558 2623 662 2650 autem
692 2625 741 2651 est
765 2621 902 2661 ipsorum
930 2619 1131 2662 principium,
1147 2621 1233 2662 quod
1248 2622 1424 2654 universum
1440 2630 1542 2656 motus
1556 2631 1616 2663 est,

155 2673 187 2700 et
214 2669 299 2702 aliud
325 2678 435 2713 praeter
458 2677 576 2703 motum
602 2673 692 2705 nihil.
737 2674 849 2705 Motus
866 2684 938 2705 vero
965 2675 1086 2716 species
1112 2675 1194 2712 duae,
1210 2679 1243 2707 et
1266 2675 1468 2709 multitudine
1487 2679 1615 2720 quidem

156 2728 286 2766 utraque
299 2725 443 2757 infinita:
469 2727 610 2768 potentia
633 2732 737 2759 autem
759 2728 857 2766 altera
883 2729 915 2759 in
929 2729 1065 2770 agendo,
1081 2728 1178 2760 altera
1191 2729 1223 2760 in
1240 2730 1390 2771 patiendo
1405 2740 1554 2765 versatur.
1579 2744 1617 2765 ex

156 2777 263 2808 harum
279 2789 445 2820 congressu
470 2781 696 2823 compulsuque
713 2786 819 2814 mutuo
835 2783 966 2814 effectus
981 2782 1133 2814 eveniunt
1147 2793 1276 2815 numero
1292 2785 1417 2824 infiniti,
1433 2787 1539 2829 speeie
1560 2798 1614 2829 ge·

156 2830 234 2862 mini
248 2841 256 2862 :
282 2833 426 2864 sensibile
443 2834 589 2866 videlicet
603 2844 639 2866 ac
656 2845 776 2871 sensus,
790 2835 845 2877 qui
861 2846 984 2878 semper
998 2847 1068 2868 curn
1085 2837 1222 2869 sensibili
1241 2839 1407 2871 conficitur
1430 2845 1525 2882 atque
1540 2851 1616 2872 con-

158 2884 305 2925 greditur.
349 2887 501 2918 Sensuum
518 2888 586 2919 hrec
601 2888 729 2919 nomina
744 2894 827 2926 sunt,
844 2890 940 2928 visus,
955 2891 1093 2932 auditus,
1107 2892 1252 2930 olfactus,
1268 2898 1378 2935 gustus
1393 2898 1556 2935 tactusque
1565 2894 1617 2925 sri-

158 2937 302 2978 gidorum
331 2945 364 2971 et
393 2940 577 2974 calidorum.
615 2952 695 2983 quos
726 2948 898 2984 sequuntur
914 2944 1104 2986 voluptates,
1130 2946 1265 2984 dolores,
1295 2947 1484 2988 cupiditates
1524 2952 1619 2989 atque

159 2991 296 3036 timores,
310 2992 425 3036 aliique
441 2994 586 3034 affectus,
601 2995 754 3029 innumeri
770 2998 895 3038 quidem
912 2998 978 3030 sine
994 2999 1132 3038 nomine,
1149 3000 1300 3032 nominati
1319 3010 1446 3042 quoque
1461 3001 1618 3041 permulti.
