1846 3268
139 294 239 347 471]
741 285 1000 327 GortfflAS.
1530 288 1605 329 199

142 401 197 433 An
211 410 275 432 non
297 398 352 443 qui
377 397 492 440 injuste
517 391 684 437 occiditur,
699 394 882 427 miserabilis
906 399 959 426 est
970 389 1070 437 atque'
1079 390 1214 426 infelix?
1259 393 1317 428 So.
1339 393 1463 436 Minus,
1478 405 1497 426 o
1513 395 1604 434 Pole,

140 465 235 497 quam
251 453 300 485 vel
315 452 508 488 interfector,
525 449 571 481 vel
599 450 624 481 is
648 449 703 491 qui
721 449 808 491 juste
833 454 974 481 necatur.
1019 449 1104 482 Pon.
1127 448 1214 486 Quid
1229 448 1285 487 ita,
1301 459 1322 480 ο
1336 449 1502 481 Socrates?
1546 451 1605 482 So.

141 508 298 546 Quoniam
313 506 423 538 inferre
437 504 583 547 injuriam
601 505 765 535 maximum
780 509 828 535 est
843 504 1005 535 malorum.
1050 503 1134 536 Por..
1156 503 1303 540 Quonam
1327 508 1423 546 pacto
1444 504 1477 535 id
1506 504 1605 536 maxi-

141 562 248 594 mum?
270 571 375 592 nonne
396 558 488 601 pejus
503 563 562 597 est,
578 557 722 600 injuriam
739 558 831 600 pati?
877 558 933 591 So.
957 557 1106 590 Minime.
1149 557 1233 590 PoL.
1255 557 1331 600 Ipse
1344 558 1440 600 igitur
1455 559 1606 591 mallesne

141 616 209 659 pati
231 614 387 657 injuriam,
412 623 506 656 quam
528 613 665 645 inferre?
710 612 766 644 So.
788 612 947 655 Equidem
973 616 1116 644 neutrum
1132 612 1255 645 vellem.
1279 617 1312 643 at
1338 612 1366 644 si
1380 622 1509 646 necesse
1524 613 1605 646 foret

140 675 196 702 aut
209 669 310 702 facere
326 668 471 710 injuriam
486 672 542 699 aut
556 667 634 709 pati,
648 667 796 710 eligerem
811 667 918 708 potius
933 666 1076 708 accipere
1091 665 1236 708 injuriam
1251 677 1344 709 quam
1361 667 1484 700 inferre.
1519 668 1607 700 Por..

139 723 173 756 N
175 734 211 756 ec
225 733 298 765 ergo
313 721 511 765 tyrannidem
526 721 669 763 eligeres.
714 721 770 753 So.
793 720 880 758 Non,
896 720 923 752 si
937 720 1137 762 tyrannidem
1153 720 1294 752 similiter
1304 725 1398 762 atque
1410 732 1470 764 ego
1479 722 1605 755 definis.

139 778 225 810 Por..
248 777 316 819 Ego
333 786 404 808 vero
419 776 452 807 id
469 786 537 807 esse
552 775 625 807 dico
641 775 854 818 tyrannidem,
870 776 956 818 quod
971 779 1003 806 et
1018 775 1112 816 paulo
1129 779 1214 812 ante,
1230 774 1382 807 videlicet
1397 775 1556 808 licentiam
1571 777 1605 808 in

138 831 265 864 civitate
279 831 391 862 habere
403 829 553 872 quicquid
571 829 712 861 videatur
738 829 953 871 perpetrandi,
968 829 1033 860 sive
1059 828 1231 860 interficere
1255 829 1434 871 quempiam
1460 829 1526 861 sive
1550 842 1606 863 ex·

138 885 256 927 pellere
269 884 377 923 libeat,
393 888 558 926 ceteraque
581 883 687 915 omnia
711 893 769 925 pro
794 882 926 914 libidine
952 892 1046 924 posse
1070 881 1184 914 facere.
1227 882 1283 914 So.
1304 882 1381 921 Sed,
1402 893 1422 914 o
1438 883 1543 925 beate,
1558 889 1605 916 at-

135 940 247 980 tende,
261 948 332 981 quae
347 939 462 976 dicam,
478 948 515 970 ac
531 938 555 969 si
571 943 675 981 potes,
690 947 796 979 carpe.
839 937 873 968 Si
889 936 973 968 enim
988 947 1048 979 ego
1062 936 1095 967 in
1122 935 1190 968 foro
1213 946 1250 968 ac
1269 937 1427 979 frequenti
1442 938 1604 969 hominum

137 993 351 1029 multitudine,
366 997 525 1034 assumpto
541 992 598 1022 sub
623 991 674 1022 ala
698 991 837 1033 pugione
859 991 947 1032 apud
972 995 1004 1021 te
1026 989 1182 1032 gloriarer,
1194 999 1245 1021 me
1265 990 1438 1032 potentiam
1462 992 1604 1034 tyranni·-

137 1048 273 1088 demque
286 1045 458 1077 mirabilem
474 1053 575 1086 nuper
599 1054 667 1075 esse
691 1049 837 1076 nactum:
861 1053 934 1077 nam
960 1044 1025 1075 sive
1049 1043 1163 1086 aliquis
1186 1043 1316 1075 istorum
1340 1044 1500 1075 hominum
1524 1056 1607 1087 quos

138 1100 251 1142 cernis,
262 1099 339 1131 mihi
355 1099 497 1131 videatur
511 1098 716 1135 occidendus,
728 1098 830 1129 subito
843 1098 1031 1140 perimetur3
1054 1097 1119 1129 sive
1130 1097 1211 1130 alicu
1210 1097 1264 1139 jus
1275 1097 1482 1140 frangendum
1494 1105 1606 1142 caput,

139 1159 270 1196 repente
283 1154 442 1195 frangetur
454 1163 463 1192 ;
486 1153 555 1184 sive
570 1151 778 1183 discindenda
793 1151 900 1190 vestis,
915 1152 1019 1183 subito
1034 1151 1230 1183 discindetur
1241 1162 1252 1191 3
1276 1155 1397 1183 tantum
1412 1163 1473 1195 ego
1489 1153 1521 1184 in
1543 1154 1607 1185 hac

139 1208 267 1240 civitate
288 1216 437 1249 possumz
459 1206 592 1248 proinde
618 1205 676 1237 tibi
700 1204 803 1237 minus
831 1204 865 1236 id
888 1204 1030 1238 credenti
1045 1205 1240 1237 ostenderem
1266 1206 1448 1248 pugionem,
1469 1207 1550 1239 forte
1564 1218 1605 1239 eo

139 1264 310 1303 conspe'cto
326 1266 358 1292 tu
375 1261 418 1292 sic
433 1260 603 1302 objiceres:
627 1263 659 1291 at
672 1260 745 1297 isto,
761 1270 781 1291 o
803 1259 961 1301 Socrates,
983 1259 1079 1291 modo
1096 1269 1204 1290 omnes
1219 1269 1362 1301 magnam
1377 1260 1527 1292 haberent
1542 1272 1601 1303 po-

136 1315 278 1347 tentiam.
298 1315 452 1356 siquidem
479 1318 512 1345 et
533 1314 690 1356 quaslibet
704 1314 814 1345 domos
829 1313 999 1345 incendere
1021 1318 1054 1345 et
1068 1312 1311 1345 Atheniensium
1326 1314 1449 1345 navalia
1464 1319 1497 1346 et
1512 1315 1600 1347 trire-

137 1380 216 1411 mes,
230 1373 409 1411 cunctaque
433 1367 569 1410 navigia,
592 1378 629 1399 ac
653 1368 829 1399 summatim
853 1372 916 1399 tam
943 1368 1071 1410 publica
1092 1369 1187 1409 quarn
1210 1367 1343 1409 privata,
1357 1367 1460 1410 quivis
1486 1374 1609 1411 posset.

138 1423 253 1456 Verum
269 1423 336 1454 haec
350 1431 415 1453 non
430 1426 479 1453 est
490 1431 602 1463 magna
612 1425 763 1464 potestas,
779 1420 937 1464 quidquid
953 1421 1012 1453 tibi
1027 1431 1238 1463 quencumque
1255 1421 1407 1459 videatur,
1423 1422 1538 1455 facere.
1560 1433 1602 1454 an

134 1476 194 1509 tibi
209 1476 351 1508 videtur?
397 1476 482 1508 Por..
506 1476 599 1508 Certe
614 1486 678 1507 non
694 1476 754 1507 hoc
770 1481 865 1518 pacto
888 1476 1065 1518 potentiam
1090 1475 1243 1518 approbo,
1266 1474 1364 1518 [470]
1386 1476 1442 1508 So.
1465 1477 1607 1509 Potesne

135 1532 252 1569 dicere,
264 1541 357 1573 quam
372 1531 413 1562 ob
428 1540 553 1562 causam
568 1529 724 1572 ejusmodi
739 1540 805 1561 non
820 1530 976 1572 approbes
989 1533 1177 1572 potestatem
1192 1529 1203 1560 ?
1248 1527 1332 1562 Pon.
1354 1530 1488 1562 Possum
1513 1530 1604 1573 eqni-

133 1586 218 1617 dem.
262 1586 320 1617 So.
343 1584 408 1617 Cur
419 1584 517 1626 ergo?
540 1584 593 1616 dic
615 1583 694 1626 jam.
738 1584 825 1617 Por.
849 1584 1009 1623 Quoniam
1034 1594 1164 1616 necesse
1187 1588 1235 1615 est
1249 1594 1333 1623 eum,
1349 1584 1402 1626 qui
1413 1584 1476 1616 ista
1490 1595 1605 1628 perpe·

134 1639 272 1674 traverit.
298 1648 425 1680 poenam
450 1638 547 1670 luere.
589 1638 647 1670 80.
670 1639 801 1670 Poenam
816 1649 889 1670 vero
909 1639 995 1677 dare,
1020 1648 1127 1670 nonne
1149 1638 1293 1670 malum?
1337 1638 1424 1671 Por..
1448 1634 1602 1673 Omnino.

134 1693 192 1726 So.
215 1693 332 1724 Nonne
345 1692 450 1734 igitur,
466 1702 485 1723 o
499 1692 547 1723 vir
560 1692 723 1731 mirabilis,
739 1703 884 1734 magnam
899 1703 1001 1724 rursus
1026 1692 1203 1735 potentiam
1222 1691 1363 1735 judicas,
1383 1693 1411 1724 si
1435 1693 1530 1725 modo
1545 1693 1605 1736 qui

135 1746 200 1788 agit
213 1755 409 1788 qutecunque
425 1744 483 1777 sibi
499 1745 656 1784 videntur,
672 1747 848 1789 assequitur
873 1752 908 1778 ut
933 1745 1052 1778 utiliter
1077 1751 1162 1788 agat,
1177 1751 1272 1788 atque
1286 1746 1333 1777 ita
1347 1746 1465 1778 bonum
1490 1757 1601 1779 conse-

133 1800 259 1842 quitur:
281 1800 379 1841 idque
403 1804 452 1830 est
477 1809 590 1841 magna
610 1801 728 1841 posse?
751 1805 860 1832 contra
875 1811 959 1838 vero,
975 1800 1090 1831 malum
1114 1799 1148 1832 id
1174 1805 1235 1841 est,
1250 1810 1409 1842 parvaque
1434 1802 1603 1843 potentia?

133 1853 251 1886 Verum
262 1853 295 1884 id
310 1863 437 1895 quoque
447 1852 690 1884 consideremus.
711 1853 900 1890 dicimusne,
910 1853 987 1884 alias
1002 1858 1147 1895 praestare
1163 1863 1201 1885 ea
1215 1853 1316 1885 facere
1325 1864 1396 1896 quae
1408 1855 1502 1886 modo
1514 1855 1605 1889 dice-

133 1909 254 1945 bamus,
278 1906 427 1938 videlicet
447 1905 633 1946 interficere,
659 1906 829 1948 expellere,
845 1907 992 1949 spoliare,
1006 1907 1083 1938 alias
1109 1911 1213 1939 autem
1241 1906 1394 1939 minime?
1438 1909 1524 1942 PoL.
1547 1909 1603 1943 Sic

133 1962 273 1994 omnino.
316 1960 376 1993 So.
399 1959 472 1992 Hoc
482 1960 550 2002 jam
571 1959 661 1998 milri,
676 1965 712 1992 ut
726 1961 862 2002 videtur,
876 1961 997 2003 tibique
1012 1960 1174 1994 convenit.
1219 1960 1304 1994 Pon.
1326 1960 1498 1996 Convenit.
1541 1963 1599 1996 So.

133 2016 244 2048 Utrum
261 2012 355 2057 igitur
369 2019 403 2046 et
416 2024 481 2057 quo
496 2020 591 2056 pacto
605 2014 685 2046 dicis
699 2014 769 2057 ipse
784 2014 896 2047 melius
916 2026 985 2047 esse
999 2015 1068 2048 haec
1083 2015 1212 2048 facere?
1235 2015 1288 2048 dic
1302 2025 1371 2058 age,
1387 2026 1480 2059 quem
1497 2017 1602 2049 termi-

130 2079 206 2100 num
233 2073 362 2100 statuas.
405 2068 491 2101 Por..
512 2067 566 2100 Tu
588 2079 676 2107 vero,
691 2079 710 2100 o
736 2068 893 2107 Socrates,
907 2068 942 2101 id
965 2069 1109 2102 definias.
1153 2069 1211 2101 So.
1236 2069 1306 2112 Ego
1336 2070 1444 2113 igitur,
1461 2082 1480 2102 ο
1507 2071 1602 2109 Pole,

131 2122 247 2160 dicam,
263 2123 319 2154 sia
332 2133 381 2154 me
396 2122 504 2156 audire
527 2122 639 2160 mavis,
651 2123 800 2156 videlicet
825 2124 954 2166 quando
975 2124 1047 2166 quis
1073 2125 1141 2156 haec
1160 2123 1246 2167 juste
1269 2124 1358 2162 facit,
1377 2124 1487 2157 melius
1509 2136 1600 2158 esse:

129 2178 258 2220 quando
273 2188 346 2209 vero
361 2177 490 2218 injuste,
505 2177 609 2220 pejus.
653 2177 737 2210 Por..
759 2178 860 2217 Quasi
877 2189 949 2210 vero
964 2179 1097 2210 arduum
1118 2178 1170 2216 sit,
1186 2188 1205 2209 o
1231 2178 1385 2217 Socrates,
1400 2184 1431 2211 te
1445 2179 1600 2218 refellere,

129 2242 167 2264 ac
182 2242 246 2263 non
261 2242 340 2274 puer
353 2233 447 2264 etiam
462 2232 564 2274 quivis
578 2233 720 2265 refellere
731 2232 843 2276 possit.
888 2233 945 2266 So.
966 2233 1120 2276 Magnam
1143 2233 1189 2264 illi
1204 2243 1303 2275 puero
1318 2233 1441 2265 habebo
1455 2233 1603 2276 gratiam,

130 2286 189 2318 tibi
204 2296 330 2328 quoque
344 2296 409 2318 non
425 2286 588 2324 minorem,
603 2286 630 2319 si
645 2297 695 2319 me
718 2286 865 2319 refellens
886 2287 926 2319 ab
941 2297 1043 2319 errore
1066 2286 1226 2328 ejusmodi
1239 2286 1427 2320 liberaveris.
1452 2293 1483 2319 te
1504 2287 1600 2330 igitur

129 2351 196 2378 oro,
221 2351 261 2372 ne
276 2341 335 2372 tibi
359 2341 523 2372 molestum
546 2341 587 2372 sit
609 2341 797 2373 beneficium
820 2342 882 2374 hoc
907 2341 942 2373 in
967 2340 1102 2372 amicum
1125 2339 1288 2372 conferre:
1313 2340 1368 2372 sed
1387 2340 1455 2383 jam
1479 2341 1602 2374 refelle.

129 2394 214 2426 Por..
237 2395 385 2438 Atqui,o
400 2394 555 2433 Socrates,
578 2394 659 2427 nibil
685 2405 766 2438 opus
792 2400 840 2427 est
863 2394 999 2439 antiquis
1023 2394 1175 2437 exemplis
1191 2394 1232 2426 ad
1257 2399 1289 2426 te
1310 2394 1548 2428 confutandum.
1573 2396 1604 2427 si

127 2449 255 2490 quidem
271 2450 414 2481 hesterna
438 2458 601 2491 nuperque
621 2453 709 2491 gesta
733 2449 899 2482 manifeste
924 2449 1083 2482 declarare
1109 2453 1253 2492 possunt,
1276 2447 1413 2491 injustos
1432 2449 1599 2493 plerosque

129 2513 196 2534 esse
220 2502 338 2536 felices.
384 2503 442 2536 So.
465 2503 620 2541 Quaenam
646 2504 728 2535 ista?
775 2503 861 2536 Por..
885 2503 1076 2535 Archelaum
1101 2502 1244 2536 Perdicae
1269 2503 1369 2534 filiurn
1397 2503 1600 2535 Macedoniae

129 2556 343 2588 dominantem
357 2556 469 2588 vides?
514 2557 571 2588 So.
595 2556 663 2589 Etsi
677 2567 743 2590 nou
757 2558 865 2596 video,
889 2558 998 2590 saltem
1025 2556 1133 2590 audio.
1178 2558 1264 2589 Por..
1286 2557 1415 2589 Felixne
1430 2557 1525 2600 igitur
1539 2558 1600 2589 tibi

126 2610 250 2642 videtur
264 2621 303 2642 an
314 2610 422 2642 infelix
436 2612 448 2642 ἓ
494 2611 552 2644 So.
575 2611 693 2644 Nescio
706 2612 866 2655 equidem,
882 2623 902 2644 0
918 2611 1008 2644 Pole.
1033 2622 1195 2654 nunquam
1220 2610 1303 2644 enim
1319 2612 1404 2654 apud
1418 2611 1521 2653 ipsum
1536 2611 1598 2647 sui,

126 2664 211 2696 Por..
235 2664 322 2702 Quid
349 2669 466 2706 autem,
489 2664 519 2696 si
544 2665 614 2708 ejus
641 2665 901 2698 consuetudinem
927 2666 1102 2703 habuisses,
1120 2665 1188 2708 jam
1218 2675 1444 2707 cognosceres:
1468 2665 1598 2696 aliunde

125 2729 199 2750 vero
213 2718 396 2750 felicitatem
412 2718 481 2760 ejus
496 2729 560 2750 non
574 2724 666 2762 potes
680 2721 895 2762 cognoscere?
940 2721 997 2752 So.
1020 2719 1097 2752 Non
1113 2730 1169 2762 per
1182 2720 1203 2752 J
1206 2730 1309 2752 ovem.
1353 2719 1439 2751 Por..
1465 2719 1598 2751 Constat

125 2772 230 2814 igitur,
245 2783 264 2804 ο
280 2772 436 2815 Socrates,
452 2773 594 2805 similiter
620 2780 652 2805 te
675 2773 832 2806 dicturum
854 2775 1010 2817 ignorare,
1033 2779 1136 2806 utrum
1164 2784 1295 2816 magnus
1310 2773 1474 2805 Persarum
1489 2784 1542 2805 rex
1557 2774 1599 2805 sit

124 2825 212 2857 felix.
255 2826 313 2858 So.
335 2826 379 2858 Et
393 2837 466 2858 vera
480 2827 608 2869 quidem
625 2827 742 2860 dicam.
763 2828 874 2871 ignoro
890 2827 974 2860 enim
990 2839 1053 2870 quo
1069 2833 1163 2870 pacto
1180 2828 1220 2859 ad
1245 2827 1454 2859 eruditionem
1477 2827 1596 2869 justiti-

124 2889 236 2922 amque
251 2890 284 2911 se
298 2880 423 2912 habeat.
467 2880 550 2914 Pon.
575 2881 730 2924 Nunquid
746 2882 779 2913 in
795 2883 854 2914 hoc
874 2886 941 2914 tota
955 2882 1118 2914 beatitudo
1142 2881 1308 2915 consistit?
1353 2881 1410 2914 So.
1433 2881 1538 2918 Certe,
1561 2885 1595 2912 ut

124 2942 184 2974 ego
199 2933 283 2971 dico.
298 2944 317 2965 o
333 2933 423 2967 Pole.
444 2944 549 2967 assero
562 2935 647 2967 enim
660 2937 829 2967 honestum
844 2935 1026 2979 bonumque
1041 2936 1139 2967 virum
1155 2941 1188 2968 et
1203 2935 1360 2968 mulierem
1377 2945 1444 2967 esse
1457 2934 1594 2975 felicem,

122 2986 271 3028 injustum
285 2998 355 3030 uero
370 2994 403 3022 et
417 2993 540 3034 turpem
556 3000 625 3024 esse
642 2989 797 3023 miserum.
820 2989 920 3035 [4⁷1]
943 2990 1029 3026 Ροι.
1052 2990 1152 3024 Miser
1181 3001 1255 3035 ergo
1282 2989 1454 3023 secundum
1480 2997 1594 3020 sermo-
