1846 3268
775 563 1098 657 MlNoe

722 820 964 865 SOCRATES‚
986 821 1147 858 MINOS.

197 1006 296 1050 [313]
320 1005 497 1044 Qutmum
521 1002 571 1035 lex
587 1001 673 1045 apud
689 1012 746 1034 nos
761 1003 833 1034 est?
878 1003 972 1036 Mm.
996 1003 1048 1036 De
1074 1013 1137 1046 qua
1163 1003 1233 1046 lege
1253 1004 1447 1049 interrogas?
1491 1008 1547 1041 So.
1569 1008 1672 1041 Estne

202 1060 337 1104 aliquid,
349 1071 412 1103 quo
428 1060 478 1091 lex
493 1059 606 1100 alege,
619 1058 791 1089 secundum
807 1058 892 1100 quod
909 1058 958 1089 lex
974 1063 1033 1096 est,
1049 1058 1176 1090 differt?
1222 1059 1361 1093 Adverte
1378 1062 1483 1104 plane,
1496 1062 1572 1106 quid
1585 1073 1672 1106 quae-

201 1127 279 1149 ram.
303 1115 348 1147 sic
363 1114 447 1146 enim
462 1114 634 1155 interrege,
655 1122 692 1144 ac
712 1111 739 1142 si
762 1111 954 1154 quaesissem,
980 1112 1058 1154 quid
1080 1117 1129 1144 est
1143 1123 1273 1147 aurum:
1298 1119 1331 1146 et.
1346 1115 1422 1147 situ
1438 1117 1551 1149 eodem
1567 1118 1675 1156 modo,

200 1172 244 1204 de
259 1181 323 1214 quo
340 1179 415 1201 auro
430 1179 578 1212 quaeram,
603 1167 821 1208 interrogares,
845 1167 930 1198 haud
954 1172 1040 1198 recte
1064 1167 1240 1208 percontari
1267 1177 1437 1203 censerem.
1460 1181 1565 1213 neque
1588 1171 1673 1203 enini

201 1235 312 1257 aurum
329 1225 368 1255 ab
384 1233 471 1265 auro,
486 1223 658 1254 secundum
674 1221 760 1263 quod
789 1230 911 1259 aurum,
933 1231 1037 1263 neque
1053 1221 1145 1264 lapis,
1169 1223 1342 1255 secundum
1366 1225 1453 1267 quod
1480 1225 1573 1268 lapis,
1594 1236 1613 1258 a
1629 1225 1675 1257 ln·

201 1279 279 1323 pide
293 1279 418 1310 differt:
443 1278 618 1319 eodemque
633 1277 728 1307 modo
745 1276 792 1306 lex
808 1275 909 1317 alege
923 1275 969 1307 nil
995 1275 1166 1319 discrepat,
1194 1278 1249 1308 sed
1276 1288 1384 1310 omnes
1399 1279 1483 1311 idem
1499 1284 1583 1313 sunt.
1606 1284 1675 1312 ete·

199 1334 267 1366 nim
282 1334 332 1365 lex
359 1342 557 1375 unaquaeque
579 1331 703 1362 illarum
729 1329 870 1362 similiter
893 1335 953 1368 est,
969 1340 1027 1362 nec
1041 1341 1105 1361 una
1120 1331 1218 1373 magis
1242 1336 1275 1364 et
1298 1333 1360 1364 alia
1386 1332 1500 1365 minus.
1543 1333 1598 1365 De
1612 1334 1674 1365 hoe

200 1389 272 1431 ipso
286 1387 382 1430 igitur
397 1387 553 1428 universo,
569 1385 645 1427 quid
662 1385 711 1416 lex
735 1389 794 1422 est,
822 1384 993 1426 generatim
1017 1385 1184 1426 interrogo.
1208 1386 1293 1427 quod
1318 1387 1343 1418 si
1361 1386 1394 1418 in
1421 1393 1568 1429 promptu
1589 1396 1674 1420 nunc

200 1443 311 1480 habes,
326 1441 462 1484 explica.
506 1440 598 1471 Mm.
623 1439 666 1470 Et
679 1439 756 1481 quid
773 1438 861 1470 aliud
885 1439 947 1479 lex,
974 1450 992 1470 o
1008 1437 1162 1478 Socrates,
1186 1444 1280 1478 esset,
1303 1451 1397 1483 quam
1413 1451 1484 1484 quae
1500 1441 1571 1484 lege
1586 1441 1678 1473 insti·

200 1497 357 1530 tuuntur?
403 1496 460 1528 So.
483 1494 536 1527 An
552 1504 652 1526 sermo
670 1493 728 1524 tibi
742 1493 867 1525 videtur
891 1503 929 1524 ea
950 1504 1031 1531 esse,
1055 1505 1127 1535 quae
1151 1505 1294 1527 sermone
1321 1495 1491 1528 dicuntur?
1516 1496 1564 1527 vel
1579 1496 1675 1533 visus,

201 1562 276 1595 quae
290 1550 458 1582 videntur?
483 1549 687 1592 velraudituS,
704 1559 774 1590 quae
790 1547 982 1579 audiuntur?
1006 1553 1062 1579 aut
1086 1549 1172 1579 aliud
1198 1559 1310 1586 sermo,
1337 1550 1423 1581 aliud
1447 1550 1675 1592 pronuntiata?

204 1605 290 1638 aliud
308 1605 402 1642 visus,
418 1604 504 1636 aliud
520 1604 608 1635 visa?
632 1607 664 1634 et
679 1602 805 1633 auditus
821 1602 973 1639 similiter,
988 1607 1083 1644 atque
1098 1603 1228 1634 audita?
1252 1613 1311 1636 nec
1327 1614 1391 1635 non
1406 1604 1455 1635 lex
1471 1603 1570 1642 aliud,
1586 1604 1674 1636 aliud

199 1661 272 1703 lege
286 1659 460 1691 mandata?
506 1657 611 1696 sicne,
638 1667 678 1688 an
702 1657 791 1688 aliter
815 1656 872 1687 tibi
889 1655 1035 1687 videtur?
1059 1657 1152 1689 ΜῐΝ.
1173 1657 1226 1689 Sic
1249 1658 1369 1700 utique.
1412 1658 1470 1691 So.
1493 1657 1570 1689 Non
1594 1668 1671 1701 ergo

203 1716 255 1748 lex
270 1719 328 1752 est,
344 1725 415 1757 quae
432 1714 501 1755 lege
523 1712 760 1755 praecipiuntur.
805 1711 897 1742 Mm.
920 1711 997 1742 Non
1012 1711 1147 1744 videtur.
1184 1712 1246 1748 χ80.
1270 1712 1357 1750 Quid
1383 1712 1490 1755 itaque
1504 1713 1544 1744 sit
1558 1713 1620 1751 lex,
1641 1713 1677 1745 in

204 1772 292 1803 hunc
307 1770 437 1801 modum
455 1768 701 1801 consideremus.
747 1766 781 1798 Si
798 1767 868 1808 quis
883 1767 923 1797 de
941 1767 988 1803 iis,
1005 1776 1076 1808 quae
1102 1768 1195 1798 modo
1220 1767 1367 1809 diximus,
1390 1771 1602 1809 percontetur,
1627 1767 1678 1799 di-

205 1835 292 1861 centi,
316 1822 412 1865 [314]
436 1822 610 1864 Postquam
624 1821 692 1852 visu
708 1820 856 1857 asseritis,
869 1830 941 1862 quae
956 1820 1115 1858 videntur,
1132 1821 1266 1863 percipi,
1281 1821 1356 1863 quid
1373 1826 1421 1853 est
1435 1821 1533 1863 visus,
1547 1831 1613 1863 quo
1622 1821 1679 1853 illa

203 1877 445 1922 percipiuntur?
470 1876 730 1918 responderemus
747 1875 868 1916 utique,
893 1875 970 1906 Esse
994 1884 1119 1906 sensum
1146 1875 1340 1917 hujusmodi,
1356 1875 1408 1918 qui
1429 1886 1484 1917 per
1498 1876 1608 1907 oculos
1621 1884 1677 1908 co·-

204 1933 287 1965 lores
311 1932 472 1963 declarat:
496 1935 529 1962 et
555 1930 596 1961 de
620 1929 732 1960 auditu
758 1929 974 1971 interroganti,
1000 1929 1145 1966 Sensum,
1169 1929 1224 1971 qui
1248 1939 1303 1971 per
1327 1939 1416 1960 aures
1439 1939 1534 1961 voces
1559 1930 1675 1963 haurit.

204 1986 390 2028 Eodemque
407 1990 502 2027 pacto
518 1985 544 2016 si
558 1990 659 2026 roget,
674 1984 846 2025 Postquam
863 1983 932 2025 lege
948 1983 1087 2025 legitima
1108 1984 1353 2021 constituuntur,
1369 1984 1446 2026 quid
1469 1990 1518 2015 est
1529 1983 1591 2023 lex,
1613 1994 1678 2028 qun

205 2041 269 2073 ista
283 2041 423 2083 legitima
439 2040 530 2076 fiunt,
552 2043 656 2070 utrum
684 2048 792 2069 sensus
818 2038 933 2080 aliquis
949 2038 998 2069 vel
1024 2038 1195 2070 declaratio
1210 2049 1219 2070 ε
1245 2039 1510 2081 quemadmodum
1525 2048 1597 2081 quae
1612 2039 1678 2072 dis-

206 2100 332 2132 cuntur,
358 2094 538 2126 declarante
562 2093 695 2125 scientia
719 2093 1049 2134 comprehenduntur:
1075 2098 1107 2125 et
1129 2093 1344 2131 inveniuntur,
1372 2093 1558 2125 inventione
1587 2103 1678 2125 mon-

205 2154 344 2182 strante:
365 2149 631 2192 quemadmodum
655 2147 792 2179 salubria
817 2152 850 2178 et
871 2147 966 2178 noxia
990 2147 1146 2179 medicina
1167 2153 1397 2179 monstrantur:
1436 2159 1507 2190 quae
1533 2158 1607 2180 vero
1632 2147 1681 2182 dii

198 2204 360 2246 'eogitann
377 2208 413 2234 ut
433 2207 521 2235 vates
536 2202 652 2240 serunt,
666 2201 833 2233 divinandi
849 2201 1000 2233 facultate
1022 2207 1205 2236 noscuntur.
1227 2203 1411 2234 vaticinium
1426 2213 1562 2245 namque
1577 2212 1678 2235 rerum

204 2259 316 2291 talium
340 2251 482 2290 inventio
501 2262 560 2289 est.
582 2266 624 2288 an
647 2257 736 2288 non?
782 2257 872 2288 Mm-
896 2257 1038 2290 Prorsus.
1081 2257 1136 2289 So.
1160 2257 1248 2295 Quid
1270 2258 1379 2289 horum
1395 2257 1554 2300 praecipue
1576 2258 1679 2300 legem

207 2322 279 2345 esse
302 2311 540 2355 praesumimus?
562 2311 748 2343 institutam
769 2311 830 2344 ista
853 2316 947 2354 atque
971 2313 1122 2344 decreta?
1167 2311 1260 2344 Mm.
1284 2312 1370 2343 Mihi
1391 2312 1519 2354 quidem
1542 2311 1677 2344 videtur.

205 2367 284 2410 quid
300 2367 384 2398 enim
400 2366 486 2398 aliud
502 2366 658 2409 quispiam
674 2367 774 2409 legem
788 2377 856 2399 esse
869 2366 1000 2398 dixerit?
1022 2378 1060 2398 ex
1072 2377 1135 2409 quo
1150 2371 1295 2409 apparet,
1309 2366 1342 2398 id
1359 2371 1471 2403 toturn,
1487 2366 1573 2409 quod
1587 2374 1678 2408 roga-

206 2421 277 2463 bas,
301 2421 404 2464 legem
427 2421 566 2453 civitatis
590 2420 767 2453 institutum
793 2432 872 2454 esse.
920 2410 974 2455 So'.
999 2421 1239 2464 Opinionemue
1266 2421 1403 2453 civitatis
1432 2421 1534 2464 legem
1557 2421 1677 2453 vocas?

208 2475 302 2508 Mur.
326 2476 495 2519 Equidem.
541 2476 597 2510 So.
619 2476 662 2507 Et
675 2477 755 2509 forte
767 2481 852 2509 recte
867 2477 1014 2520 loqueris.
1036 2477 1167 2508 forsitan
1182 2487 1256 2508 vero
1270 2476 1304 2508 in
1318 2477 1403 2508 bunc
1417 2476 1544 2508 modum
1565 2475 1678 2508 melius

207 2531 430 2573 intelligemus.
475 2530 611 2573 Aliquos
636 2532 796 2574 sapientes
818 2533 938 2565 vocas?
997 2532 1090 2564 Mm.
1128 2532 1231 2564 Voco.
1284 2532 1342 2564 So.
1374 2531 1493 2563 Nonne
1519 2531 1678 2577 sapientes

207 2585 365 2628 sapientia
380 2585 539 2627 sapientes
553 2587 650 2617 suut?
695 2587 788 2618 Mm.
811 2587 874 2620 Ita.
918 2587 975 2620 So.
997 2587 1040 2618 Et
1061 2586 1152 2629 justi,
1173 2586 1300 2628 justitia
1320 2586 1424 2629 justi?
1468 2586 1562 2618 Mm.
1584 2586 1678 2618 Pror-

168 2682 171 2687 (
206 2650 272 2673 sus.
317 2639 373 2672 So.
395 2640 479 2681 Ergo
505 2645 539 2671 et
567 2641 713 2683 legitimi,
739 2642 809 2684 lege
838 2641 994 2684 legitimi?
1038 2642 1131 2674 Mm.
1154 2641 1293 2684 Nempe.
1339 2641 1396 2674 So.
1422 2640 1531 2684 Iniqui
1557 2645 1678 2678 autem,

207 2694 376 2737 iniquitate
390 2693 519 2737 iniqui?
563 2695 657 2728 Mm.
680 2696 787 2729 Certe.
830 2696 883 2728 So.
907 2696 1055 2739 Legitimi
1070 2707 1142 2728 vcro
1159 2695 1262 2738 justi?
1310 2696 1402 2729 Mm.
1424 2695 1485 2730 Ita.
1530 2695 1587 2727 So.
1611 2695 1679 2727 Ini-

207 2749 265 2792 qui
280 2753 384 2780 autem
401 2748 535 2790 injusti?
580 2749 672 2783 Mm.
696 2750 824 2793 Injusti.
869 2751 926 2783 So.
950 2751 1002 2783 An
1017 2762 1079 2782 non
1094 2751 1337 2794 pulcherrimum
1353 2750 1503 2792 quiddam
1518 2749 1567 2782 lex
1581 2753 1678 2792 atque

205 2803 355 2846 justitia?
400 2803 492 2836 Mm.
515 2803 566 2836 Sic
583 2810 640 2836 est.
683 2805 741 2837 So,
761 2805 988 2847 Turpissimum
1005 2815 1080 2836 vero
1092 2805 1250 2847 injustitia
1266 2810 1360 2849 atque
1374 2803 1546 2846 iniquitas?
1582 2804 1677 2838 Min.

208 2858 448 2901 Turpissimum.
492 2858 549 2892 So.
572 2858 615 2890 Et
628 2859 708 2891 illud
723 2861 850 2903 quidem
865 2860 1010 2892 civitates
1034 2870 1072 2892 ac
1098 2860 1219 2903 reliqua
1242 2860 1348 2891 omnia
1367 2863 1480 2896 servat,
1494 2859 1555 2890 hoc
1571 2862 1677 2890 autem

209 2913 360 2957 pervertit
385 2918 480 2956 atque
505 2914 700 2956 corrumpit?
745 2915 838 2947 Mm.
862 2915 923 2948 lta.
968 2915 1024 2947 So.
1055 2915 1139 2958 Ergo
1164 2915 1266 2957 legem
1293 2917 1428 2957 oportet,
1450 2916 1486 2944 ut
1514 2912 1678 2955 pulchrum

211 2969 330 3012 aliquid
343 2968 495 3012 cogitare,
518 2973 551 3000 et
575 2974 610 3003 ut
624 2969 741 3002 bonum
757 2979 907 3012 quaererc.
952 2971 1045 3004 Min.
1069 2969 1217 3008 Quidni?
1260 2969 1314 3002 So.
1340 2966 1391 3001 An
1417 2978 1481 3000 non
1501 2967 1677 3001 institutum
