1846 3268
187 272 262 311 190
787 266 1052 307 PLATONIS
1133 325 1137 329 ι
1560 270 1674 322 [453-

193 378 347 410 Socratcs.
370 387 433 408 non
449 375 531 407 enim
548 385 596 406 ars
623 374 692 416 ejus
711 374 757 406 ad
781 374 946 406 maximum
970 374 1131 406 bominum
1156 376 1272 407 bonum
1297 379 1432 417 spectat,
1457 375 1550 406 immo
1575 381 1658 407 mea.

192 431 301 474 Atque
317 431 343 462 si
357 441 416 472 ego
433 431 472 461 ab
487 439 538 471 eo,
554 428 697 471 quisnam
715 427 756 459 sit
770 427 850 470 ipse,
867 427 1086 470 perquirerem,
1101 428 1220 461 diceret
1241 429 1331 466 forte.
1347 439 1415 461 esse
1438 440 1471 461 se
1487 428 1657 464 medicum.

195 486 284 523 Quid
305 485 351 516 ais
365 484 464 526 ergo?
486 494 526 514 an
543 489 604 514 tuae
619 482 693 513 artis
715 492 796 524 opus
816 482 982 513 maximum
1009 486 1058 514 est
1079 483 1219 517 bonurn?
1264 483 1409 521 Quidni?
1432 484 1659 526 responderet:

195 551 267 573 cum
282 550 363 581 opus
377 537 535 580 ejusmodi
558 536 675 568 sanitas
702 535 743 567 sit
755 547 765 575 ;
789 535 865 567 nihil
882 546 953 568 vero
979 536 1112 568 sanitate
1134 536 1174 568 sit
1189 537 1311 570 melius.
1356 537 1436 569 Post
1449 539 1517 570 hoec
1530 537 1661 570 forsitan

195 593 384 636 paedotribes
398 593 598 623 vehementer
612 589 756 622 admirari
772 600 805 621 se
815 590 945 627 diceret,
958 589 984 621 si
1002 594 1035 621 tu
1049 591 1215 623 ostendere
1231 601 1350 634 posses,
1365 591 1437 633 plus
1453 591 1528 624 boni
1541 591 1576 623 in
1591 596 1658 624 arte

198 655 253 680 tua
267 648 381 685 inesse,
397 656 491 689 quarn
506 646 574 688 ipse
588 645 620 676 in
643 655 710 677 sua.
734 654 770 676 ac
795 644 820 675 si
844 654 903 686 ego
930 654 1093 686 rogarem:
1117 644 1160 676 Et
1183 650 1216 677 tu
1240 646 1310 688 quis
1325 647 1383 677 es?
1407 646 1493 688 quod
1509 649 1598 678 tuum
1613 650 1662 678 est

200 702 303 744 opus?
348 701 545 734 Paedotribes
559 709 639 737 sum,
662 699 806 730 diceret:
830 703 876 730 est
903 703 1007 730 autem
1032 709 1112 741 opus
1139 710 1253 736 meum,
1275 710 1405 742 corpora
1424 700 1586 732 hominurn
1600 699 1663 732 for-

202 766 290 787 mosa
303 755 494 797 robustaque
508 753 650 786 reddere.
695 753 825 784 Deinde
840 763 913 784 vero
927 758 1115 791 nummator,
1131 759 1264 796 ceteros,
1283 759 1320 786 ut
1343 759 1435 796 puto,
1449 759 1667 792 contemnens,

203 811 248 842 sic
263 809 437 852 objiceret:
462 807 698 846 Animadverte,
714 818 733 839 o
758 808 913 846 Socrates,
937 818 977 840 an
1003 808 1171 850 quicquam
1194 808 1294 850 majus
1318 808 1375 840 tibi
1390 809 1534 840 videatur
1546 806 1665 842 bonum

200 876 295 907 quam
307 863 438 901 divitias,
454 862 502 894 vel
528 863 612 904 apud
641 861 803 904 Gorgiam,
819 861 869 893 vel
893 863 979 904 apud
1002 862 1098 893 alium
1124 862 1307 905 quemlibet.
1330 873 1390 905 ego
1415 862 1522 905 itaque
1536 863 1666 895 adeum

200 919 350 960 dicerem,
363 918 454 950 Tunc
469 927 542 959 ergo
557 916 638 949 tanti
662 917 738 948 boni
753 927 786 948 es
801 917 932 948 auctor?
979 917 1068 955 Sum,
1083 918 1296 959 responderet.
1340 917 1494 955 Quisnam
1513 927 1547 948 es
1570 917 1669 959 ergo?

199 973 389 1005 Nummator
402 982 482 1006 sum.
529 972 615 1010 Quid
633 971 730 1002 vero?
753 974 889 1012 putasne
910 980 1065 1002 summum
1091 971 1272 1003 hominibus
1299 972 1416 1002 bonum
1432 981 1500 1002 esse
1514 970 1666 1002 divitias?

203 1027 324 1066 Quidni
341 1027 471 1070 putem?
494 1026 628 1068 inquiet.
675 1025 744 1066 Ego
760 1035 832 1055 vero
852 1025 896 1056 ita
923 1024 1112 1066 subjiciam:
1137 1025 1200 1056 Hic
1225 1030 1328 1056 tamen
1345 1024 1480 1067 Gorgias
1503 1023 1671 1056 contendit

203 1086 299 1113 artem
315 1091 402 1112 suam
418 1079 545 1122 majoris
566 1079 641 1111 boni
657 1089 782 1110 causam
799 1088 879 1116 esse,
895 1088 989 1120 quam
1006 1083 1103 1111 tuam.
1149 1078 1283 1111 Constat
1305 1079 1415 1121 itaque
1428 1089 1500 1111 eum
1515 1083 1589 1121 post
1602 1079 1671 1111 baec

201 1137 475 1177 interrogatorum,
490 1133 651 1172 Quidnam
667 1133 751 1164 istud
765 1137 813 1164 est
828 1133 944 1163 bonum
959 1133 970 1162 ?
994 1133 1188 1165 demonstret
1201 1134 1304 1175 ipsum
1318 1132 1464 1175 Gorgias.
1507 1133 1674 1171 Quamob-

202 1201 266 1221 rem
283 1200 353 1232 age,
369 1189 413 1220 mi
429 1188 558 1231 Gorgia,
574 1187 659 1229 finge
669 1192 702 1218 te
712 1192 745 1218 et
756 1187 797 1217 ab
807 1186 869 1217 illis
880 1191 940 1218 eta
955 1197 1005 1218 me
1017 1186 1061 1218 sic
1074 1197 1143 1218 esse
1155 1187 1389 1229 interrogatum,
1398 1191 1494 1229 atque
1505 1187 1674 1230 responde,

203 1245 355 1287 quidnam
370 1250 419 1275 cst
433 1243 515 1274 istud
530 1242 616 1285 quod
631 1241 700 1283 ipse
716 1241 883 1272 maximum
899 1241 1077 1272 hominibus
1093 1241 1209 1272 bonum
1226 1251 1293 1273 esse
1308 1251 1429 1279 censes,
1445 1245 1541 1284 teque
1563 1246 1672 1273 aucto·

203 1310 268 1331 rem
283 1298 353 1340 ejus
368 1308 436 1329 esse
457 1296 621 1339 profiteris.
666 1295 760 1328 Gon.
783 1295 880 1332 Quod
903 1299 962 1332 est,
978 1306 998 1325 o
1024 1295 1180 1333 Socrates,
1196 1295 1361 1326 maximum
1377 1306 1482 1327 revera
1496 1295 1626 1334 bonum,
1640 1299 1676 1327 et

205 1363 310 1390 causa,
327 1357 361 1383 nt
375 1357 407 1383 et
419 1352 482 1393 ipsi
498 1351 586 1382 liberi
612 1351 707 1382 simus
722 1354 755 1381 et
780 1349 894 1381 ceteris
917 1347 950 1379 in
975 1354 1083 1380 nostra
1108 1350 1223 1391 passim
1249 1360 1281 1382 re
1306 1349 1436 1392 publica
1460 1349 1669 1382 dominemur.

204 1408 260 1439 So.
286 1407 373 1445 Quid
388 1417 463 1448 ergo
477 1406 562 1436 istud
578 1415 646 1437 esse
661 1404 763 1436 dicis?
809 1402 902 1435 Gon.
927 1403 1025 1434 Posse
1041 1403 1142 1434 verbis
1157 1404 1345 1446 persuadere
1361 1404 1439 1435 etin
1450 1403 1575 1446 judicio
1587 1402 1678 1446 judi-

204 1461 294 1494 cibus
309 1461 384 1493 etin
398 1459 532 1492 consilio
546 1459 783 1491 consulentibus
795 1462 828 1489 et
841 1457 874 1488 in
890 1457 1044 1490 concione
1060 1457 1323 1490 concionantibus
1338 1462 1433 1500 atque
1448 1458 1480 1490 in
1495 1458 1559 1490 alia
1571 1458 1679 1501 quali-

207 1518 261 1548 bet
275 1514 520 1557 congregatione
543 1514 639 1546 civili.
685 1513 706 1546 J
709 1524 758 1544 am
773 1523 847 1544 vero
872 1513 913 1544 ob
927 1511 1109 1554 hujusmodi
1126 1512 1308 1544 facultatem
1323 1513 1436 1544 serviet
1450 1512 1507 1544 tibi
1521 1512 1676 1552 medicus,

209 1571 323 1602 serviet
338 1569 526 1612 paedotribes
540 1580 548 1599 ι
573 1568 650 1611 quin
675 1567 770 1600 etiam
795 1567 864 1610 ipse
888 1571 1066 1598 nummator
1089 1577 1153 1598 non
1168 1567 1241 1609 sibi,
1256 1567 1311 1598 sed
1327 1567 1429 1610 alteri,
1443 1567 1476 1598 id
1492 1571 1540 1599 est
1554 1567 1613 1599 tibi
1627 1567 1678 1600 di·

209 1625 303 1657 cendi
329 1629 362 1655 et
378 1623 471 1664 vulgo
499 1622 711 1664 persuadendi
722 1622 783 1652 vim
812 1621 952 1663 habenti,
977 1621 1103 1652 divitias
1131 1632 1201 1652 suas
1225 1621 1432 1654 cumulavisse
1457 1622 1677 1664 comperietur.

208 1677 264 1710 So.
286 1678 383 1710 Nunc
398 1677 473 1708 mibi
489 1677 616 1717 videris,
631 1676 762 1718 Gorgia,
777 1686 871 1718 quam
887 1682 984 1707 artem
1005 1675 1133 1717 judicas
1159 1686 1226 1707 esse
1241 1676 1424 1708 rhetoricam
1451 1675 1550 1719 [463]
1571 1677 1678 1718 proxi·

210 1744 259 1765 me
275 1731 461 1764 ostendisse.
483 1742 520 1763 ac
536 1732 659 1762 sirecte
676 1730 828 1773 percipie,
845 1735 940 1762 artem
959 1730 1168 1772 persuasionis
1191 1730 1383 1762 effectricem
1409 1730 1456 1762 ais
1481 1741 1549 1763 csse
1572 1731 1678 1763 rheto-

210 1788 317 1826 ricam,
340 1785 473 1829 ejusque
497 1796 622 1817 omnem
643 1785 837 1827 diligentiam
853 1791 886 1817 et
901 1796 1051 1816 summam
1066 1785 1099 1816 in
1115 1786 1175 1816 hoc
1190 1785 1296 1816 finiri?
1342 1784 1395 1816 An
1422 1785 1591 1828 quicquam
1615 1796 1681 1818 am-

215 1842 301 1884 plius
317 1841 424 1878 habes,
440 1841 526 1882 quod
542 1840 583 1870 de
596 1839 670 1870 artis
684 1839 774 1870 istius
788 1840 933 1882 potentia
947 1840 1058 1871 referre
1077 1839 1188 1882 possis,
1203 1849 1296 1882 quam
1320 1845 1358 1871 ut
1380 1839 1610 1882 persuasionem
1626 1851 1683 1873 nu-

219 1895 375 1929 dientium
390 1894 502 1926 animis
517 1894 627 1925 afferat
643 1894 654 1924 ?
700 1893 792 1925 Gon.
818 1893 905 1925 Nihil
921 1894 1005 1925 aliud
1022 1894 1137 1931 habeo,
1153 1893 1308 1926 Socrates.
1331 1895 1387 1926 sed
1402 1893 1592 1926 sufficienter
1605 1894 1682 1926 mihi

216 1951 362 1983 definisse
374 1949 500 1980 videris.
521 1949 590 1979 brec
604 1947 687 1979 enim
703 1953 751 1979 est
764 1947 833 1990 ejus
846 1958 977 1980 summa.
1020 1947 1079 1979 So.
1104 1947 1204 1986 Audi,
1220 1959 1239 1979 o
1267 1947 1396 1990 Gorgia.
1419 1953 1539 1980 certnrn
1554 1948 1682 1987 habeto,

213 2006 239 2037 si
255 2005 325 2047 quis
340 2004 420 2036 alius
433 2014 505 2035 cum
521 2003 583 2034 alio
599 2003 751 2045 disputet,
767 2002 875 2033 volens
888 2002 920 2033 id
937 2002 1038 2043 ipsum
1055 2013 1145 2034 nosse
1161 2003 1202 2034 de
1218 2012 1280 2044 quo
1296 2002 1466 2040 disseritur,
1482 2013 1532 2035 me
1542 2013 1682 2046 quoque,

212 2066 249 2091 ut
263 2059 406 2090 mihimet
421 2057 607 2100 persuadeo,
618 2067 686 2088 esse
701 2056 806 2088 talem·
823 2055 938 2097 judico
951 2061 1055 2087 autem
1071 2056 1194 2094 merito,
1211 2061 1242 2088 te
1267 2067 1394 2099 quoque
1409 2050 1591 2098 hujusmodi
1605 2068 1684 2090 esse.

214 2115 304 2146 Gon.
327 2113 484 2151 Quorsum
499 2112 578 2153 haec,
595 2123 615 2143 o
629 2111 794 2142 Socrates?
839 2111 895 2143 So.
919 2110 1032 2143 Dicam
1048 2121 1144 2142 nunc.
1189 2109 1285 2142 Haud
1302 2116 1333 2142 te
1350 2111 1455 2148 lateat,
1472 2121 1522 2143 me
1535 2111 1686 2144 nonsatis

215 2173 323 2211 aperte
338 2177 539 2208 cognoscere,
554 2176 698 2208 quaennm
714 2165 765 2207 sit,
781 2165 935 2207 quibusve
950 2166 990 2196 de
1006 2166 1110 2207 rebus,
1125 2165 1284 2207 persuasio
1300 2165 1354 2197 illa
1369 2175 1461 2208 quam
1477 2165 1557 2198 dicis
1572 2176 1591 2198 a
1617 2167 1687 2198 rbe-

217 2223 315 2254 torica
327 2221 493 2264 proticisci.
516 2226 548 2252 et
562 2221 703 2263 quamvis
720 2221 872 2263 suspicer,
895 2230 989 2262 quam
1013 2225 1046 2252 et
1072 2220 1112 2252 de
1136 2220 1250 2262 quibus
1266 2220 1332 2262 ipse
1348 2221 1425 2252 velis
1439 2220 1556 2258 dicere,
1570 2220 1689 2253 nibilo-

216 2278 319 2308 minus
333 2277 435 2308 abste
451 2275 617 2318 requiram,
643 2286 736 2317 quarn
763 2275 850 2306 dicas
865 2275 1100 2317 persuasionem
1115 2280 1149 2306 et
1173 2275 1286 2316 quibus
1311 2275 1352 2306 de
1374 2275 1465 2306 rebus
1490 2285 1509 2306 a
1534 2275 1688 2309 rhetorica

218 2331 296 2362 fieri.
320 2331 374 2362 sed
392 2341 485 2372 quam
502 2330 542 2361 ob
557 2340 696 2366 causam,
719 2340 791 2361 cum
816 2328 883 2370 jam
899 2329 967 2371 ipse
983 2329 1134 2370 suspicer,
1152 2328 1360 2360 nihilominus
1375 2339 1393 2359 a
1410 2333 1441 2360 te
1457 2333 1562 2371 petam
1582 2329 1688 2371 potius

218 2395 312 2427 quam
328 2385 395 2426 ipse
409 2384 579 2425 exprimam
594 2384 605 2415 ?
630 2384 771 2425 profecto
786 2394 850 2414 non
867 2383 912 2414 tui
927 2393 1034 2419 causa,
1046 2382 1102 2414 sed
1118 2382 1268 2414 sermonis
1285 2382 1383 2424 ipsius
1401 2394 1410 2422 ;
1433 2393 1496 2425 quo
1511 2382 1557 2414 ita
1579 2393 1689 2426 proee-

220 2439 286 2475 dat,
304 2444 337 2470 ut
353 2438 486 2469 maxime
502 2438 592 2469 nobis
606 2437 640 2469 id
656 2438 696 2470 de
713 2449 776 2480 quo
793 2438 906 2480 agitur,
922 2437 1072 2479 explicet.
1118 2435 1260 2468 Attendc
1276 2436 1382 2478 igitur,
1395 2447 1469 2468 num
1486 2435 1573 2479 juste
1587 2447 1691 2470 rursus

220 2493 408 2534 interrogare
424 2496 455 2523 te
471 2492 587 2525 videar.
631 2492 742 2524 Veluti
761 2492 785 2523 si
803 2496 1004 2534 percontatus
1019 2502 1130 2527 essem,
1148 2491 1292 2532 quisnam
1315 2491 1469 2533 pictorum
1492 2491 1534 2523 sit
1557 2491 1691 2524 Zeuxis:

222 2553 319 2589 tuque
344 2546 569 2589 respondisses,
593 2546 739 2578 animalia
764 2547 919 2588 pingens:
954 2556 1060 2576 nonne
1082 2545 1169 2587 juste
1196 2549 1346 2586 peterem,
1370 2545 1475 2587 qualia
1496 2545 1692 2588 potissimum

224 2601 371 2633 animalia
395 2606 428 2632 et
452 2611 516 2642 quo
549 2606 641 2642 pacto
667 2601 831 2643 pingens?
876 2599 967 2632 Gon.
989 2600 1082 2632 Juste
1108 2600 1290 2631 admodum.
1336 2599 1393 2631 So.
1417 2599 1502 2631 Num
1527 2605 1694 2643 propterea

225 2655 300 2697 quia
314 2660 346 2686 et
361 2654 414 2686 alii
427 2660 500 2685 sunt
515 2655 661 2696 pictores,
677 2655 739 2686 alia
764 2654 906 2686 similiter
930 2654 1078 2685 animalia
1103 2653 1202 2684 multa
1217 2653 1382 2695 pingentes
1395 2653 1407 2685 ?
1451 2653 1543 2686 Gon.
1565 2653 1619 2686 Ob
1633 2655 1694 2687 lroe

224 2709 338 2751 ipsum.
383 2708 438 2741 So.
462 2708 558 2745 Quod
586 2709 610 2739 si
636 2708 715 2740 alins
740 2709 844 2739 nullus
872 2712 984 2750 praeter
1009 2707 1136 2739 Zeuxim
1163 2707 1317 2749 pingeret,
1342 2713 1426 2739 recte
1443 2706 1551 2751 utique
1565 2717 1696 2750 respon·

225 2763 335 2795 disses.
379 2761 469 2793 Gon.
493 2762 640 2798 Quidni?
685 2763 741 2794 So.
765 2762 848 2805 Age,
868 2762 935 2804 jam
965 2766 998 2793 et
1024 2762 1065 2793 de
1088 2762 1242 2793 rhetorica
1269 2762 1367 2800 dicas,
1399 2766 1500 2793 utrum
1534 2761 1602 2793 solt
1624 2762 1693 2794 hee

229 2817 371 2848 videatur
388 2817 587 2858 persuadere,
601 2827 641 2848 an
658 2818 726 2848 nliae
743 2828 870 2860 quoque
897 2822 988 2848 artes.
1031 2816 1108 2848 Tale
1124 2827 1196 2848 vero
1220 2816 1338 2859 aliquid
1364 2816 1458 2848 dico:
1481 2816 1622 2859 quisquis
1637 2816 1695 2849 aii·

229 2871 307 2915 quid
323 2872 428 2908 docet,
444 2875 546 2902 utrum
563 2872 647 2913 quod
665 2872 759 2904 docet
773 2872 868 2903 etiam
885 2871 1064 2914 persuadet,
1076 2871 1200 2902 necne?
1244 2870 1337 2902 Gon.
1359 2870 1532 2902 persuadet
1541 2869 1695 2912 profecto.

232 2927 289 2959 So.
313 2925 435 2956 Rursus
451 2930 554 2956 autem
571 2925 602 2956 in
619 2926 735 2957 eisdem
753 2926 882 2964 artibus,
896 2936 975 2968 quas
991 2925 1085 2967 paulo
1101 2930 1174 2956 ante
1189 2924 1518 2962 commemorabamus,
1532 2924 1579 2955 ita
1592 2924 1695 2957 consi-

233 2981 386 3012 dercmus.
431 2978 636 3013 Aritlnnctica
651 2991 755 3013 nonne
771 2981 865 3012 docet
881 2991 938 3012 nos
951 2990 1148 3022 quaecunque
1162 2980 1202 3011 ad
1220 2989 1380 3011 numerum
1397 2978 1566 3021 pertinent,
1590 2978 1697 3012 Arith-
