1846 3268
226 262 320 314 los]
851 263 1067 303 PHAEDO.
1603 274 1680 320 45⁷
1728 286 1731 288 >

217 363 288 398 ita?
333 365 394 398 Cn.
418 364 557 397 Prorsus.
602 364 660 396 So.
681 363 753 397 Jam
770 375 841 403 vero
857 366 897 396 de
920 366 1096 404 immortali,
1112 366 1136 398 si
1152 367 1242 399 nobis
1256 367 1290 399 id
1307 374 1440 408 constat,
1457 372 1539 412 quod
1556 376 1603 404 est
1617 372 1676 403 im-

217 418 359 456 mortale,
373 429 441 451 esse
455 419 550 450 etiarn
565 418 785 460 imperdibile-3
809 429 1004 462 consequens
1025 425 1085 458 est,
1100 421 1234 452 animam
1257 427 1367 463 praeter
1389 423 1433 460 id,
1457 426 1542 466 quod
1558 431 1606 457 est
1618 426 1678 456 im-

217 473 367 510 mortalis,
380 472 606 515 imperdibilem
621 482 747 515 quoque
763 483 842 504 esse.
865 473 913 504 sin
928 484 1000 504 vero
1018 474 1118 505 minus
1129 474 1161 505 id
1177 476 1380 513 concedatur,
1396 477 1514 509 ratione
1526 479 1588 509 alia
1595 489 1675 519 opus
1718 478 1723 488 '

216 525 286 558 erit.
331 526 394 558 Cn.
414 526 476 558 Sed
492 526 570 557 nihil
586 537 666 568 opus
681 531 740 565 est,
755 532 905 569 quantum
921 528 961 558 ad
977 527 1008 558 id
1025 532 1159 569 spectat,
1175 528 1237 559 alia
1251 531 1384 561 ratione.
1407 530 1567 572 Siquidem
1582 531 1676 572 quid-

216 590 290 611 nam
304 580 390 611 aliud
404 579 622 612 indissolubile
648 585 755 623 posset
769 591 847 619 esse,
864 580 888 611 si
904 580 1076 613 immortale
1091 582 1192 623 ipsum
1209 587 1242 613 et
1255 583 1476 624 sempiternum
1492 583 1676 615 dissolvere-

217 633 290 664 tur?
334 633 392 664 So.
415 632 520 664 Deum
534 644 607 665 vero
622 639 656 666 et
669 634 768 675 ipsam
783 634 856 665 vitae
871 633 1021 675 speciem,
1036 639 1069 666 et
1082 635 1107 665 si
1123 634 1200 676 quid
1215 635 1301 667 aliud
1317 642 1364 668 est
1377 637 1562 674 immortale,
1578 637 1676 668 indis-

214 685 349 718 solubile
363 697 489 729 quoque
504 698 572 719 esse
586 698 695 719 omnes
710 687 942 719 confiterentur.
988 687 1048 719 ΟΕ.
1070 688 1228 729 Universi,
1245 700 1299 730 per
1319 689 1445 732 Jovem,
1468 690 1621 729 homines,
1644 695 1678 722 et

217 740 316 771 multo
332 741 429 782 magis
445 741 519 783 ipsi,
533 746 570 772 ut
585 741 725 779 arbitror,
741 741 796 773 dii.
842 741 899 773 So.
924 741 1004 773 Cum
1019 742 1124 783 igitur,
1147 743 1232 784 quod
1248 743 1421 774 immortale
1443 748 1502 781 est,
1517 744 1610 775 etiam
1625 743 1675 775 in-

215 794 416 836 corruptibile
442 794 493 832 sit,
518 795 670 837 quidnam
697 795 842 837 prohibet
866 794 1013 832 animam,
1038 795 1065 826 si
1091 795 1183 827 fuerit
1204 795 1396 839 immortalis,
1411 797 1677 839 incorruptibilem

215 857 341 891 quoque
355 848 445 880 fore?
483 848 544 881 Cr:-
566 847 752 880 Necessario
764 849 914 891 sequitur.
946 849 1004 881 So.
1028 848 1215 881 Imminente
1230 850 1323 892 igitur
1339 851 1457 881 homini
1472 852 1676 893 morte,quod

214 902 344 934 mortale
358 902 485 944 quidem
509 902 543 934 in
564 913 602 934 eo
626 908 686 941 est,
708 902 836 935 interit:
862 904 946 945 quod
972 913 1042 934 vero
1068 903 1254 945 immortale,
1277 903 1490 946 incorruptum
1506 914 1674 945 sospesque

214 955 308 987 morti
322 965 355 986 se
380 956 543 988 subtrahit.
589 955 651 988 Ca.
674 956 881 988 Manifestum
897 962 955 988 est.
998 957 1053 989 So.
1076 956 1189 999 Itaque
1212 957 1343 989 maxime
1358 958 1508 995 omnium,
1524 968 1543 988 o
1560 957 1676 994 Cebes,

215 1008 321 1040 anima
344 1009 526 1041 immortalis
560 1008 657 1052 [10⁷]
681 1010 988 1055 incorruptibilisque
1016 1015 1063 1042 est
1077 1021 1087 1050 ;
1124 1016 1275 1053 eruntque
1305 1012 1391 1053 apud
1421 1021 1527 1043 manes
1563 1011 1674 1042 animae

216 1066 341 1094 nostrae.
385 1063 446 1096 Cr:-
468 1062 559 1095 Nihil
574 1064 731 1106 equidem,
755 1075 774 1095 o
799 1064 952 1101 Socrates,
968 1065 1114 1096 adversus
1136 1066 1203 1097 haec
1225 1065 1338 1103 habeo,
1353 1075 1415 1106 quo
1431 1064 1533 1096 minus
1547 1065 1677 1096 rationi-

216 1117 276 1148 bus
290 1117 351 1149 tuis
365 1116 527 1150 assentiar.
573 1117 689 1150 Verum
704 1119 730 1150 si
745 1118 821 1160 quid
838 1123 893 1150 aut
906 1119 957 1150 hic
973 1118 1117 1150 Simmias
1133 1124 1187 1150 aut
1201 1119 1279 1150 alius
1293 1118 1455 1161 quisquam
1467 1119 1573 1160 habet,
1588 1118 1677 1160 quod

215 1171 313 1209 dicat,
327 1181 432 1213 operae
454 1172 591 1214 pretium
613 1173 707 1204 fuerit
728 1183 792 1204 non
817 1173 949 1205 siluisse.
970 1173 1076 1205 nescio
1098 1173 1195 1214 enim,
1217 1174 1250 1206 in
1265 1174 1351 1215 quod
1367 1173 1450 1204 aliud
1467 1172 1538 1214 quis
1552 1171 1678 1204 differat

216 1229 351 1267 tempus,
368 1225 395 1256 si
416 1226 494 1268 quid
517 1226 558 1258 de
579 1226 670 1258 rebus
695 1226 853 1269 ejusmodi
875 1226 924 1258 vel
948 1227 1052 1259 dicere
1074 1227 1123 1258 vel
1139 1227 1246 1258 audire
1260 1226 1427 1258 desideret.
1473 1225 1552 1257 Sm.
1575 1224 1677 1267 Atqui

215 1288 275 1310 nec
289 1289 349 1320 ego
363 1279 465 1311 habeo
480 1280 661 1322 quicquam,
676 1290 739 1322 quo
755 1280 859 1311 minus
870 1279 1081 1322 superioribus
1092 1280 1240 1311 assentiar
1248 1280 1431 1312 rationibus.
1454 1279 1678 1323 Verumtamen

216 1332 260 1364 rei
274 1332 383 1374 ipsius,
409 1343 473 1376 qua
494 1334 534 1366 de
557 1334 671 1376 agitur,
695 1334 945 1376 magnitudinem
970 1339 1003 1366 et
1024 1335 1189 1366 humanam
1206 1334 1449 1366 imbecillitatem
1463 1333 1677 1370 considerans,

215 1397 311 1428 cogor
326 1386 406 1418 intra
420 1397 471 1418 me
492 1386 584 1419 dictis
605 1387 747 1419 nondum
768 1387 977 1430 acquiescere.
1020 1388 1077 1420 So.
1101 1386 1283 1425 Quinimmo
1305 1392 1338 1418 et
1359 1388 1426 1419 haec
1449 1387 1529 1418 bene
1543 1386 1633 1423 dicis,
1657 1395 1676 1416 o

214 1439 353 1478 Simmia,
368 1445 401 1472 et
414 1440 587 1483 positiones
602 1440 720 1483 primae,
736 1439 876 1481 quamvis
891 1440 955 1471 fide
969 1440 1057 1471 vobis
1072 1440 1176 1482 dignae
1188 1440 1362 1477 videantur,
1371 1440 1554 1481 diligentius
1570 1444 1677 1470 tamen.

213 1493 474 1525 considerandae:
497 1499 592 1536 atque
607 1494 634 1525 si
647 1493 718 1526 illas
740 1493 941 1535 sufficienter,
965 1498 999 1524 ut
1012 1493 1151 1532 arbitror,
1174 1494 1383 1535 susceperitis,
1405 1494 1487 1525 hanc
1501 1491 1677 1534 sequemini

214 1546 379 1585 rationem,
394 1552 546 1590 quantum
561 1548 628 1579 fieri
651 1547 691 1578 ab
706 1548 832 1578 homine
856 1551 970 1588 potest.
998 1548 1083 1589 quod
1106 1547 1133 1578 si
1157 1548 1216 1578 hoc
1238 1547 1340 1588 ipsum
1356 1547 1449 1578 fuerit
1463 1546 1673 1581 manifestum,

216 1599 296 1632 nihil
308 1600 438 1632 ulterius
453 1600 650 1643 perquiretis.
695 1601 775 1632 Sur.
798 1600 882 1632 Vera
897 1600 1042 1642 loqueris.
1087 1600 1142 1632 So.
1167 1600 1470 1642 Hocautem‚oviri‚
1480 1599 1600 1641 justum
1615 1604 1674 1634 est.

217 1654 367 1696 cogitare.
380 1654 407 1686 si
422 1654 527 1686 anima
548 1654 589 1685 sit
613 1653 808 1695 immortalis,
831 1664 899 1685 eam
922 1665 987 1685 non
1011 1654 1111 1686 solum
1135 1654 1280 1695 temporis
1306 1653 1410 1695 hujus,
1433 1654 1467 1685 in
1488 1664 1551 1695 quo
1571 1653 1675 1684 vivere

216 1707 363 1746 dicimur,
377 1718 484 1739 verum
499 1708 593 1740 etiarn
608 1707 743 1739 universi
757 1708 856 1749 gratia
870 1708 1030 1740 curatione
1044 1707 1210 1750 plurimum
1224 1707 1376 1750 indigere.
1400 1718 1472 1739 nam
1487 1717 1578 1748 grave
1595 1707 1675 1749 peri-

218 1761 325 1792 culum
339 1761 406 1794 fore
421 1762 596 1804 putandum
611 1766 670 1799 est,
696 1761 722 1794 si
746 1761 815 1804 quis
842 1762 1012 1803 neglexerit
1025 1762 1172 1795 animam.
1217 1762 1251 1793 Si
1267 1762 1350 1793 enim
1372 1772 1451 1793 mors
1466 1761 1561 1792 totius
1576 1761 1676 1792 disso-

217 1814 296 1846 lutio
310 1820 404 1852 esset,
418 1815 562 1846 nimirum
585 1813 719 1857 improbi
733 1815 934 1851 lucrarentur,
962 1826 1032 1846 cum
1055 1820 1088 1846 et
1110 1826 1129 1846 a
1143 1826 1272 1857 corpore
1294 1821 1326 1847 et
1341 1816 1380 1847 ab
1402 1826 1508 1846 eorum
1523 1813 1676 1856 pravitate

216 1879 289 1900 cum
318 1868 422 1900 anima
445 1869 657 1902 liberarentur.
700 1868 734 1900 N
736 1879 797 1900 unc
826 1873 943 1906 autem,
973 1879 1044 1901 cum
1071 1869 1174 1900 anima
1201 1869 1382 1900 immortalis
1406 1873 1567 1910 appareat,
1589 1867 1677 1898 nulla

216 1927 358 1964 superest
372 1922 522 1954 malorum
537 1922 721 1961 declinatio,
736 1923 823 1954 nulla
840 1923 934 1964 salus,
949 1923 1008 1955 nisi
1023 1928 1058 1954 ut
1070 1923 1189 1965 optima
1200 1927 1233 1954 et
1245 1922 1485 1964 prudentissima
1497 1922 1561 1954 fiat.
1584 1920 1675 1952 Nihil

215 1975 300 2007 enim
316 1975 414 2014 aliud,
430 1986 501 2007 cum
516 1976 629 2018 migrat
643 1976 684 2007 ad
700 1987 807 2008 manes
821 1976 935 2013 anima,
952 1987 1057 2008 secum
1073 1977 1216 2008 transfert
1230 1981 1340 2018 praeter
1361 1975 1566 2008 eruditionem
1581 1979 1677 2016 atque

213 2028 446 2061 educationem.
468 2039 539 2072 quae
554 2030 682 2072 quidem
696 2030 800 2063 statim
815 2030 849 2062 in
872 2030 1026 2073 principio
1049 2030 1325 2072 transmigrationis
1341 2030 1423 2062 illius
1438 2029 1602 2072 plurimum
1626 2028 1676 2060 vel

217 2083 366 2125 prodesse
382 2083 428 2115 vel
445 2084 554 2116 obesse
580 2084 740 2118 dicuntur.
783 2084 902 2116 Ferunt
924 2084 1020 2126 enim,
1042 2084 1215 2126 quemlibet
1236 2084 1310 2116 hino
1325 2084 1399 2115 illuc
1418 2084 1618 2125 emigrantem
1635 2083 1674 2113 ab

217 2147 257 2168 eo
273 2137 429 2175 daemone,
444 2139 529 2179 quod
547 2138 703 2170 viventem
729 2138 854 2170 sortitus
876 2139 987 2176 fuerat,
1011 2139 1044 2170 in
1066 2138 1168 2171 locum
1193 2139 1351 2180 quendam
1366 2138 1451 2179 duci,
1466 2138 1519 2168 nbi
1534 2141 1678 2178 oporteat

219 2200 327 2222 omnes
343 2201 406 2222 una
420 2191 569 2223 collectos
579 2191 729 2234 judicari,
749 2202 787 2223 ac
802 2191 918 2223 deinde
943 2192 982 2223 ad
1006 2192 1121 2223 inferos
1137 2191 1294 2234 proficisci
1312 2201 1356 2225 >eo
1371 2191 1464 2228 duce,
1479 2190 1531 2222 cui
1547 2190 1675 2220 manda-

219 2249 285 2275 tum
300 2250 377 2283 erat,
394 2249 428 2276 ut
443 2245 516 2277 hinc
531 2246 722 2277 decedentes
733 2246 774 2277 ad
789 2246 842 2277 illa
856 2246 925 2277 loca
940 2246 1093 2278 traducat.
1115 2245 1237 2277 sortitos
1253 2255 1325 2276 vero
1336 2244 1411 2282 illic,
1428 2255 1498 2286 quae
1513 2244 1679 2285 oportebat.

220 2298 334 2339 sortiri,
360 2304 545 2340 tempusque
572 2299 713 2331 debitum
736 2305 954 2341 commoratos,
977 2300 1016 2330 ab
1039 2299 1101 2330 alio
1124 2300 1259 2341 quodam
1283 2299 1364 2330 duce
1379 2309 1480 2329 rursus
1495 2298 1556 2329 huc
1571 2297 1677 2329 reduci

220 2356 294 2393 post
319 2352 431 2383 multos
457 2352 604 2394 temporis
628 2353 802 2396 longosque
829 2352 985 2386 circuitus.
1032 2353 1088 2384 Est
1115 2358 1218 2384 autem
1244 2352 1302 2384 iter
1327 2362 1391 2383 non
1417 2352 1491 2389 tale,
1515 2352 1606 2393 quale
1632 2352 1678 2382 ait

218 2404 377 2447 Telephus
389 2407 475 2448 apud
490 2406 690 2449 AEschylum.
714 2407 768 2438 ille
795 2407 950 2449 siquidem
975 2406 1073 2448 [108]
1097 2406 1270 2449 simplicem
1287 2406 1388 2448 inquit
1411 2405 1492 2436 viam
1508 2405 1547 2436 ad
1563 2404 1677 2435 inferos

218 2459 309 2491 serre.
354 2459 423 2501 Ego
439 2470 511 2492 vero
525 2470 628 2503 neque
643 2461 815 2503 simplicem
831 2472 934 2503 neque
950 2471 1042 2492 unam
1058 2472 1125 2492 esse
1141 2465 1229 2503 puto.
1274 2459 1426 2501 Alioquin
1437 2458 1531 2489 nullis
1546 2457 1678 2489 ducibus

221 2523 302 2554 opus
316 2517 420 2544 esset:
446 2513 565 2556 quippe
591 2525 662 2547 cum
684 2515 779 2547 unica
794 2515 844 2546 via
866 2511 1009 2547 aberrare
1021 2515 1120 2557 possit
1135 2525 1237 2546 nemo.
1282 2513 1465 2551 Quinimmo
1490 2512 1603 2543 multos
1617 2516 1676 2542 tra-

220 2566 312 2597 mites
327 2566 503 2609 multosque
519 2567 675 2600 anfractus
691 2569 816 2603 habere.
839 2570 924 2611 quod
949 2570 1077 2611 quidem
1099 2580 1136 2600 ex
1151 2567 1307 2600 sacrificiis
1328 2572 1360 2598 et
1372 2567 1480 2598 ritibus
1502 2566 1678 2607 conjectare

221 2617 307 2650 licet.
353 2619 489 2652 Animus
503 2631 576 2663 ergo
602 2623 782 2654 moderatus
795 2628 828 2654 et
850 2623 986 2665 prudens
1002 2623 1115 2654 ducem
1139 2627 1250 2664 sponte
1265 2621 1415 2664 sequitur,
1430 2631 1532 2661 neque
1556 2620 1678 2661 ignorat

222 2672 398 2712 praesentia.
422 2673 478 2704 sed
494 2674 550 2715 qui
564 2674 738 2716 cupiditate
753 2676 889 2717 corporis
904 2681 951 2707 est
974 2676 1121 2718 infectus,
1145 2675 1407 2717 quemadmodum
1423 2684 1515 2714 supra
1530 2673 1604 2710 dixi,
1622 2682 1677 2713 pet

223 2724 356 2755 multum
373 2731 496 2767 tempus
512 2727 551 2758 ad
567 2727 671 2769 ipsum
693 2729 837 2760 ardenter
851 2729 983 2761 afficitur
993 2740 1003 2768 ;
1026 2734 1059 2760 et
1081 2729 1160 2760 circa
1177 2729 1278 2759 locum
1295 2727 1445 2758 visibilem
1462 2726 1563 2756 multis
1578 2725 1678 2756 reluc-

223 2781 306 2808 tatus
322 2778 422 2810 modis
437 2779 597 2822 multaque
612 2791 778 2824 perpessus
792 2782 844 2813 vix
859 2783 985 2814 tandem
1002 2783 1040 2813 ab
1056 2792 1094 2813 eo
1111 2782 1274 2813 abducitur
1289 2782 1441 2817 daemone,
1458 2780 1507 2810 cui
1522 2779 1589 2819 ejus
1605 2788 1678 2809 cura

222 2835 290 2862 erat
303 2830 457 2872 injuncta.
501 2833 582 2866 Cum
598 2844 670 2866 vero
685 2835 726 2866 ad
752 2845 790 2866 ea
806 2835 886 2872 loca,
901 2836 956 2867 ubi
970 2835 1024 2866 alii
1039 2845 1164 2877 quoque
1179 2835 1274 2867 animi
1289 2839 1372 2871 sunt,
1396 2832 1579 2874 pervenerit,
1595 2831 1679 2872 quis-

225 2883 296 2926 quis
311 2885 480 2917 admodum
496 2886 674 2919 immundus
688 2893 735 2919 est
750 2893 782 2920 et
795 2888 975 2930 hujusmodi
990 2889 1142 2921 obnoxius
1158 2889 1290 2925 crimini,
1306 2887 1359 2929 qui
1370 2886 1416 2917 vel
1427 2885 1550 2927 injustis
1560 2895 1591 2915 se
1602 2895 1677 2916 con-

225 2937 420 2969 taminaverit
434 2940 583 2981 caedibus,
601 2941 649 2974 vel
665 2941 727 2975 alia
736 2942 783 2975 his
799 2942 911 2975 similia
924 2942 1132 2986 similiumque
1146 2943 1317 2975 animorum
1329 2950 1422 2982 opera
1437 2938 1678 2981 perpetraverit5

328 2990 416 3027 l’lue.
443 2994 496 3027 Tr.
971 2997 1000 3029 Ι.
1515 2995 1533 3023 3
1558 2992 1596 3022 M
