1846 3268
177 299 275 350 303]
734 297 1122 340 EUTHYDEMUS.
1566 302 1646 342 305

172 403 278 436 diendl
295 402 443 435 aviditate
461 401 601 444 protinus
617 401 838 440 inflammatus,
848 403 984 435 Prorsus
999 404 1042 435 ita
1053 409 1112 442 est,
1124 404 1263 446 inquam.
1288 403 1360 436 talia
1372 414 1484 446 nempe
1495 406 1641 446 qnaedam

171 469 240 490 mea
255 463 338 489 sunt.
374 457 524 498 Nunquid
541 456 688 487 animalia
702 457 844 488 nominas
861 457 914 488 illa
928 468 1000 499 quae
1016 458 1149 490 animam
1165 458 1281 490 habent
1295 458 1307 489 ?
1329 458 1390 489 Illa
1403 458 1486 501 ipsa.
1515 457 1636 491 Fateris

170 512 265 554 igitur
278 523 316 542 ex
332 510 516 542 animalibus
531 510 585 541 illa
599 510 761 541 dumtaxat
776 521 843 542 esse
855 515 920 549 tua,
937 511 1019 543 circa
1033 523 1103 554 quae
1119 517 1209 553 potes
1223 513 1292 544 haec
1307 511 1412 543 omnia
1425 512 1541 549 facere,
1563 523 1636 554 quae

172 567 268 598 modo
283 565 424 598 dicebam
439 565 450 595 ?
474 564 598 597 Fateor.
621 564 684 596 Hic
701 564 753 596 ille
768 565 885 596 ironice
901 566 1070 597 admodum
1086 567 1223 607 seipsum
1241 566 1371 608 recepit,
1387 565 1475 608 quasi
1491 576 1639 608 magnum

171 619 318 662 quiddam
335 619 601 660 contemplaturus
615 630 623 649 :
647 619 762 651 deinde
778 619 834 657 ait,
849 619 911 651 Die
927 630 985 661 age
1001 619 1087 657 mihi,
1102 630 1121 650 o
1142 620 1296 657 Socrates,
1311 625 1400 652 estne
1415 620 1472 652 tibi
1487 620 1508 652 J
1510 620 1643 663 uppiter

169 673 288 716 patrius
299 674 321 704 ἲ·
334 673 432 716 Atqui
448 684 506 715 ego
519 673 698 714 suspicatus
714 683 752 705 eo
776 678 994 715 perventurum
1017 684 1084 705 esse
1099 683 1271 705 sermonem
1288 684 1350 716 quo
1365 674 1506 715 devenit,
1528 679 1561 706 et
1583 685 1643 717 per

169 727 347 770 ambiguum
362 727 520 769 quoddam
537 727 755 758 diverticulum
777 728 938 765 secedens,
958 732 1022 759 rete
1039 726 1210 769 implicitus
1231 738 1282 759 me
1297 728 1454 769 convolvi,
1471 728 1640 770 respondi-

169 792 243 824 qne,
267 781 344 812 Non
366 786 426 823 est,
450 791 469 812 o
494 781 731 823 Dionysodore.
775 781 887 819 Miser,
912 781 1028 824 inquit,
1054 782 1148 812 homo
1170 792 1215 819 es,
1235 792 1340 824 neque
1352 781 1568 823 Atheniensis,
1583 782 1637 814 cui

170 846 273 878 neque
286 835 332 867 dii
347 835 437 877 patrii
452 841 526 866 sunt
540 845 642 877 neque
657 845 743 866 sacra
757 845 859 876 neque
875 835 961 866 aliud
983 835 1151 877 quicquam
1175 835 1356 877 praeclarum
1380 840 1474 877 atque
1491 835 1636 877 magnifi-

169 901 257 923 cum.
298 890 404 927 Mitte,
418 890 560 932 inquam,
575 889 646 931 ista,
663 889 897 932 Dionysodore,
911 900 952 921 ne
979 889 1058 921 male
1074 889 1233 931 omineris,
1247 900 1351 932 neque
1372 890 1486 921 acriter
1496 889 1638 921 erudias.

172 943 254 977 Sunt
267 944 382 976 etenim
398 943 474 975 mihi
488 948 520 975 et
535 953 595 975 arae
610 948 642 975 et
657 953 742 975 sacra
757 942 928 975 domestica
943 943 1117 985 patriaque,
1132 947 1165 974 et
1179 943 1252 984 alia,
1268 953 1464 986 quaecunque
1478 942 1512 974 id
1534 953 1633 985 genus

172 997 416 1030 Atheniensibus
431 998 557 1029 adsunt.
601 997 732 1035 Ceteris,
746 997 861 1039 inquit,
885 997 1133 1028 Atheniensibus
1146 1002 1193 1028 est
1208 997 1326 1039 patrius
1340 998 1362 1030 J
1365 997 1510 1039 uppiter?
1555 996 1587 1028 N
1591 1007 1634 1028 on

171 1056 232 1093 est,
255 1052 394 1094 inquam,
418 1052 502 1093 apud
528 1051 622 1082 Ionas
645 1040 985 1093 talis'cognominatio,
1010 1061 1113 1093 neque
1139 1051 1224 1093 apud
1250 1062 1316 1089 eos,
1342 1051 1397 1094 qui
1420 1052 1478 1082 hac
1501 1062 1540 1082 ex
1562 1051 1643 1082 urbe

174 1110 349 1142 manarunt,
365 1116 469 1147 neque
484 1106 568 1147 apud
584 1115 641 1136 nos
656 1116 663 1136 ι
687 1105 742 1136 sed
757 1104 875 1147 Apollo
891 1104 1008 1146 patrius
1024 1110 1150 1147 propter
1174 1105 1261 1137 Ionis
1284 1106 1470 1147 genituram.
1491 1104 1642 1147 Juppiter

173 1165 276 1192 autem
293 1161 384 1191 nobis
400 1159 516 1202 patrius
532 1170 595 1191 non
611 1164 750 1196 vocatur,
766 1163 925 1202 protector
939 1159 1023 1191 urbis
1040 1164 1144 1190 tamen
1159 1164 1191 1191 et
1207 1165 1331 1191 curator
1346 1159 1443 1190 tribus
1459 1164 1507 1190 est
1519 1159 1637 1200 dictus,

174 1218 206 1244 et
221 1212 316 1245 tribus
330 1214 464 1246 curatrix
478 1214 637 1248 Minerva.
681 1214 736 1244 Sat
750 1218 808 1250 est,
825 1213 926 1255 inquit
940 1212 1194 1256 Dionysodorus.
1216 1221 1264 1245 est
1278 1213 1362 1245 enim
1375 1213 1443 1251 tibi,
1456 1218 1491 1244 ut
1503 1213 1637 1252 videtur,

174 1266 304 1308 Apollo,
318 1267 466 1309 ,Iuppiter
479 1273 511 1299 et
527 1268 683 1299 Minerva.
729 1268 880 1300 Omnino.
924 1266 978 1298 An
1002 1278 1066 1298 non
1090 1267 1133 1298 tui
1149 1267 1201 1299 isti
1225 1273 1317 1299 erunt
1337 1267 1402 1300 dii?
1425 1267 1643 1310 progenitores

174 1320 321 1352 videlicet
344 1327 438 1363 atque
464 1322 607 1353 domini?
630 1322 747 1354 Nonne
772 1322 843 1352 tui?
867 1321 921 1353 An
944 1332 1008 1353 non
1031 1327 1102 1352 tuos
1127 1332 1194 1353 esse
1209 1322 1368 1353 confessus
1385 1322 1442 1353 es?
1466 1322 1639 1354 Confessus

173 1385 253 1407 sum.
275 1375 352 1416 quid
382 1381 444 1406 tum
459 1376 470 1407 ἓ
503 1375 619 1407 Nonne
649 1376 796 1407 animalia
825 1376 876 1407 isti
905 1376 949 1407 dii
979 1376 1073 1407 sunt?
1109 1376 1291 1409 concessisti
1321 1386 1411 1418 porro
1440 1385 1639 1418 qua-cunque

172 1430 307 1460 animam
332 1431 458 1468 liabent,
476 1429 621 1462 animalia
636 1441 713 1462 csse.
736 1430 788 1462 isti
812 1441 884 1462 vero
900 1430 945 1461 dii
961 1441 1025 1462 non
1051 1431 1167 1462 habent
1192 1430 1350 1462 animam?
1375 1430 1505 1462 Habent
1518 1430 1640 1471 utique·

173 1484 255 1515 Sunt
267 1484 360 1526 igitur
374 1484 519 1515 animalia
533 1485 543 1515 ?
567 1485 647 1516 Sunt
661 1489 756 1516 certe.
801 1485 848 1516 Ex
860 1485 1045 1516 animalibus
1061 1490 1165 1516 autem
1182 1485 1236 1516 illa
1253 1490 1306 1516 tua
1321 1495 1387 1516 esse
1404 1484 1544 1521 dicebas,
1559 1493 1642 1526 quo·

173 1548 240 1569 rum
264 1538 348 1579 apud
377 1543 408 1569 te
433 1544 515 1570 esset
540 1537 689 1580 potestas,
715 1545 750 1570 ut
776 1549 832 1580 pro
861 1538 987 1570 arbitrio
1012 1539 1175 1579 venderem
1199 1538 1349 1580 largireris
1364 1539 1490 1581 diisque
1505 1538 1639 1570 dicares.

172 1591 343 1628 Recusare,
367 1591 578 1635 Euthydeme,
594 1603 658 1623 non
675 1603 811 1634 possum,
826 1593 902 1634 quin
919 1594 976 1623 ista
994 1593 1211 1626 concesserim.
1257 1593 1368 1624 Statim
1385 1593 1437 1623 ille
1453 1592 1496 1623 sic
1512 1591 1639 1622 intulit:

172 1645 344 1688 Postquam
359 1651 445 1678 tuum
461 1657 528 1678 esse
553 1647 574 1679 J
577 1657 666 1678 ovem
681 1651 815 1689 tuosque
830 1657 897 1678 esse
920 1651 952 1678 et
968 1647 1045 1678 alios
1067 1647 1172 1678 fateris
1195 1647 1284 1684 deos,
1301 1646 1415 1678 licetne
1431 1645 1489 1677 tibi
1504 1645 1639 1677 vendere

175 1701 247 1732 illos
269 1705 363 1743 atque
388 1702 483 1743 [303]
507 1701 611 1743 largiri
636 1707 668 1732 et
693 1711 749 1743 pro
782 1696 912 1733 [midine
935 1707 1001 1744 tua,
1027 1707 1063 1732 ut
1090 1701 1236 1732 animalia
1262 1706 1366 1732 cetera
1388 1711 1458 1742 qnae
1481 1704 1536 1731 tua
1557 1704 1643 1737 sunt,

177 1755 329 1786 tractare?
353 1755 421 1797 Ego
438 1755 543 1797 igitur,
558 1756 656 1793 Crito,
673 1761 821 1798 tanquam
838 1767 978 1787 sermone
998 1766 1160 1798 percussus
1175 1756 1328 1787 obmutui.
1352 1754 1521 1796 Ctesippus
1536 1759 1643 1785 autem

175 1818 351 1841 succurrere
368 1810 443 1841 mihi
458 1815 589 1841 conatus
605 1810 659 1847 ait,
675 1810 786 1852 Papae,
802 1821 857 1853 pro
874 1810 1040 1851 Hercules,
1054 1821 1147 1852 quam
1165 1809 1414 1852 praeclarissimus
1437 1819 1536 1840 sermo
1550 1808 1558 1839 l
1585 1807 1640 1839 Ad

177 1874 270 1905 quem
287 1864 540 1907 Dionysodorus,
558 1865 669 1896 Utrum
686 1864 838 1896 Hercules
854 1875 981 1907 papaens
997 1869 1055 1901 est,
1072 1875 1111 1895 an
1129 1874 1256 1906 papaeus
1272 1863 1448 1895 Hercules?
1493 1862 1584 1894 Tunc
1601 1862 1646 1893 ait

177 1917 359 1959 Ctesippus,
376 1917 435 1949 Pro
451 1917 614 1960 Neptune,
629 1930 722 1960 quam
739 1919 832 1950 fortes
856 1918 989 1960 durique
1013 1918 1189 1950 sermones!
1213 1917 1332 1949 desisto
1343 1917 1423 1959 jam.
1444 1916 1642 1959 inexpugna-

177 1971 254 2002 biles
271 1970 326 2002 viri
340 1977 425 2003 sunt.
468 1972 532 2004 Hic
548 1972 701 2014 profecto,
724 1973 823 2004 amice
850 1972 949 2009 Crito,
966 1972 1070 2003 nullus
1097 1971 1294 2014 praesentium
1320 1971 1480 2003 continere
1505 1971 1587 2014 ultra
1609 1981 1643 2003 se·

178 2026 292 2068 potuit,
309 2026 385 2068 quin
410 2026 531 2057 illorum
547 2027 716 2058 orationem
734 2027 877 2058 laudibus
901 2027 1028 2058 summis
1044 2026 1207 2058 extolleret
1221 2037 1229 2058 :
1254 2030 1287 2058 et
1299 2025 1439 2067 hospites
1454 2024 1501 2056 illi
1516 2023 1646 2066 Diony-

178 2080 307 2112 sodorus
333 2080 613 2124 Eutiiydemusque
641 2081 714 2117 risu,
740 2082 871 2124 strepitu
899 2086 931 2113 et
959 2081 1066 2112 laetitia
1092 2081 1270 2112 exultantes
1296 2079 1527 2122 gestientesque
1549 2078 1645 2110 ferme

178 2134 305 2166 resoluti
332 2140 414 2166 sunt.
460 2135 497 2166 In
525 2135 735 2177 superioribus
761 2146 907 2178 namque,
934 2136 1008 2166 dum
1036 2135 1160 2177 singula
1186 2134 1430 2177 proferebantur,
1454 2132 1514 2163 soli
1538 2142 1646 2163 eorum

179 2193 346 2220 sectatores
371 2189 511 2231 protinus
536 2189 784 2232 applaudebant.
810 2190 860 2222 hic
885 2196 988 2221 autem
1012 2200 1103 2231 paene
1130 2189 1208 2231 ipsae
1233 2198 1360 2230 quoque
1383 2187 1475 2229 Lycii
1489 2186 1644 2218 columnae

180 2242 386 2280 conclamare,
418 2243 565 2284 plaudere
595 2244 770 2286 gestireque
800 2244 998 2275 videbantur.
1043 2243 1112 2285 Ego
1140 2243 1269 2284 quidem
1299 2242 1343 2272 sic
1373 2241 1503 2272 affectus
1530 2240 1588 2276 fui,
1610 2243 1647 2270 ut

178 2307 342 2328 assererem
368 2297 472 2329 nullos
495 2308 631 2340 unquam
657 2298 798 2330 homines
823 2299 890 2340 pari
916 2298 1072 2340 sapientia
1097 2308 1144 2328 me
1172 2297 1296 2327 vidisse.
1339 2295 1441 2337 Atqui
1466 2299 1499 2326 et
1521 2294 1647 2324 illorum

179 2350 344 2392 sapientiae
361 2351 485 2393 ponitus
502 2352 708 2394 mancipatus,
725 2353 851 2393 laudare
869 2352 940 2383 illos
962 2357 994 2383 et
1009 2352 1164 2384 celebrare
1177 2361 1372 2392 summopere
1386 2349 1483 2392 coepi.
1529 2348 1558 2379 Ο
1576 2347 1644 2385 viri,

180 2404 321 2446 inquam,
346 2406 387 2436 ob
413 2406 502 2437 miras
524 2407 615 2437 dotes
640 2413 758 2437 naturae
784 2407 880 2444 beati,
906 2407 1025 2449 quippe
1046 2406 1100 2448 qui
1116 2416 1179 2437 rem
1195 2410 1312 2436 tantam
1328 2409 1391 2435 tam
1407 2403 1499 2436 facile
1521 2409 1647 2445 tamque

182 2459 266 2490 brevi
281 2464 418 2500 tempore
434 2461 610 2492 absolvistis
623 2461 630 2491 l
658 2461 763 2492 Multa
778 2461 905 2503 quidem
921 2466 953 2492 et
969 2461 1029 2491 alia
1044 2465 1118 2491 sunt
1132 2460 1164 2490 in
1180 2459 1287 2491 vestris
1301 2458 1505 2495 sermonibus,
1520 2457 1646 2499 Euthy-

184 2513 275 2543 deme
290 2512 588 2556 Dionysodoreque,
605 2515 771 2556 praeclara:
789 2515 820 2546 in
837 2515 950 2556 quibus
966 2515 997 2546 id
1013 2514 1170 2556 praecipue
1182 2513 1378 2555 magnificum
1391 2517 1449 2549 est,
1461 2512 1546 2553 quod
1560 2510 1647 2542 nulla

182 2567 271 2597 vobis
287 2577 360 2598 cura
374 2572 420 2597 est
435 2567 600 2598 multorum
616 2569 789 2610 hominum,
804 2568 859 2610 qui
874 2568 1009 2599 illustres
1025 2567 1200 2607 habentur3
1225 2567 1278 2598 sed
1294 2566 1438 2597 similium
1455 2564 1542 2596 vobis
1557 2566 1648 2595 dum-

185 2625 280 2652 taxat.
327 2620 480 2662 Equidem
495 2627 579 2652 certo
596 2622 673 2659 scio,
691 2633 847 2654 sermones
862 2622 1042 2664 hujusmodi
1058 2622 1176 2664 paucos
1191 2621 1359 2652 admodum
1375 2620 1517 2661 diligere,
1533 2624 1565 2650 et
1579 2618 1650 2649 illos

186 2675 314 2716 quidem
331 2675 418 2706 vobis
434 2675 571 2706 similes:
594 2682 713 2708 ceteros
729 2682 832 2708 autem
857 2678 900 2708 ita
916 2677 986 2708 illos
1011 2677 1150 2718 ignorare
1173 2684 1392 2716 spernereque,
1409 2678 1444 2704 ut:
1469 2673 1650 2704 erubescere

187 2729 401 2760 vehementius
417 2729 485 2759 illos
501 2735 621 2771 putem,
637 2731 664 2761 si
678 2737 797 2762 ceteros
812 2731 871 2761 illis
883 2731 1083 2767 convincant,
1099 2739 1192 2771 quam
1209 2728 1233 2759 si
1248 2728 1309 2770 ipsi
1325 2728 1363 2759 ab
1378 2727 1446 2758 aliis
1460 2727 1651 2758 convincan-

187 2787 248 2813 tur.
293 2782 364 2814 Hoc
390 2788 538 2825 praeterea
564 2784 715 2825 populare
739 2789 772 2815 et
797 2789 992 2815 mansuetum
1018 2784 1111 2814 vestri
1140 2792 1294 2813 sermones
1318 2781 1446 2820 liabent,
1471 2780 1555 2820 quod
1577 2787 1652 2810 cunr

185 2836 290 2867 dicitis
317 2847 379 2867 rem
406 2836 522 2867 nullam
549 2837 661 2867 bonam
688 2847 756 2868 esse
785 2837 834 2868 vel
860 2837 983 2873 malam,
1007 2847 1110 2878 neque
1133 2836 1247 2872 albam¹
1263 2845 1366 2877 neque
1381 2834 1467 2865 aliud
1483 2833 1651 2875 quicquam

189 2890 311 2927 talium,
326 2900 429 2932 neque
446 2890 573 2921 omnino
589 2890 708 2932 aliquid
725 2892 764 2921 ab
787 2890 854 2921 aliis
877 2891 976 2926 aliud,
998 2901 1031 2921 re
1051 2900 1136 2927 vera,
1151 2894 1187 2920 ut
1209 2889 1396 2932 praedicatis,
1412 2886 1573 2917 hominum
1596 2895 1651 2915 ora

188 2943 396 2976 contunditis.
420 2944 503 2982 Quia
516 2956 588 2976 vero
599 2955 662 2976 non
675 2944 804 2976 aliorum
817 2950 935 2976 tantum
950 2955 1016 2982 ora,
1031 2945 1084 2976 sed
1102 2949 1205 2975 vestra*
1213 2944 1361 2985 insuper:
1386 2941 1518 2982 gratiosa
1533 2949 1580 2970 res
1594 2944 1654 2974 est,

184 3003 226 3027 et.
240 2998 389 3028 sermonis
404 2998 510 3030 odium
527 2999 795 3041 offensionemque
818 2999 1012 3031 audientium
1034 2998 1192 3031 devitatis.
1237 2997 1410 3029 Maximum
1433 3004 1505 3025 vero
1521 2994 1580 3023 hoc
1596 2997 1657 3028 est,

293 3051 380 3084 Plat.
400 3053 455 3085 Tr.
910 3053 938 3085 Ι.
1498 3049 1518 3078 2
1541 3046 1571 3083 Q
