1846 3268
768 633 1070 689 CRITO.

706 864 945 906 soanTES,
968 844 1139 900 curros

185 1050 263 1094 [43]
286 1049 442 1083 curuum
466 1050 524 1082 bac
548 1049 625 1080 hora
649 1045 774 1089 venisti,
795 1058 816 1079 ο
842 1047 957 1080 Crito?
989 1056 1096 1078 annon
1120 1044 1212 1078 valde
1233 1045 1337 1078 adhuc
1364 1051 1412 1080 est
1435 1051 1508 1079 ante
1532 1046 1657 1081 lucem?

185 1105 251 1138 Cn.
274 1104 376 1136 Valde
397 1105 536 1147 quidem.
580 1103 636 1134 So.
670 1101 806 1139 Quando
831 1113 903 1134 vero
929 1102 1062 1133 maxime
1079 1102 1090 1132 ?
1148 1101 1213 1134 CR.
1247 1100 1409 1134 Profunda
1435 1113 1555 1136 aurora.
1600 1104 1659 1135 So.

185 1158 344 1196 Admiror,
356 1157 619 1200 quemadmodum
633 1156 702 1198 ipse
718 1160 824 1188 custos
848 1154 979 1188 carceris
1007 1156 1063 1187 tibi
1090 1156 1304 1197 obtemperare
1320 1155 1465 1188 voluerit.
1511 1156 1575 1188 Cn.
1598 1156 1658 1188 Fa-

186 1211 312 1243 miliaris
319 1211 388 1254 jam
404 1211 479 1243 mihi
494 1215 552 1249 est,
578 1222 597 1242 o
613 1211 766 1248 Socrates,
792 1211 832 1241 ob
847 1211 987 1242 crebrum
1002 1210 1064 1242 huc
1080 1210 1250 1241 adventum
1266 1220 1384 1242 meum.
1429 1210 1588 1241 Praeterea
1602 1211 1659 1242 be-

186 1265 294 1297 neficii
309 1265 451 1297 nonnihil
466 1276 485 1297 a
507 1275 558 1296 me
578 1263 712 1305 accepit.
757 1264 810 1296 So.
833 1263 999 1296 Venistine
1024 1264 1144 1296 modo?
1167 1274 1208 1294 an
1233 1262 1301 1305 jam
1328 1268 1376 1294 est
1400 1263 1544 1296 dudum?
1590 1264 1657 1297 Cn.

185 1311 269 1350 Satis
295 1319 427 1350 dudum.
471 1319 527 1351 So.
549 1317 687 1350 Proinde
713 1328 768 1349 cur
789 1328 854 1348 non
878 1318 981 1349 statim
1007 1328 1056 1349 me
1081 1316 1237 1354 excitasti,
1263 1317 1317 1348 sed
1343 1316 1468 1348 silentio
1491 1317 1658 1349 assedisti?

187 1372 254 1404 Cn.
275 1372 449 1414 Nunquam
476 1382 532 1414 per
556 1372 682 1410 Jovem,
707 1382 726 1403 o
751 1371 907 1413 Socrates,
931 1371 1128 1404 excitassem.
1163 1381 1266 1413 neque
1290 1370 1373 1402 enim
1399 1371 1467 1413 ipse
1491 1371 1604 1403 vellem
1622 1371 1659 1403 in

188 1430 276 1458 tanto
291 1426 399 1458 dolore
415 1425 572 1468 evigilare.
617 1426 679 1457 Sed
706 1429 738 1457 te
753 1425 946 1468 jamdudum
968 1426 1114 1464 admiror,
1139 1425 1290 1462 sentiens,
1315 1435 1409 1467 quarn
1435 1425 1572 1456 suaviter
1586 1425 1659 1456 dor-

181 1480 281 1520 mias;
304 1472 336 1512 et
351 1480 494 1512 consulto
510 1490 575 1511 non
590 1479 724 1512 excitavi
739 1485 782 1522 te,
796 1485 832 1511 ut
846 1490 939 1522 quam
954 1479 1168 1523 placidissime
1183 1480 1323 1522 degeres.
1370 1478 1529 1521 Equidem
1545 1482 1579 1510 et
1601 1489 1658 1520 per

182 1545 307 1566 omnem
322 1535 416 1566 vitam
432 1535 473 1566 ob
488 1534 671 1576 hujusmodi
687 1545 803 1566 morem
819 1530 946 1567 beatum
970 1539 1002 1567 te
1021 1534 1165 1576 judicavi
1177 1545 1187 1574 ;
1210 1533 1344 1565 maxime
1359 1544 1432 1565 vero
1454 1533 1493 1564 inv
1511 1533 1658 1575 praesenti

182 1588 372 1630 calamitate,
382 1589 468 1630 quod
485 1599 555 1620 eam
571 1597 632 1620 tam
649 1588 742 1620 facile
758 1588 795 1622 ae
811 1589 936 1631 placide
951 1589 1044 1621 feras.
1089 1589 1146 1621 So.
1171 1588 1400 1621 Perabsurdum
1413 1592 1507 1629 esset,
1523 1598 1543 1618 o
1554 1587 1655 1625 Crito,

182 1642 208 1672 si
224 1642 294 1684 quis
309 1647 372 1674 tam
387 1643 515 1685 grandis
532 1647 608 1674 natu
626 1642 843 1674 imminentem
868 1647 998 1674 mortem
1021 1642 1151 1674 moleste
1172 1641 1263 1674 serat.
1309 1641 1373 1674 Cn.
1397 1641 1460 1672 Sed
1487 1645 1520 1672 et
1545 1640 1612 1677 alii,
1635 1651 1655 1671 o

183 1696 339 1737 Socrates,
365 1706 456 1738 aeque
480 1706 572 1727 senes
598 1695 752 1727 similibus
777 1695 1006 1727 calamitatibus
1027 1695 1262 1737 opprimuntur,
1288 1706 1367 1738 quos
1396 1700 1500 1726 tamen
1525 1699 1599 1726 aetas
1614 1694 1654 1725 ab

183 1749 364 1787 afflictione,
379 1760 473 1791 quam
489 1760 553 1781 sors
568 1760 704 1792 praesens
721 1739 944 1787 affert'secum,
959 1760 1024 1781 non
1040 1749 1162 1782 liberat.
1207 1749 1263 1781 So.
1285 1748 1334 1780 Ita
1347 1753 1406 1782 est.
1452 1749 1513 1780 Sed
1526 1758 1654 1780 curnam

184 1803 267 1835 adeo
284 1814 374 1834 mane
391 1804 525 1835 venisti?
571 1804 636 1835 Cn.
659 1803 827 1842 Nuntium,
844 1815 863 1835 o
880 1804 1036 1842 Socrates,
1052 1803 1155 1835 ferens
1169 1803 1313 1834 acerbum
1327 1814 1337 1843 3
1360 1813 1425 1833 non
1441 1802 1499 1833 tibi
1512 1801 1654 1844 quidem,

184 1861 220 1887 ut
236 1857 309 1888 mihi
325 1862 468 1900 apparet,
490 1858 546 1889 sed
564 1857 640 1889 mihi
655 1858 773 1900 potius,
798 1862 830 1890 et
844 1857 1048 1890 familiaribus
1064 1857 1125 1888 tuis
1140 1857 1296 1899 omnibus,
1321 1861 1354 1888 et
1370 1857 1515 1888 acerbum
1537 1860 1570 1887 et
1584 1865 1653 1897 gra—

184 1921 266 1944 vem.
290 1912 376 1954 quod
401 1912 548 1954 equidem
572 1912 655 1943 inter
676 1912 867 1954 gravissima,
894 1917 929 1943 ut
954 1912 1096 1953 arbitror,
1121 1910 1355 1943 numeraverim.
1401 1910 1458 1942 So.
1491 1909 1654 1947 Quidnam

185 1965 269 1996 hoc?
292 1966 436 2007 nunquid
453 1966 540 1996 navis
555 1977 593 1997 ex
610 1966 693 1997 Delo
705 1966 772 2008 jam
789 1965 906 1998 rediit?
929 1976 991 2008 qua
1006 1966 1148 2003 reducta,
1165 1965 1241 1996 mihi
1262 1970 1311 1996 est
1335 1964 1540 1996 moriendum.
1585 1963 1653 1996 Cn.

184 2017 336 2049 Nondum
352 2019 445 2050 rediit
458 2019 584 2061 quidem
602 2031 612 2060 ;
635 2021 690 2052 sed
707 2020 844 2051 reditura
866 2020 988 2052 videtur
1003 2020 1110 2058 hodie,
1133 2019 1397 2062 quemadmodum
1411 2017 1558 2049 nuntiant
1571 2027 1652 2048 non-

185 2071 265 2103 nulli
280 2083 298 2103 e
313 2072 412 2104 Sunio
428 2073 602 2112 venientes,
618 2075 673 2117 qui
685 2075 728 2106 ibi
744 2085 812 2107 eam
828 2075 1031 2117 reliquerunt.
1056 2079 1181 2106 constat
1193 2085 1266 2116 ergo
1289 2084 1328 2105 ex
1348 2073 1396 2104 his
1410 2071 1541 2110 nuntiis,
1556 2071 1652 2103 hodie

184 2136 253 2158 esse
268 2132 428 2159 venturam
442 2139 452 2167 ;
474 2127 612 2171 ideoque
628 2129 837 2161 necessarium
853 2130 930 2171 fore,
946 2135 977 2161 te
992 2140 1071 2172 cras,
1086 2140 1104 2160 o
1121 2129 1276 2170 Socrates,
1291 2139 1309 2159 e
1323 2127 1390 2159 vita
1405 2127 1572 2159 decedere.
1594 2126 1649 2158 So.

185 2179 290 2221 Bona,
305 2191 325 2211 o
340 2180 439 2219 Crito,
454 2181 579 2214 fortuna
593 2194 600 2213 ε
624 2183 650 2214 si
664 2183 708 2214 ita
723 2183 783 2215 diis
798 2184 914 2225 placet,
929 2183 973 2214 ita
982 2189 1061 2215 esto.
1085 2194 1149 2214 non
1166 2187 1269 2214 tamen
1285 2181 1441 2218 existimo,
1457 2179 1542 2211 illam
1554 2179 1651 2211 hodie

184 2234 363 2266 redituram.
400 2235 475 2278 [44]
515 2236 578 2268 Cn.
611 2236 779 2268 Undenam
802 2238 837 2269 id
860 2236 1045 2278 conjectas?
1090 2237 1144 2269 So.
1166 2236 1280 2268 Dicam
1307 2234 1464 2277 equidem.
1496 2232 1651 2275 siquidem

186 2287 348 2329 postridie,
363 2299 458 2331 quam
472 2290 559 2321 navis
574 2290 714 2331 redierit,
727 2291 805 2323 mihi
815 2297 864 2323 est
877 2292 1070 2325 obeundum.
1115 2291 1181 2323 CR.
1205 2290 1257 2322 Sic
1274 2290 1382 2332 utique
1398 2288 1487 2319 aiunt
1496 2286 1540 2324 hi,
1552 2296 1650 2327 penes

189 2353 268 2384 quos
283 2342 328 2374 rei
343 2343 436 2385 hujus
452 2349 591 2386 potestas
606 2350 664 2376 est.
708 2345 764 2377 So.
787 2345 900 2388 Itaque
915 2356 978 2377 non
1006 2346 1065 2377 hac
1088 2345 1142 2377 die
1163 2349 1322 2375 venturam
1345 2347 1438 2385 puto,
1462 2341 1517 2372 sed
1542 2340 1650 2371 altera.'

185 2396 398 2437 conjecturam
412 2408 485 2429 vero
500 2409 538 2430 ex
553 2400 673 2430 somnio
688 2401 825 2442 quodam
842 2400 978 2442 accipio,
1004 2399 1090 2441 quod
1106 2398 1200 2440 paulo
1214 2404 1287 2429 ante
1307 2398 1366 2428 hac
1380 2396 1452 2438 ipsa
1464 2400 1558 2426 nocte
1573 2393 1650 2424 mihi

187 2449 286 2480 visum
302 2455 371 2481 est:
395 2458 634 2494 opportuneque
651 2453 764 2485 videris
777 2465 918 2486 somnum
935 2453 1011 2484 mihi
1026 2464 1090 2484 non
1106 2452 1310 2495 perturbasse.
1355 2451 1418 2482 Cn.
1440 2449 1500 2480 Sed
1513 2447 1606 2490 quale
1617 2447 1649 2478 id

187 2503 340 2534 somnium
355 2505 444 2536 erat?
488 2506 545 2538 So.
571 2506 749 2539 Videbatur
762 2507 838 2539 mihi
851 2507 961 2539 mulier
975 2507 1118 2549 quaedam
1134 2506 1316 2543 adveniens,
1332 2504 1463 2547 pulchra
1476 2507 1509 2534 et
1518 2505 1649 2543 aspectu

182 2562 281 2598 grata,
295 2563 393 2589 vestes
407 2559 526 2591 habens
537 2561 700 2601 candidas,
714 2572 825 2594 vocare
846 2573 907 2599 me,
922 2567 1017 2604 atque
1032 2561 1147 2598 dicere,
1164 2560 1193 2592 Ο
1210 2561 1366 2596 Socrates,
1387 2557 1478 2589 tertia
1500 2556 1574 2587 hinc
1594 2554 1648 2585 die

185 2610 332 2641 Phthiam
350 2612 511 2652 pervenies
527 2613 717 2656 latiglebam.
763 2616 829 2648 Cn.
853 2616 957 2653 Quam
979 2614 1090 2646 mirum
1105 2614 1138 2645 id
1158 2613 1361 2650 insomnium,
1376 2609 1542 2643 Socrates?
1590 2608 1647 2639 So,

186 2664 393 2695 Manifestum
410 2670 526 2704 tamen,
543 2672 577 2697 ut
592 2668 667 2699 mihi
682 2669 814 2702 videtur.
859 2669 924 2702 Cn.
948 2669 1154 2701 Manifestum
1172 2673 1267 2700 certe.
1281 2667 1348 2705 sed,
1359 2677 1378 2697 o
1391 2666 1481 2696 beate
1492 2664 1648 2699 Socrates,

183 2718 278 2749 etiam
294 2729 379 2750 nunc
394 2720 487 2750 crede
503 2720 589 2758 mihi,
613 2731 650 2753 ac
675 2723 778 2754 salvus
801 2734 869 2755 esse
884 2723 971 2754 velis.
1016 2723 1102 2753 Mihi
1117 2722 1213 2759 enim,
1238 2722 1263 2753 si
1289 2726 1324 2752 tu
1348 2718 1474 2755 obieris,
1494 2727 1558 2747 non
1582 2725 1646 2746 una

184 2775 305 2802 tantum
321 2772 481 2804 calamitas
497 2773 662 2806 imminet:
685 2777 739 2807 sed
757 2782 868 2818 praeter
889 2777 934 2815 id,
960 2778 1046 2819 quod
1069 2781 1100 2807 te
1127 2777 1252 2807 orbatus
1272 2774 1358 2806 fuero
1381 2772 1437 2804 tali
1459 2769 1647 2803 necessario.

182 2825 306 2865 qualem
322 2826 452 2858 alterum
480 2838 641 2869 nunquam
659 2831 822 2872 reperiam,
848 2831 977 2863 videbor
998 2830 1108 2871 utique
1125 2829 1240 2867 multis,
1268 2828 1322 2870 qui
1344 2831 1487 2858 neutrum
1508 2829 1645 2854 nostrum

182 2878 256 2909 satis
271 2880 424 2917 noverint,
440 2891 510 2912 curn
528 2882 699 2923 potuissem
716 2889 747 2915 te
764 2895 897 2922 servare,
914 2885 939 2916 si
954 2885 1055 2915 minus
1071 2883 1213 2925 pecuniis
1230 2881 1451 2924 pepercissem,
1475 2883 1506 2908 tc
1519 2876 1646 2918 penitus

183 2932 364 2973 neglexisse.
412 2935 511 2977 Atqui
526 2947 673 2978 quaenam
690 2937 790 2979 major
805 2943 911 2980 potest
925 2949 992 2970 csse
1013 2937 1151 2975 infamia,
1175 2947 1267 2979 quam
1284 2934 1394 2971 videri,
1423 2930 1519 2974 pluris
1534 2928 1644 2959 fecisse

185 2986 333 3026 pecunias
346 2998 438 3030 quam
455 2989 593 3021 amieos?
617 3002 679 3023 non
695 2992 777 3024 enim
795 2993 909 3034 poterit
925 2992 1102 3034 persuaderi
1117 2989 1339 3033 compluribus,
1357 2993 1387 3019 te
1401 2986 1472 3018 hinc
1489 2982 1571 3014 abire
1587 2992 1645 3012 no-
