1832 3256
191 231 240 269 10
778 221 1044 264 PLATONIS
1548 226 1647 279 [244

188 334 298 377 habui,
315 339 349 368 ut
362 335 447 366 hunc
461 333 557 366 etiam
573 331 702 365 audiat?
725 342 778 370 ne,
794 330 822 363 si
837 330 940 362 minus
953 329 1118 363 commode
1132 328 1280 371 audierit,
1303 334 1421 362 temere
1438 340 1504 362 non
1529 331 1648 364 amanti

190 390 393 431 obtemperet.
414 389 508 420 Pu.
519 387 618 426 Istibi
630 386 787 428 proximus
796 395 917 427 semper
926 386 1074 422 adhaeret,
1086 384 1191 426 quoad
1202 384 1303 426 cupis.
1313 383 1413 427 [244]
1428 385 1485 417 So-
1496 384 1549 419 stc
1561 394 1648 428 ergo,

185 452 209 484 ᾳ
230 443 355 485 egregie
376 453 466 485 puer,
489 442 605 483 cogita,
631 441 762 482 priorem
787 450 959 471 sermonem
984 438 1110 470 Phaedri
1134 438 1292 480 Pythocle
1316 439 1414 480 geniti
1439 439 1650 482 Myrrhinusii

184 495 301 539 fuisse:
323 501 505 539 sequentem
531 506 604 527 vero
619 493 787 526 Stesichori
813 492 971 534 Euphemi
996 492 1065 533 filii,
1079 491 1137 523 viri
1148 492 1302 528 amabilis,
1316 492 1393 526 fore.
1407 493 1503 534 hujus
1516 494 1576 526 hoc
1590 494 1651 526 erit

185 552 344 587 exordium
359 563 367 583 ε
391 551 467 582 Non
482 560 572 585 verus
586 559 684 580 sermo
700 547 752 578 ille
768 552 827 588 est,
841 546 894 588 qui
913 551 1063 588 praesente
1087 550 1223 577 amatore
1237 557 1303 579 non
1316 547 1434 578 amanti
1447 547 1546 590 magis
1555 547 1651 590 jubet

184 605 349 647 gratificari
362 616 372 645 ;
393 605 467 647 quia
481 613 587 636 amans
601 602 686 639 furit,
702 611 766 631 non
780 610 887 631 amans
902 610 975 630 vero
991 609 1083 630 sanus
1107 603 1166 632 est.
1189 599 1216 630 si
1239 599 1324 630 enim
1346 600 1530 642 simpliciter
1541 612 1649 634 verum

183 664 279 701 esset,
303 659 437 690 furorem
462 668 530 690 esse
552 656 679 692 malurn,
703 660 786 686 recte
813 665 831 685 a
858 653 948 684 nobis
975 653 1092 685 dictum
1117 652 1227 684 fuisset
1242 664 1250 683 ε
1274 664 1359 685 nuno
1383 659 1489 687 autem
1511 656 1652 688 maxima

183 714 335 745 bonorum
350 713 440 744 nobis
455 712 535 743 fiunt
557 721 611 752 per
634 710 767 740 furorem
783 708 891 739 divino
907 709 1044 749 quodam
1063 717 1188 738 munere
1209 717 1403 741 concessum.
1426 720 1499 741 narn
1521 715 1555 742 et
1578 721 1650 753 quae

182 767 216 800 in
231 766 367 809 Delphis
389 767 493 797 futura
509 764 653 807 praedicit
669 767 764 801 vates,
780 767 812 794 et
838 773 908 804 quae
931 762 964 792 in
987 761 1125 792 Dodona
1147 761 1336 800 sacerdotes,
1358 763 1496 796 furentes
1520 765 1649 807 quidem

183 821 282 853 multa
305 832 342 853 ac
367 831 481 862 magna
505 819 669 851 commoda
695 816 840 859 privatim
870 821 902 847 et
928 816 1052 858 publice
1090 815 1210 847 Graecis
1246 817 1424 849 horninibus
1459 819 1649 852 attulerunt:

183 886 266 910 sanae
281 886 352 906 vero
362 875 438 906 dum
452 879 536 911 sunt,
551 873 675 915 exigua,
691 877 746 903 aut
766 871 864 903 nulla.
908 871 1004 907 Quod
1017 870 1042 902 si
1058 870 1224 902 referamus
1246 870 1411 914 Sibyllam,
1424 878 1458 904 et
1472 873 1562 910 alios,
1577 874 1647 917 qui·

183 940 308 972 cunque
323 929 431 960 divino
447 928 495 960 usi
518 932 591 959 sunt
606 926 767 962 vaticinio,
791 935 885 967 quam
906 925 1003 956 multa
1027 924 1235 966 praedicentes
1260 923 1294 955 in
1309 925 1447 958 futurum
1462 928 1650 970 profuerint,

182 982 337 1026 prolixum
353 983 444 1014 nimis
459 982 695 1013 extenderemus
721 990 906 1020 sermonem,
920 984 952 1011 et
968 989 1031 1011 reru
1054 979 1249 1010 manifestam
1268 980 1413 1012 omnibus
1435 983 1650 1023 proferremus.

182 1036 267 1067 Illud
283 1041 386 1067 tamen
409 1036 540 1077 dignum
562 1040 610 1066 est
624 1034 794 1074 testificari,
816 1034 903 1076 quod
927 1039 1057 1070 veteres,
1081 1033 1135 1075 qui
1158 1033 1287 1064 nomina
1308 1035 1400 1066 rebus
1420 1035 1648 1078 imposuerunt,

180 1101 244 1122 non
257 1095 346 1132 turpe
354 1090 516 1131 quiddam,
527 1100 630 1131 neque
640 1089 881 1131 ignominiosum
893 1093 1081 1130 putaverunt
1091 1089 1234 1119 furorem.
1245 1090 1399 1121 nonenim
1409 1091 1651 1131 praeclarissimas

183 1144 253 1183 arti,
264 1154 328 1186 qua
342 1144 479 1175 futurum
494 1144 690 1180 discernitur,
704 1143 764 1175 hoc
779 1153 894 1175 nomen
910 1146 1127 1182 annectentes,
1139 1152 1206 1173 eam
1223 1143 1378 1183 manicen,
1394 1144 1427 1175 id
1441 1150 1499 1182 est,
1514 1145 1650 1177 furorem

182 1198 398 1231 nominassent
411 1209 421 1237 3
438 1198 492 1229 sed
508 1202 657 1238 tanquam
673 1197 789 1230 bonum
805 1197 956 1238 quiddam
973 1197 1013 1227 sit
1028 1197 1123 1235 furor,
1138 1198 1266 1238 quando
1281 1197 1388 1229 divina
1397 1203 1478 1230 sorte
1493 1201 1651 1241 provenit,

179 1253 321 1285 honestae
336 1252 394 1283 arti
409 1262 522 1283 nomen
539 1250 720 1292 hujusmodi
736 1250 928 1281 indiderunt.
953 1255 986 1281 at
1000 1260 1085 1281 nunc
1096 1249 1250 1291 juniores,
1264 1252 1315 1283 isti
1330 1252 1496 1294 interjecta
1506 1253 1534 1284 Τ
1548 1253 1650 1291 litera,

181 1304 329 1348 imperite
339 1305 469 1336 nimium
484 1305 640 1336 manticen
655 1303 811 1336 dixerunt.
855 1304 937 1336 Sane
950 1303 1205 1345 investigationes
1217 1305 1313 1336 futuri
1327 1316 1472 1338 sanorum
1486 1307 1650 1340 hominurn

181 1370 239 1401 per
260 1370 334 1391 aves
358 1364 390 1391 et
415 1359 478 1391 alia
502 1363 639 1399 ostenta,
666 1363 777 1399 utpote
801 1368 820 1389 a
841 1357 1025 1399 conjectura
1038 1358 1182 1389 humanae
1198 1359 1416 1402 intelligentiae
1432 1362 1649 1403 procedentes,

183 1418 318 1446 mentem
334 1413 555 1455 historiamque
572 1412 751 1454 auguralem
775 1411 1047 1453 cognominarunt.
1069 1422 1164 1454 quam
1187 1413 1303 1445 deinde
1318 1415 1517 1456 posteriores,
1537 1427 1556 1448 υ
1580 1427 1650 1458 pas-

181 1478 256 1499 vum
270 1468 303 1499 in
318 1478 466 1509 magnum
480 1471 649 1504 vertentes,
663 1467 833 1498 honestiori
850 1466 1003 1498 vocabulo
1019 1473 1180 1499 exornant.
1227 1468 1356 1505 Quanto
1372 1468 1468 1510 igitur
1482 1469 1650 1512 perfectius

180 1522 440 1564 praestantiusque
455 1520 636 1554 vaticinium
651 1520 792 1562 augurali
806 1520 1018 1562 conjectione,
1039 1525 1072 1552 et
1085 1531 1197 1552 nomen
1214 1522 1351 1559 nomine,
1373 1533 1515 1565 opusque
1531 1534 1626 1566 opere
1640 1549 1648 1568 :

179 1580 269 1607 tanto
285 1575 490 1607 testificantur
503 1573 627 1617 antiqui
646 1575 782 1606 furorem
797 1586 832 1606 ex
850 1574 922 1606 Deo
947 1574 1132 1616 profectum,
1147 1586 1240 1618 quam
1255 1577 1422 1608 humanam
1441 1578 1650 1623 prudentiam,

180 1629 356 1671 praeclarius
371 1640 453 1662 esse·
493 1628 593 1670 Atqui
609 1630 754 1661 adversus
780 1629 905 1661 morbos
931 1634 964 1660 et
979 1628 1098 1660 labores
1126 1629 1287 1671 maximos,
1311 1631 1353 1662 ob
1377 1631 1509 1674 antiqua
1531 1631 1650 1664 delicta

179 1684 371 1726 quandoque
386 1682 492 1714 divina
503 1683 718 1725 indignatione
730 1683 911 1715 mortalibus
922 1683 1134 1721 imminentes,
1149 1684 1295 1725 gentibus
1305 1686 1491 1727 quibusdam
1501 1685 1649 1718 alicunde

177 1740 262 1770 furor
273 1738 456 1775 adveniens,
470 1747 507 1768 ac
531 1738 716 1779 praedicens,
731 1738 844 1779 quibus
861 1749 942 1779 opus
966 1743 1043 1779 erat,
1060 1738 1198 1770 remedia
1221 1739 1395 1777 adinvenit,
1409 1739 1593 1781 confugiens
1607 1740 1649 1771 ad

177 1796 254 1824 vota
267 1791 433 1833 cultusque
448 1790 587 1822 Deorum
603 1802 612 1835 ς
629 1792 715 1824 unde
727 1791 922 1833 expiationes
933 1792 1235 1834 propitiationesque
1247 1799 1448 1831 consecutus,
1457 1794 1649 1826 incolumem

177 1845 315 1877 reddidit
329 1845 541 1887 possidentem
554 1850 587 1876 et
601 1845 635 1876 in
650 1856 786 1886 praesens
798 1850 935 1885 tempus,
951 1851 983 1876 et
994 1845 1028 1876 in
1042 1846 1194 1884 futurum,
1207 1846 1434 1877 absolutionem
1448 1847 1647 1887 praesentium

177 1898 327 1929 malorum
341 1903 424 1930 recte
444 1898 559 1930 furenti
574 1903 791 1938 occupatoque
806 1898 950 1938 adeptus.
995 1897 1091 1939 [245]
1123 1898 1228 1928 Tertia
1241 1909 1312 1929 vero
1328 1909 1345 1929 a
1362 1899 1465 1931 Musis
1479 1901 1648 1942 occupatio

177 1956 211 1984 et
225 1952 320 1989 furor,
334 1951 508 1992 suscipiens
523 1956 660 1982 teneram
676 1950 890 1991 intactamque
907 1949 1053 1987 animam,
1068 1951 1198 1982 suscitat
1210 1951 1297 1982 illam
1314 1957 1408 1994 atque
1428 1954 1535 1986 afflat:
1562 1955 1648 1988 unde

177 2016 234 2048 por
247 2010 357 2038 cautus
378 2005 533 2046 aliamque
550 2004 673 2046 poesin
685 2003 820 2036 -infinita
845 2004 1042 2045 antiquorum
1063 2010 1151 2047 gesta
1173 2016 1338 2043 exornans,
1355 2007 1496 2049 posteros
1510 2008 1648 2041 instruit.

178 2060 234 2102 qui
260 2065 365 2093 autem
392 2060 509 2100 absque
537 2058 640 2092 furore
672 2057 834 2090 Musarum
863 2058 1008 2100 poeticas
1035 2060 1075 2090 ad
1105 2059 1186 2091 fores
1215 2061 1349 2099 accedit,
1378 2062 1552 2101 confidens,
1581 2069 1647 2096 arte

178 2114 314 2156 quadarn
339 2113 468 2155 poetam
485 2123 518 2144 se
543 2113 659 2145 bonum
687 2121 863 2150 evasurum,
883 2112 984 2145 inanis
1008 2113 1077 2155 ipse
1092 2114 1232 2155 quidem,
1258 2119 1353 2157 atque
1367 2115 1435 2157 ejus
1450 2116 1570 2158 poesis,
1582 2128 1647 2160 prae

177 2167 246 2204 illa,
260 2177 332 2210 quae
356 2178 396 2201 ex
417 2167 708 2209 furorevprocedit:
725 2177 795 2209 ⁴qua
819 2167 947 2209 quidem
967 2168 1050 2208 haec,
1071 2178 1142 2210 quae
1165 2179 1203 2200 ex
1218 2170 1386 2210 prudentia
1408 2171 1456 2208 fit,
1477 2171 1647 2204 evanescit.

175 2220 240 2253 Tot
252 2221 412 2263 equidem,
428 2231 464 2253 ac
479 2221 571 2252 etiarn
586 2219 689 2262 plura,
704 2220 805 2252 divini
819 2221 930 2253 suroris
942 2222 1091 2263 praeclara
1115 2233 1211 2264 opera
1226 2223 1337 2255 referre
1353 2235 1492 2266 possum.
1538 2226 1645 2268 Quare

175 2275 238 2306 hoc
252 2274 407 2317 ipsum.ne
422 2275 622 2307 formidemus
637 2287 646 2306 ι
669 2286 748 2307 neve
763 2275 828 2306 ulla
843 2286 900 2308 nos
915 2276 993 2307 ratio
1009 2277 1191 2315 absterreat,
1205 2279 1387 2317 ostendens,
1403 2280 1591 2321 prudentem
1613 2286 1647 2313 et

175 2339 284 2360 sanum
301 2329 416 2370 potius,
431 2339 524 2371 quam
540 2329 744 2368 concitatum,
761 2330 896 2362 amicum
911 2340 978 2362 esse
994 2330 1208 2372 deligendum.
1230 2337 1263 2363 at
1277 2332 1330 2364 ille
1344 2333 1472 2375 insuper
1486 2335 1646 2374 ostendat,

176 2383 201 2415 si
218 2388 333 2425 potest,
347 2393 383 2416 ac
407 2383 564 2415 victoriam
580 2388 728 2426 reportet,
742 2395 806 2415 non
834 2394 889 2426 pro
914 2385 1047 2417 utilitate
1070 2386 1202 2417 amantis
1225 2391 1258 2418 et
1278 2387 1374 2419 amati
1387 2398 1523 2420 amorem
1538 2399 1558 2420 a
1572 2388 1645 2420 Diis

175 2448 242 2471 esse
255 2447 451 2470 concessum.
474 2437 576 2469 Nobis
590 2448 663 2469 vero
676 2449 760 2470 nunc
771 2439 998 2471 ostendendum
1011 2445 1058 2471 est
1070 2445 1190 2477 contra,
1206 2451 1263 2482 pro
1278 2441 1428 2473 felicitate
1440 2442 1574 2474 maxima
1589 2443 1646 2474 hu·

171 2491 313 2534 jusmodi
326 2491 461 2524 furerem
473 2502 491 2523 a
506 2491 578 2523 Diis
594 2493 772 2524 hominibus
785 2504 852 2525 esse
867 2493 986 2525 datum.
1009 2494 1233 2526 demonstratio
1250 2501 1354 2527 autern
1369 2495 1429 2527 erit
1442 2496 1646 2528 contentiosis

175 2546 304 2589 quidem
315 2546 518 2584 incredibilis,
527 2546 721 2589 sapientibus
729 2558 800 2579 vero
809 2553 928 2581 contra.
941 2550 1076 2591 Oportet
1083 2554 1186 2580 autem
1198 2560 1255 2580 nos
1267 2550 1352 2591 prius
1363 2551 1403 2582 de
1415 2555 1525 2582 natura
1531 2550 1643 2582 animae

174 2600 289 2631 divinae
297 2604 330 2632 et
340 2600 495 2638 humanae,
503 2599 634 2632 affectus
641 2605 674 2632 et
682 2612 776 2644 opera
786 2601 956 2644 intuentes,
968 2613 1041 2634 vera
1049 2603 1184 2635 novisse.
1207 2603 1279 2636 Hoc
1286 2615 1358 2636 vero
1371 2604 1646 2636 demonstrationis

174 2653 270 2696 hujus
278 2652 466 2696 principium
473 2653 516 2685 sit
527 2666 535 2686 ε
549 2653 667 2687 Anima
678 2656 778 2687 onmis
790 2656 983 2688 immortalis.
994 2658 1078 2699 quod
1087 2657 1170 2688 enim
1179 2668 1299 2700 semper
1311 2665 1463 2701 movetur,
1473 2659 1646 2692 immortale

174 2713 233 2741 est.
276 2708 362 2751 quod
376 2718 449 2739 vero
465 2708 552 2741 aliud
569 2715 673 2742 movet
692 2710 732 2741 ab
746 2710 874 2753 alioque
888 2715 1041 2752 movetur,
1055 2722 1126 2744 curn
1142 2713 1306 2744 terminum
1321 2714 1436 2745 habeat
1452 2718 1567 2751 motus,
1582 2718 1644 2746 ter·

175 2762 295 2794 minum
305 2762 400 2794 habet
415 2767 448 2794 et
464 2762 549 2796 vitm.
592 2763 700 2795 Solum
714 2775 788 2807 crgo
803 2765 888 2807 quod
906 2775 937 2796 se
954 2765 1055 2806 ipsum
1072 2771 1188 2802 movet,
1204 2767 1279 2809 quia
1293 2777 1455 2810 nunquam
1470 2778 1504 2799 se
1517 2767 1644 2806 deserit.

174 2826 335 2858 nunquam
350 2821 452 2848 cessat
467 2818 584 2850 moveri
594 2829 610 2850 t.
629 2819 724 2850 immo
739 2829 812 2851 vero
828 2825 860 2851 et
877 2819 960 2861 aliis,
975 2830 1174 2862 quaecunque
1190 2826 1366 2862 moventur,
1379 2821 1415 2852 id
1429 2821 1499 2852 fons
1513 2828 1548 2853 et
1558 2822 1643 2864 prin—

173 2870 357 2912 cipiumrest
371 2872 530 2904 movendi.
575 2872 769 2915 Principium
785 2878 889 2906 autem
905 2874 972 2906 sine
986 2880 1055 2905 ortu
1079 2880 1139 2906 est.
1183 2886 1221 2906 ex
1246 2875 1402 2918 principio
1417 2875 1501 2907 enim
1515 2886 1644 2907 necesse

174 2930 235 2966 est,
249 2923 403 2967 quidquid
419 2931 594 2967 generatur,
610 2927 681 2968 oriri
696 2938 705 2960 ι
722 2927 824 2970 ipsum
840 2934 944 2961 autem
961 2939 999 2960 ex
1014 2929 1114 2962 nullo.
1127 2940 1198 2961 nam
1217 2930 1242 2961 si
1259 2929 1448 2971 principium
1464 2930 1593 2962 oriretur
1605 2939 1643 2961 ex
