1846 3268
174 267 243 317 21]
579 236 581 238 ¹
640 264 919 305 APOLOGIA
950 266 1228 306 socuArrs.
1562 269 1636 307 133

174 370 318 401 virtutem
334 369 434 400 bonos
447 366 599 399 efficeret:
617 349 724 409 ¹(esoet
736 378 809 399 vero
824 368 895 400 talis
910 373 964 400 aut
980 368 1167 410 equestrium
1183 367 1306 410 aliquis,
1318 372 1372 399 aut
1387 368 1636 412 agriculturam.)

173 423 269 455 Nunc
285 433 368 464 vero,
381 433 452 454 curu
468 421 524 452 filii
542 421 588 452 tui
605 421 670 452 siut
683 422 837 459 homines,
852 432 1019 463 quemnam
1035 422 1153 463 cogitas
1166 421 1230 453 illis
1245 420 1424 463 praefrcere?
1446 428 1479 453 et
1492 422 1635 464 quisnam

173 477 295 508 virtutis
308 476 402 518 hujus
425 476 568 507 humanae
582 479 678 517 atque
700 475 803 506 civilis
824 475 984 507 scientiam
1009 476 1127 507 habet?
1173 475 1325 513 Arbitror,
1348 475 1380 506 id
1396 479 1440 513 te,
1462 485 1534 506 cum
1557 476 1637 508 filios

173 531 300 567 habeas,
315 529 515 571 cogitavisse.
536 534 637 566 estne,
653 529 794 571 inquam,
807 529 877 560 talis
892 529 1018 572 aliquis,
1033 540 1073 561 au
1089 540 1152 561 non
1166 530 1177 560 ?
1213 529 1271 560 Est
1286 528 1440 570 profecto,
1455 529 1559 571 inquit
1569 530 1635 564 ille.

176 583 268 622 Quis,
281 582 423 625 inquam,
437 583 509 615 est?
531 588 565 614 et
580 583 687 614 unde?
710 588 743 614 et
768 588 887 625 quanta
908 583 1052 616 mercede
1072 582 1190 614 docet?
1234 583 1374 624 Evanu's,
1398 582 1512 623 inquit,
1535 588 1595 623 est,
1618 594 1638 614 o

173 638 327 674 Socrates,
343 637 452 668 Parius
465 648 475 677 ;
500 647 618 668 merces
632 647 704 668 vero
719 636 789 678 ejus
804 637 944 679 quinque
960 637 1073 680 minae-,4
1111 635 1220 677 Atque
1235 646 1294 677 ego
1308 635 1450 668 Evanum
1464 636 1639 668 existimavi

173 691 311 728 beatum.
327 691 353 722 si
368 701 472 723 revera
488 692 570 723 hanc
585 691 681 722 habet
696 696 807 731 artem,
829 695 925 732 atque
949 691 1028 721 adeo
1051 688 1218 729 diligenter
1239 690 1343 722 docet.
1386 689 1489 731 Atqui
1509 689 1590 731 ipse,
1612 690 1640 721 si

173 744 249 776 talia
262 745 382 783 scirem,
406 745 576 776 admodum
599 744 755 786 gloriarer,
777 750 810 775 et
832 744 936 785 magni
958 754 1008 774 me
1031 743 1177 775 facerem.
1199 743 1255 774 sed
1276 748 1372 780 certe,
1397 754 1416 774 o
1432 743 1488 774 viri
1503 742 1637 775 Atheni-

173 806 276 835 enses,
294 799 364 829 haec
376 799 522 840 equidem
538 798 660 829 nescio.
704 798 749 828 At
764 807 836 828 vero
853 797 989 838 requiret
1002 796 1105 827 forsan
1129 794 1241 837 aliquis
1256 800 1402 833 vestrum,
1426 796 1598 835 Quidnam,
1620 809 1640 830 ο

174 851 329 888 Socrates,
347 857 435 885 tuum
450 856 499 883 est
515 862 595 893 opus
608 851 619 882 ?
641 857 676 882 et
690 853 775 882 unde
791 852 937 882 adversus
952 855 984 882 te
995 855 1109 882 exortae
1125 854 1197 880 sunt
1211 850 1259 880 hae
1273 850 1459 882 calumniae?
1482 851 1542 883 nisi
1556 852 1640 884 enim

174 905 294 946 aliquid
311 910 422 947 praeter
436 904 566 936 aliorum
583 905 843 937 consuetudinem
859 915 977 946 ageres,
993 914 1154 945 nunquam
1174 908 1280 934 tantus
1298 903 1338 935 de
1357 909 1388 935 te
1411 914 1513 936 rumor
1532 908 1640 939 conci.

173 964 256 990 tatus
270 965 364 991 esset.
389 970 460 990 nam
477 960 560 991 unde
573 960 614 991 de
628 965 660 991 te
676 970 775 991 sermo
792 964 855 989 tarn
871 959 1028 1000 frequenti,
1051 958 1111 988 nisi
1136 957 1252 999 egisses
1268 957 1385 999 aliquid
1401 969 1420 989 a
1433 960 1544 991 ceteris
1559 961 1636 994 alie.

174 1023 248 1044 num
266 1013 278 1044 ?
322 1012 386 1045 Dic
401 1023 474 1055 ergo
483 1013 573 1044 nobis
587 1014 662 1055 quid
680 1013 806 1044 tandem
823 1013 855 1044 id
871 1013 924 1053 sit,
941 1023 980 1043 ne
997 1022 1054 1043 nos
1069 1012 1109 1043 de
1124 1016 1155 1043 te
1175 1016 1288 1043 temere
1307 1012 1425 1054 aliquid
1447 1013 1642 1054 judicemus.

173 1061 194 1099 J
198 1071 266 1098 usta
290 1077 365 1098 sane
390 1068 458 1099 haec
483 1067 559 1098 mihi
585 1068 708 1099 videtur
732 1066 934 1107 interrogatio
947 1076 958 1097 t
990 1070 1086 1107 atque
1109 1075 1168 1106 ego
1190 1065 1278 1096 vobis
1303 1067 1440 1098 conabor
1462 1069 1639 1109 ostendere,

175 1121 324 1162 quidnam
339 1121 372 1152 id
397 1122 449 1158 sit,
474 1122 561 1163 quod
583 1121 658 1151 mihi
683 1125 798 1151 nomen
813 1122 886 1161 hoc,
901 1124 934 1150 et
947 1118 1135 1150 calumniam
1152 1118 1287 1160 peperit.
1331 1120 1394 1151 Sed
1419 1121 1527 1153 audite
1546 1122 1639 1163 jam;

175 1175 234 1205 etsi
259 1185 376 1212 vereor,
394 1186 434 1206 ne
449 1175 528 1206 forte
543 1175 732 1217 quibusdam
748 1180 883 1205 vestrum
906 1173 1008 1215 jocari
1025 1173 1140 1204 videar.
1162 1178 1374 1205 verumtamen
1387 1174 1573 1213 existimate,
1588 1187 1639 1209 me

175 1229 264 1260 vobis
278 1239 350 1259 vera
365 1228 492 1260 omnino
515 1229 691 1270 dicturum.
728 1228 901 1270 Equidem,
929 1238 948 1259 ο
964 1227 1020 1258 viri
1041 1226 1263 1263 Athenienses,
1284 1237 1348 1258 non
1368 1229 1409 1259 ob
1435 1228 1520 1260 aliud
1544 1235 1640 1270 certe,

173 1292 267 1323 quam
282 1283 323 1312 ob
337 1283 523 1323 sapientiam
538 1283 711 1324 quandam,
725 1282 883 1323 ejusmodi
898 1291 1013 1312 nornen
1028 1285 1138 1311 nactus
1149 1291 1228 1311 sum.
1270 1281 1333 1312 Sed
1349 1282 1390 1312 ob
1404 1292 1498 1323 quam
1513 1284 1639 1325 sapien-

173 1335 269 1366 tiam?
292 1335 372 1366 forte
387 1337 428 1367 ob
443 1347 523 1372 earn,
539 1347 610 1378 quae
626 1337 763 1367 humana
778 1335 934 1377 sapientia
946 1339 1005 1365 est.
1028 1345 1100 1364 nam
1115 1335 1174 1365 hac
1189 1344 1295 1365 revera
1307 1335 1431 1376 sapiens
1440 1347 1506 1368 esse
1518 1338 1636 1372 videor.

174 1388 226 1420 Illi
240 1399 325 1426 vero,
340 1400 419 1430 quos
433 1390 530 1431 paulo
546 1394 620 1421 ante
636 1390 930 1429 commemorabam,
954 1388 1103 1429 majorem
1126 1388 1206 1419 forte
1228 1389 1386 1429 quandam
1405 1390 1541 1422 humana
1555 1394 1639 1435 sapi-

174 1442 289 1474 entiam
306 1443 480 1482 haberent;
500 1444 551 1475 vel
566 1443 644 1485 quid
659 1443 775 1480 dicam,
800 1453 864 1474 non
880 1443 980 1473 habeo
998 1454 1004 1472 :
1029 1452 1132 1483 neque
1155 1441 1238 1472 enim
1259 1452 1318 1483 ego
1341 1453 1379 1474 ea
1395 1445 1543 1484 praeditus
1557 1458 1636 1479 sum,

174 1495 270 1533 Quod
286 1497 311 1527 si
327 1497 396 1538 quis
411 1507 460 1528 me
474 1498 556 1528 hanc
573 1497 736 1539 possidere
751 1497 848 1534 dicat,
863 1496 1023 1532 mentitur,
1049 1501 1082 1526 et
1096 1496 1129 1526 in
1144 1505 1244 1526 meam
1261 1496 1446 1529 calumniam
1461 1500 1530 1531 haec
1540 1501 1636 1534 dicit.

172 1549 235 1581 Sed
249 1561 290 1582 ne
303 1551 390 1582 vobis
403 1551 569 1582 molestum
583 1551 634 1589 sit,
651 1562 670 1582 o
684 1551 742 1582 viri
758 1550 980 1590 Athenienses,
995 1549 1020 1580 si
1035 1550 1111 1591 quid
1126 1549 1214 1580 vobis
1230 1560 1376 1591 magnum
1394 1551 1498 1584 dicere
1509 1554 1616 1586 videar
1629 1567 1638 1587 :

174 1604 371 1645 nequeenim
387 1615 424 1636 ex
441 1615 493 1636 me
507 1606 670 1636 dumtaxat
685 1605 802 1643 dicam,
827 1605 880 1636 sed
909 1608 1021 1635 testem
1039 1602 1125 1634 vobis
1145 1602 1271 1635 afferam
1293 1604 1356 1635 fide
1377 1605 1516 1646 dignum.
1561 1608 1639 1640 Pro.

172 1657 270 1696 fecto,
293 1659 396 1700 siqua
419 1659 496 1690 mihi
514 1665 562 1690 est
584 1659 749 1701 sapientia,
771 1659 872 1700 qualis
895 1668 931 1689 ea
955 1657 1007 1694 sit,
1031 1662 1142 1688 testem
1163 1657 1320 1688 adhibebo
1335 1658 1423 1690 vobis
1445 1659 1638 1702 Delphicum

173 1712 281 1744 deum.
326 1712 587 1754 Chaerephontem
604 1719 685 1745 certe
701 1713 842 1745 novistis.
867 1712 920 1743 ille
943 1711 1018 1753 [21]
1041 1709 1200 1742 familiaris
1216 1710 1291 1742 mihi
1314 1716 1379 1742 erat
1397 1713 1436 1743 ab
1456 1713 1638 1757 juventute,

174 1771 346 1808 vestraeque
359 1767 555 1799 multitudini
570 1769 703 1806 amicus,
719 1778 756 1799 ac
772 1768 882 1810 pulsus
898 1776 961 1798 una
977 1765 1136 1797 vobiscum
1151 1765 1224 1806 fuit,
1246 1770 1280 1796 et
1294 1766 1384 1798 simul
1405 1767 1439 1798 in
1463 1769 1568 1801 urbem
1591 1782 1640 1803 re·

174 1830 291 1852 versus,
334 1819 478 1852 Novistis
493 1822 588 1863 plane
611 1823 712 1864 qualis
735 1827 803 1853 erat
826 1822 1040 1862 Chaerephon‚
1062 1830 1157 1861 quam
1173 1820 1341 1851 vehemens
1364 1821 1403 1851 ad
1426 1824 1639 1867 quodcunque

174 1884 209 1905 ae
223 1875 436 1906 convertisset.
479 1875 542 1907 Hic
557 1886 630 1918 ergo
645 1877 836 1918 quandoque
852 1875 1011 1918 profectus
1028 1874 1059 1905 iu
1076 1874 1235 1915 Delphos,
1256 1874 1436 1907 vaticinium
1461 1876 1493 1907 id
1509 1879 1642 1919 experiri

173 1937 267 1958 ursus
279 1932 338 1960 est.
382 1927 435 1960 Ne
450 1928 583 1970 graviter
598 1930 714 1967 feratis,
728 1941 747 1960 o
764 1930 835 1970 viri,
849 1929 936 1971 quod
951 1927 985 1960 in
1001 1927 1167 1970 praesentia
1182 1938 1250 1958 sum
1269 1928 1421 1961 dicturus.
1466 1930 1641 1974 Interroga.

174 1981 221 2012 vit
233 1982 352 2024 utique,
369 1993 409 2014 an
424 1988 506 2015 esset
521 1983 601 2015 ullus
616 1995 667 2015 me
691 1984 872 2025 sapientior.
915 1982 1096 2024 Respondit
1117 1982 1246 2025 Pythia,
1267 1982 1486 2024 sapientiorem
1501 1995 1570 2017 esse
1584 1997 1641 2019 ne-

173 2036 301 2068 minem.
341 2035 398 2068 De
413 2037 462 2068 his
476 2037 604 2080 quidem
619 2038 712 2069 frater
728 2038 788 2069 iste
803 2048 878 2068 suus
893 2037 981 2068 vobis
1009 2035 1226 2068 testificabitur
1239 2047 1245 2066 z
1269 2046 1340 2066 nam
1363 2036 1417 2068 ille
1433 2037 1496 2070 vita
1517 2039 1641 2071 functus

173 2095 236 2122 est.
282 2090 489 2124 Considerate
503 2102 590 2133 vero,
605 2102 736 2134 quorum
751 2092 850 2134 gratia
863 2092 930 2123 haec
944 2091 1060 2122 dicam.
1085 2090 1186 2121 debeo
1199 2089 1282 2121 enirn
1300 2090 1387 2121 vobis
1403 2092 1534 2132 aperire,
1557 2094 1640 2126 unde

173 2145 244 2176 hoec
258 2146 420 2178 adversum
442 2157 492 2178 me
514 2147 674 2178 calumnia
688 2147 729 2178 sit
750 2151 867 2179 exorta.
911 2146 1074 2182 Profecto,
1095 2155 1166 2176 cum
1182 2144 1249 2175 haec
1265 2144 1433 2187 audissem,
1457 2145 1503 2176 ita
1518 2157 1640 2179 mecum

174 2197 245 2240 ipse
266 2200 420 2241 reputavi,
445 2200 607 2237 Quidnam
629 2200 720 2232 Deus
745 2200 806 2231 ait?
830 2201 946 2241 quidve
962 2198 1084 2230 voluit?
1128 2197 1197 2238 Ego
1212 2197 1296 2228 enim
1313 2198 1388 2228 milri
1403 2199 1546 2230 conscius
1561 2211 1643 2238 sum,

174 2262 279 2294 neque
294 2253 327 2284 in
342 2254 474 2295 magnis,
488 2265 591 2297 neque
603 2255 638 2286 in
653 2255 756 2296 parvis
770 2265 838 2285 esse
863 2265 912 2284 me
935 2253 1122 2294 sapientem.
1166 2251 1255 2288 Quid
1277 2250 1371 2292 igitur
1392 2251 1452 2283 sibi
1467 2251 1545 2290 vult,
1568 2263 1640 2284 cum

176 2316 226 2337 me
250 2307 359 2338 asserit
378 2307 664 2349 sapientissimum?
710 2307 818 2339 Deum
838 2307 964 2348 quidem
989 2305 1113 2336 mentiri
1138 2315 1203 2335 uon
1226 2309 1274 2336 est
1299 2305 1490 2336 crede-ndum
1503 2317 1512 2338 z
1537 2317 1640 2348 neque

175 2360 258 2390 enirn
270 2360 304 2392 id
319 2360 366 2391 fas
380 2366 428 2392 est
443 2361 527 2393 Deo.
570 2362 678 2404 Atque
693 2361 739 2393 ita
753 2361 786 2392 in
802 2361 951 2392 diuturna
966 2358 1170 2400 ambiguitate
1185 2362 1323 2390 versatus
1339 2368 1419 2399 sum,
1434 2364 1640 2401 perscrutans,

174 2413 252 2455 quid
268 2414 449 2455 significarit
465 2415 624 2447 oraculum
639 2426 647 2447 :
672 2420 744 2457 post
758 2417 826 2447 haec
843 2420 946 2446 autem
959 2414 1010 2444 vix
1034 2413 1161 2444 tandem
1181 2417 1254 2453 post
1275 2412 1383 2453 longas
1397 2413 1542 2453 ambages
1557 2413 1636 2444 viam

177 2465 331 2507 ejusmodi
349 2478 417 2499 sum
430 2469 596 2510 ingressus.
620 2479 782 2510 aggressus
798 2469 884 2500 enim
899 2479 965 2499 sum
989 2467 1146 2509 quendam
1161 2477 1198 2497 ex
1214 2466 1273 2502 his,
1289 2465 1343 2507 qui
1357 2464 1514 2506 sapientes
1529 2466 1638 2498 viden-

177 2525 237 2561 tur,
253 2521 342 2562 quasi
357 2521 389 2552 in
406 2522 476 2559 hoe,
493 2522 592 2553 sicubi
607 2533 756 2564 unquam,
775 2522 1026 2564 redargutionem
1047 2519 1189 2551 vaticinii
1208 2519 1356 2554 facturus,
1380 2519 1568 2561 oraculoque
1590 2530 1639 2551 os-

176 2578 330 2611 tensurus,
346 2584 410 2605 non
424 2585 474 2606 rue
487 2575 626 2616 quidem,
643 2587 736 2618 quem
760 2576 952 2617 praesecerat,
968 2574 1022 2605 sed
1037 2573 1136 2610 illum,
1160 2582 1226 2603 esse
1246 2571 1279 2603 in
1302 2571 1455 2614 sapientia
1474 2573 1640 2614 pracferen-

177 2628 266 2660 dum.
311 2628 399 2659 Dum
414 2638 487 2670 ergo
503 2629 589 2660 illum
605 2629 811 2661 examinarem
826 2641 834 2660 ι
858 2628 968 2672 <hujus
982 2637 1052 2658 vero
1069 2636 1183 2657 nomen
1199 2635 1338 2666 proruere
1354 2636 1418 2656 non
1433 2630 1481 2657 est
1494 2636 1640 2658 necessa-

176 2681 277 2721 rium3
300 2682 356 2713 sed
370 2686 436 2713 erat
459 2681 587 2724 quidam
609 2694 648 2714 ex
668 2683 729 2722 his,
751 2683 806 2725 qui
828 2683 861 2714 in
883 2682 1044 2723 republica
1059 2684 1218 2711 versantur
1229 2678 1256 2722 ε)
1279 2679 1378 2716 illurn,
1401 2679 1542 2722 inquam,
1564 2680 1638 2711 dum

176 2735 398 2777 examinarem,
414 2744 540 2778 unaque
553 2736 746 2775 dissererem,
763 2748 782 2768 ο
794 2737 850 2768 viri
872 2735 1094 2770 Athenienses,
1115 2734 1199 2764 hunc
1213 2733 1246 2764 in
1261 2733 1387 2764 modum
1402 2733 1533 2764 affectus
1547 2743 1613 2764 sum
1629 2744 1638 2763 ς

177 2789 262 2820 visus
278 2789 353 2820 mibi
368 2794 417 2820 est
437 2790 483 2820 vir
505 2789 560 2821 ille
576 2790 673 2822 videri
687 2791 815 2833 quidem
831 2790 1036 2832 sapieasvtum
1060 2787 1141 2824 aliis,
1164 2792 1230 2818 tum
1246 2787 1298 2818 vel
1317 2787 1448 2818 maxime
1471 2787 1531 2818 sibi
1552 2786 1636 2828 ipsi3

177 2851 246 2874 esse
260 2854 332 2875 vero
347 2838 557 2885 nequaquam.
580 2844 694 2876 deinde
710 2850 840 2876 conatus
858 2855 926 2875 sum
940 2843 987 2874 illi
1001 2842 1179 2878 ostendere,
1201 2846 1311 2882 putare
1324 2841 1451 2883 quidem
1466 2851 1549 2882 eum,
1571 2849 1638 2870 esse

178 2906 212 2926 se
227 2896 411 2938 sapientem,
427 2897 482 2929 sed
497 2897 624 2930 minime
639 2907 718 2931 esse.
763 2899 963 2940 Quapropter
990 2900 1022 2927 et
1042 2895 1096 2927 ilie
1110 2895 1250 2926 infensus
1265 2894 1341 2926 mihi
1361 2893 1500 2926 redditus
1513 2897 1561 2925 est
1572 2904 1582 2931 3
1604 2897 1639 2923 et

178 2949 269 2981 multi
281 2950 334 2992 qui
358 2951 500 2994 aderant,
513 2952 646 2993 graviter
661 2951 693 2983 id
718 2952 865 2986 tulerunt.
910 2951 1023 2991 Itaque
1047 2950 1087 2981 ad
1107 2949 1260 2992 meipsum
1282 2959 1431 2986 reversus,
1456 2948 1499 2980 ita
1515 2955 1636 2978 meeum
