1846 3268
171 270 267 325 181]
738 265 1094 312 THRAETETUS.
1555 273 1637 315 253

166 379 298 412 maxime
309 378 455 412 convinci
464 378 548 411 illius
563 384 661 408 ser-mo
677 375 810 413 videtur,
825 377 862 408 et
875 387 914 407 ex
929 377 991 408 hoc
1005 386 1071 408 non
1097 375 1187 415 nihil,
1202 374 1288 420 quod
1309 375 1440 409 aliorum
1467 377 1636 420 opiniones

166 434 285 466 validas
300 433 414 465 efficitz
437 433 486 463 1³ae
501 440 574 466 vere
589 439 747 462 sermones
758 429 846 462 illius
876 430 982 472 palarn
1004 431 1183 473 reprobant,
1197 430 1294 462 falsos
1307 430 1532 463 ex'mtirnantes.
1578 432 1638 464 So.

164 487 205 519 In
221 487 324 518 multis
337 486 478 528 insuper,
493 496 513 517 o
521 484 699 521 Theodore,
711 484 908 525 deprehendi
918 485 979 516 boc
992 485 1078 522 licet,
1090 495 1153 516 non
1166 495 1290 516 omnem
1301 485 1440 516 omniurn
1452 485 1635 527 opinionem

166 551 272 573 veram
283 540 424 572 existere.
446 539 505 571 sed
517 538 602 571 circa
617 542 804 580 praeaentem
820 538 939 581 cuique
954 539 1146 580 passionem,
1161 550 1200 570 ex
1211 549 1274 580 qua
1288 549 1397 570 seusus
1412 543 1446 570 et
1459 539 1635 571 secundum

164 604 219 626 eos
242 594 407 636 opiniones
431 597 613 630 nascuntur,
627 592 787 624 difficilius
802 592 1066 634 deprehenditur,
1081 603 1190 624 sensus
1214 593 1443 635 opinionesque
1458 603 1546 625 veras
1568 602 1635 624 non

165 655 244 680 esse.
288 647 380 679 Forte
395 656 468 678 vero
482 646 562 679 nihil
577 647 662 679 dico.
684 657 755 678 nam
782 646 809 678 si
824 651 979 679 assecutae
1007 651 1091 684 sunt,
1113 647 1262 678 convinci
1277 657 1340 678 non
1355 651 1509 689 possunt:
1532 650 1565 678 et
1579 646 1636 688 qui

162 700 234 732 illas
255 705 354 732 certas
379 706 475 743 atque
501 700 650 733 scientias
674 711 743 732 esse
768 705 955 738 assererent,
971 700 1103 732 forsitan
1129 710 1193 732 non
1219 700 1407 732 aberrarent.
1452 698 1496 732 Et
1518 699 1636 732 iccirco

163 754 343 792 Theaetetus
365 754 423 787 iste
448 755 534 786 haud
557 755 600 786 ab
626 765 659 786 re
684 754 799 796 inquit,
814 744 943 787 seriarum
966 759 999 786 et
1019 754 1181 786 scientiam
1195 753 1283 785 idem
1297 764 1378 787 esse.
1423 755 1635 792 Quamobrem

165 807 293 849 propius
316 809 532 840 accedendum
553 815 615 847 est,
641 809 913 851 quemadmodum
937 808 1147 850 Protagoreus
1171 817 1271 840 sermo
1300 807 1463 850 praecepit,
1492 813 1525 840 et
1552 810 1636 840 hanc

163 862 314 903 agitatam
328 862 498 895 essentiam
518 863 676 904 pulsando
692 861 951 900 examinationum,
964 862 1162 904 integrumne
1178 872 1218 894 an
1233 861 1376 894 collisum
1389 872 1500 893 sonum
1513 862 1636 894 reddat.

167 924 274 957 pugna
288 916 397 958 utique
411 917 453 949 de
465 915 520 948 illa
534 927 599 949 non
615 917 779 949 mediocris
793 927 853 949 nec
867 947 869 953 ,
883 917 965 949 inter
988 926 1108 959 paucos
1131 915 1261 948 exstitit.
1307 916 1417 948 Tuzo.
1440 915 1634 948 Permultum

165 978 241 1001 sane
255 970 356 1007 abest,
371 975 406 1002 ut
420 969 490 1002 vilis
504 971 666 1003 contentio
680 971 731 1013 sit,
746 981 817 1012 quae
833 981 895 1012 per
913 971 1037 1003 Ioniam
1063 971 1178 1012 passim
1192 975 1364 1011 propagata
1388 973 1457 1000 est:
1481 969 1637 1011 siquidem

166 1023 317 1056 Heracliti
332 1025 473 1067 studiosi,
486 1025 560 1056 huic
587 1025 723 1057 sermoni
748 1035 950 1067 summopere
966 1025 1185 1066 suffragantur.
1228 1024 1284 1055 So.
1306 1023 1489 1064 Propterea,
1503 1033 1523 1052 o
1537 1022 1638 1055 amice

165 1076 343 1115 Theodore,
359 1088 378 1109 a
393 1079 567 1120 primordiis
581 1080 650 1111 haec
664 1079 864 1121 inspicienda
890 1083 977 1115 sunt,
989 1083 1025 1108 ut
1049 1077 1094 1107 illi
1111 1080 1304 1118 proponunt.
1348 1075 1459 1107 Tnso.
1482 1075 1634 1109 omnino.

164 1131 295 1169 etenim,
310 1142 329 1162 o
345 1132 499 1170 Socrates,
513 1133 554 1164 de
568 1133 616 1162 hia
629 1132 826 1162 Heraclitieis
839 1132 906 1171 vel,
921 1135 958 1161 ut
972 1130 1039 1170 ipse
1055 1131 1114 1170 ais,
1129 1129 1306 1161 Homericis
1319 1139 1356 1160 ac
1370 1129 1462 1160 etiam
1478 1129 1638 1171 antiquio·

165 1184 250 1216 ribus
263 1185 296 1215 id
312 1185 504 1216 existimatur
528 1185 568 1216 ab
595 1183 740 1226 Ephesiis
761 1194 866 1216 rerum
894 1184 1015 1225 peritis,
1030 1184 1117 1225 quod
1140 1194 1204 1214 non
1230 1183 1319 1215 aliter
1343 1192 1437 1224 quam
1463 1183 1589 1215 stimulo
1603 1189 1638 1215 et

164 1238 267 1270 surore
293 1238 472 1280 loquantur.
515 1236 636 1279 Aperte
660 1237 743 1269 enim
767 1238 801 1268 in
816 1237 947 1278 sciptis
962 1236 1026 1268 suis
1041 1237 1194 1269 feruntur.
1239 1236 1333 1268 Mora
1348 1241 1454 1268 autem
1469 1242 1634 1279 exspecta-

165 1291 272 1333 tioque
287 1291 319 1322 in
334 1301 475 1322 sermone
490 1295 523 1322 et
536 1290 775 1332 quaestionibus,
791 1295 823 1322 et
837 1289 932 1332 quies
946 1290 1028 1321 iuter
1042 1290 1297 1332 respondendum
1304 1289 1638 1333 interrogandumque,

165 1344 267 1376 minus
291 1344 355 1376 illis
378 1344 476 1386 [180]
499 1345 588 1376 adest
613 1354 708 1386 quam
735 1345 822 1386 quod
843 1344 927 1375 nihil
951 1349 1020 1385 est;
1043 1345 1138 1376 immo
1160 1344 1255 1376 etiam
1277 1348 1416 1385 superat,
1430 1345 1516 1385 quod
1532 1354 1636 1387 neque

148 1438 150 1440 v
165 1397 242 1429 nihil
256 1409 265 1431 z
288 1398 327 1429 ad
355 1398 388 1428 id
411 1398 496 1441 quod
523 1408 625 1440 neque
649 1397 810 1440 paululum
834 1396 916 1439 qmid
939 1397 1000 1429 illis
1026 1397 1142 1440 quietis
1168 1397 1257 1429 assit.
1280 1398 1335 1429 sed
1351 1397 1376 1429 si
1391 1407 1485 1439 quern
1509 1397 1635 1430 illorum

163 1452 271 1494 aliqua
285 1452 325 1483 de
339 1462 372 1484 re
387 1452 568 1494 interroges,
582 1456 731 1494 tanquam
746 1462 783 1483 ex
800 1451 949 1494 phaoeetra
960 1451 1091 1484 obscura
1101 1451 1230 1483 verbula
1239 1452 1460 1493 depromentes
1475 1452 1637 1494 sagittent.

163 1511 199 1539 et
212 1506 238 1538 si
252 1505 346 1548 hujus
360 1506 511 1537 rationem
527 1506 698 1548 perquiras,
714 1505 812 1537 altera
825 1504 966 1547 qua-dam
993 1510 1024 1537 te
1045 1515 1129 1537 nova
1153 1505 1410 1537 denominatione
1433 1505 1613 1547 percutiunt
1624 1518 1634 1538 ε

166 1571 328 1602 nunquam
342 1569 412 1591 vero
428 1570 498 1591 cum
513 1559 637 1590 illorum
653 1559 759 1601 aliquo
775 1559 949 1602 quiequam
965 1559 1121 1602 perficies,
1136 1569 1240 1601 neque
1265 1559 1327 1601 ipsi
1341 1559 1486 1592 invicem.
1531 1559 1635 1602 quue

167 1624 263 1646 unum
280 1612 549 1645 observantissime
564 1618 685 1649 curant,
701 1618 737 1644 ut
751 1613 829 1644 nihil
846 1612 962 1644 staibile
976 1617 1032 1643 aut
1045 1612 1077 1644 in
1094 1623 1235 1644 sermone
1249 1618 1304 1644 aut
1319 1613 1350 1644 in
1366 1613 1476 1644 animis
1490 1613 1555 1645 suis
1566 1624 1635 1646 esse

167 1667 360 1709 permittant,
377 1671 534 1708 putantes,
547 1672 583 1697 ut
597 1667 672 1698 mihi
696 1666 830 1705 videtur,
846 1667 879 1698 id
900 1666 1007 1708 ipsum
1029 1666 1143 1698 stabile
1156 1677 1224 1698 esse
1238 1678 1245 1697 ι
1269 1671 1364 1708 atque
1381 1666 1412 1697 id
1429 1667 1503 1698 totis
1517 1666 1634 1699 viribus

165 1722 359 1754 insectantur
371 1726 405 1752 et
419 1721 559 1762 undique
574 1721 773 1752 vehementer
786 1720 964 1762 expellunt.
1007 1721 1065 1754 So.
1089 1720 1244 1757 Forsitan,
1259 1720 1465 1757 oTheodore,
1481 1720 1538 1751 hos
1552 1720 1636 1752 viros

164 1775 199 1807 in
214 1785 321 1817 pugna
340 1775 459 1812 vidisti,
473 1774 507 1806 in
531 1785 611 1816 pace
627 1785 698 1806 vero
725 1785 941 1816 nequaquam.
965 1785 1069 1816 neque
1095 1774 1179 1806 enim
1207 1774 1299 1806 amici
1314 1774 1371 1805 tibi
1386 1778 1469 1806 sunt.
1515 1773 1633 1805 Verum

165 1829 240 1861 talia
263 1829 407 1871 quasdam
430 1828 592 1870 discipulis
612 1829 688 1870 suis,
702 1834 738 1859 ut
758 1829 901 1870 arbitror,
917 1828 951 1859 in
977 1828 1041 1860 otio
1065 1828 1188 1866 dicunt,
1203 1839 1285 1870 quos
1300 1828 1416 1860 similes
1430 1828 1488 1859 sibi
1503 1828 1633 1859 reddere

166 1882 287 1914 volunt.
331 1882 439 1915 Taso.
464 1883 589 1920 Quibus
611 1882 787 1924 discipulis,
803 1893 822 1913 ο
847 1883 967 1914 beate?
991 1892 1095 1925 neque
1121 1882 1204 1914 enirn
1230 1883 1311 1913 inter
1324 1881 1400 1913 istos
1415 1882 1493 1912 alter
1505 1881 1634 1913 alterius

166 1936 202 1967 fit
216 1936 400 1978 discipulus,
418 1936 473 1967 sed
498 1941 610 1978 sponte
635 1942 816 1974 nascuntur,
837 1937 1053 1979 undecunque
1067 1936 1224 1979 contingit
1238 1947 1344 1967 eorum
1360 1946 1517 1979 quemque
1531 1935 1634 1968 furore

165 1989 299 2031 corripi:
323 1995 418 2032 atque
444 1989 522 2021 alter
542 1990 671 2022 alterum
695 1991 772 2022 scire
798 1991 878 2022 nihil
899 1990 1073 2023 existimat.
1118 1990 1172 2022 Ab
1194 1990 1261 2022 istis
1287 1990 1394 2032 itaque
1417 1990 1583 2027 rationem,
1598 1994 1635 2021 ut

164 2043 259 2075 modo
274 2043 430 2079 dicebam.
445 2043 561 2075 nullam
580 2054 717 2086 unquam
744 2045 893 2087 accipies,
914 2055 978 2076 nee
993 2045 1173 2077 volentibus
1197 2054 1256 2076 nec
1281 2044 1398 2077 invitis.
1442 2043 1512 2076 Nos
1527 2049 1631 2077 autem

162 2101 289 2139 oportet
297 2102 444 2139 tanquam
458 2098 672 2139 propositione
687 2103 820 2141 accepta
833 2098 1046 2132 considerare.
1092 2099 1149 2131 So.
1173 2099 1259 2131 Scite
1275 2099 1422 2141 loqueris.
1443 2099 1633 2141 propositio·

164 2160 235 2182 nem
261 2151 415 2192 siquidem
438 2151 530 2183 aliam
558 2154 716 2194 quandam
741 2154 922 2195 accepimus
945 2164 965 2185 a
980 2153 1089 2195 priscis
1105 2153 1138 2184 in
1155 2158 1300 2195 poemate
1315 2153 1427 2194 vulgus
1442 2152 1631 2190 celantibus,

162 2205 248 2246 quod
264 2205 350 2246 origo
366 2204 495 2236 aliorum
510 2206 647 2238 omnium
659 2207 806 2239 Oceanus
821 2207 946 2239 scilicet
965 2212 1060 2249 atque
1073 2205 1197 2250 Tethys
1217 2207 1319 2238 fluxus
1333 2211 1382 2238 est
1395 2206 1538 2249 nihilque
1553 2216 1630 2238 con·

162 2257 253 2293 sistit.
277 2269 296 2289 a
320 2259 541 2291 recentioribus
563 2265 665 2292 autem
687 2261 776 2302 quasi
800 2260 1044 2304 sapientioribus
1067 2262 1172 2303 palam
1198 2260 1496 2296 demonstrantibus,
1525 2264 1559 2291 ut
1582 2261 1632 2291 vel

162 2313 316 2349 cerdones
331 2323 436 2344 eorum
453 2314 640 2355 sapientiam
665 2315 823 2346 audiendo
839 2315 1055 2357 perciperent,
1067 2316 1313 2357 desinerentqne
1329 2314 1423 2346 stulte
1438 2319 1562 2356 putare,
1583 2324 1632 2345 res

163 2365 275 2406 partim
290 2371 381 2404 stare,
397 2367 511 2408 partim
525 2373 632 2399 contra
648 2369 777 2406 moveri,
793 2369 1014 2411 discentesque
1030 2368 1150 2400 moveri
1164 2368 1283 2405 omnia,
1298 2368 1384 2410 ipsos
1398 2372 1630 2400 venerarentur.

163 2418 272 2450 Ferme
287 2424 406 2457 autem,
420 2431 439 2451 o
454 2421 630 2458 Theodore,
646 2433 696 2454 me
719 2423 801 2463 fugit
826 2423 958 2454 aliorum
986 2424 1188 2464 quorundam
1212 2422 1334 2464 opinio,
1351 2421 1405 2464 qui
1418 2421 1573 2453 contraria
1595 2432 1632 2452 ac

161 2470 214 2502 isti
239 2477 464 2506 monstraruntz
487 2474 623 2505 universi
638 2475 784 2507 videlicet
805 2486 980 2517 congruum
1002 2487 1119 2508 nornen
1147 2486 1219 2508 essse
1233 2477 1292 2508 hoc
1308 2476 1444 2507 existens
1459 2475 1632 2512 immobile,

162 2530 195 2556 et
216 2524 290 2566 alia,
305 2536 501 2568 quaecunque
523 2527 663 2559 Melissei
689 2528 952 2571 Parmenideique
975 2530 1180 2562 adversantes
1200 2530 1247 2560 his
1275 2529 1421 2561 omnibus
1443 2533 1632 2565 asseverant,

164 2579 250 2620 quod
267 2579 372 2610 omnia
387 2590 483 2610 unum
499 2586 585 2622 sunt,
601 2581 697 2623 idque
712 2593 808 2614 unum
826 2583 928 2624 ipsum
945 2583 980 2614 in
1006 2583 1111 2624 seipso
1132 2583 1292 2624 consistit,
1317 2583 1419 2614 locum
1434 2582 1467 2613 in
1483 2594 1546 2624 quo
1563 2593 1632 2612 mo-

165 2636 274 2663 veatur
289 2632 408 2663 nullum
424 2633 551 2674 penitus
564 2636 693 2667 habens.
738 2636 826 2673 Quid
842 2637 882 2668 de
897 2636 945 2668 his
958 2637 1116 2678 omnibus,
1129 2647 1148 2668 o
1169 2637 1278 2674 amice,
1295 2636 1486 2668 dicendum?
1509 2635 1631 2667 Sensim

163 2695 299 2727 namque
314 2687 480 2728 progressi,
496 2693 694 2730 utrorumque
710 2689 804 2721 medii
820 2690 900 2722 clam
924 2691 1090 2722 evasimus.
1113 2691 1205 2732 quod
1231 2689 1258 2721 si
1279 2689 1366 2721 nullo
1382 2694 1476 2731 pacto
1491 2698 1632 2732 propug-

163 2744 274 2771 nantes
299 2741 445 2771 abeamus
470 2741 623 2778 imbelles,
648 2742 744 2785 [181]
769 2754 876 2785 poenas
898 2744 1041 2776 dabimus
1057 2744 1154 2775 instar
1171 2754 1293 2781 eorum,
1307 2744 1362 2786 qui
1376 2744 1411 2776 in
1426 2743 1577 2785 palaestris
1591 2743 1632 2774 ad

163 2793 278 2824 lineam
304 2793 429 2831 ludunt,
452 2795 580 2836 quando
605 2796 645 2827 ab
667 2797 805 2839 utrisque
820 2798 1009 2840 apprehensi
1025 2798 1058 2829 in
1073 2798 1232 2829 contraria
1246 2798 1469 2829 distrahuntur.
1514 2796 1568 2827 De
1583 2796 1632 2827 his

163 2846 270 2888 itaque
285 2847 371 2889 prius
383 2849 541 2889 agendum
557 2848 695 2890 videtur,
714 2861 793 2892 quos
808 2851 910 2895 PQ‘?
932 2851 1067 2883 fluentes
1081 2851 1225 2893 aggiressi
1239 2861 1355 2883 sumus.
1379 2855 1411 2882 et
1426 2850 1451 2881 si
1464 2849 1541 2892 quid
1558 2858 1632 2890 pro·

162 2900 265 2933 babile
280 2902 384 2933 dicere
400 2902 601 2942 videbuntur,
617 2915 688 2936 cum
705 2904 764 2936 illis
778 2896 842 2936 una.
856 2910 889 2937 et
914 2906 979 2948 ipsi
1002 2916 1059 2937 nos
1080 2907 1242 2937 trahemus
1267 2905 1345 2937 alios
1364 2904 1531 2945 fugientes.
1575 2902 1630 2933 Sin

164 2958 267 2986 autern
281 2955 336 2996 qui
353 2956 529 2988 universum
546 2957 656 2990 stabile
671 2963 807 3002 ponunt,
822 2959 938 2992 veriora
954 2959 1160 3004 protulerint,
1174 2959 1363 3001 resugiemus
1378 2958 1418 2989 ad
1434 2967 1487 2989 eos
1503 2956 1543 2988 ab
1559 2954 1630 2991 illis,
