1846 3268
271 255 352 296 294
882 253 1149 295 PLAT0N1S
1179 263 1181 265 ’
1635 258 1740 313 1282

275 356 424 389 scelerum
440 357 642 400 suppeditare
659 360 809 399 possunt:
834 357 880 388 sin
897 362 1000 390 autem
1016 358 1186 399 prudentia
1200 361 1234 390 et
1248 357 1404 399 sapientia
1419 357 1466 389 bis
1483 357 1659 399 praesideat,
1674 362 1740 391 tum

273 411 412 453 denique
427 411 566 443 meliora.
587 411 657 453 ipsa
672 421 744 442 vero
760 416 873 452 suapte
889 416 998 442 natura
1014 422 1072 442 nec
1089 411 1171 442 bona
1186 416 1260 442 sunt
1274 421 1333 443 nec
1348 412 1430 442 mala
1441 411 1671 445 existimatione
1686 413 1743 445 ali-

274 475 338 506 qua
351 465 458 506 digna.
502 464 648 502 Videtur,
665 465 779 507 inquit,
795 466 838 496 ita
853 475 932 500 esse,
955 470 992 496 ut
1013 465 1102 496 dicis.
1147 465 1234 502 Quid
1252 466 1351 504 aliud,
1367 466 1507 507 inquam,
1523 477 1560 497 ex
1575 467 1743 499 antedictis

272 519 482 560 concluditur,
497 529 589 560 quam
605 519 724 550 nullum
741 519 871 549 aliorum
890 518 1010 549 bonum
1035 529 1102 550 esse
1127 518 1176 550 vel
1198 519 1337 550 malum?
1360 530 1377 550 e
1395 520 1517 551 duobus
1540 524 1643 551 autem
1666 520 1743 561 ipsis

272 572 457 614 sapientiam
487 573 615 614 quidem
644 574 773 610 bonum,
802 573 1015 614 insipientiam
1044 583 1119 609 ycro
1149 573 1287 604 malurn?
1335 573 1494 606 Probavit.
1525 573 1621 615 [282]
1659 573 1741 612 Quae

273 631 446 668 sequuntur
471 627 599 668 insuper
624 627 868 659 consideremus.
914 627 1086 668 Postquam
1113 627 1197 658 beati
1222 638 1289 658 esse
1311 628 1493 659 affectamus
1513 638 1634 665 omnes,
1659 628 1744 659 beati

273 684 377 711 autem
393 680 557 722 efficimur,
573 686 607 712 ut
621 681 778 722 apparuit,
791 692 828 712 ex
845 691 883 712 eo
897 681 982 722 quod
998 682 1090 712 rebus
1102 681 1215 711 utimur
1224 689 1256 712 et
1268 687 1350 713 recte
1362 681 1475 712 utimur
1488 692 1498 714 :
1523 681 1743 719 rectitudinem

274 743 348 764 vero
364 744 438 767 usus
453 739 485 766 et
499 735 731 766 consecutionis
749 735 984 776 prosperitatem
1008 735 1140 766 scientia
1163 736 1302 776 praebet:
1326 735 1436 766 ceteris
1451 736 1596 767 omnibus
1618 741 1745 778 praeter-

273 788 374 819 missis
389 788 474 819 omni
489 789 593 820 studio
609 789 668 820 niti
683 789 813 831 quisque
828 789 935 830 debet,
950 794 1090 830 utquam
1106 789 1353 831 sapientissimus
1374 790 1440 821 flat.
1463 799 1568 820 nonne
1581 789 1592 820 ἔ
1637 789 1743 827 Certe.

267 841 457 878 ,Existimare
480 843 574 884 igitur
587 844 683 875 debet
703 844 848 884 quisque,
863 844 923 875 hoc
946 843 1050 884 potius
1073 844 1285 885 expetendum
1301 854 1319 874 a
1335 844 1527 886 parentibus.
1543 854 1636 885 quam
1661 843 1753 874 mul-¹

275 900 375 927 tarum
391 897 596 938 pecuniarum
611 898 837 934 haereditatem,
862 908 880 929 a
899 897 1064 934 tutoribus,
1089 902 1238 939 praeterea
1253 903 1286 928 ct
1300 897 1407 929 amicis
1423 902 1488 935 tum
1515 897 1584 928 aliis
1605 902 1670 928 tum
1693 897 1742 928 vel

271 950 406 986 maxime
421 951 462 982 ab
477 951 540 982 illis
562 952 618 993 qui
633 951 664 982 in
689 961 793 982 amore
816 951 1008 982 ardentiores
1030 962 1097 983 esse
1120 962 1152 983 se
1169 951 1353 993 praedicant‚
1370 951 1434 982 sive
1457 951 1596 992 hospites
1610 951 1674 982 sint
1687 961 1743 982 seu

273 1003 357 1034 cives
372 1014 379 1035 ε
396 1014 482 1046 >quos
499 1010 624 1046 oportet
639 1005 824 1046 suppliciter
848 1015 985 1041 exorare,
1009 1010 1044 1036 ut
1067 1005 1253 1046 sapientiam
1277 1015 1364 1036 suam
1390 1005 1584 1047 impartiant-
1627 1005 1743 1047 Neque

272 1062 363 1098 turpe
378 1062 426 1088 est
441 1068 543 1100 neque
559 1059 800 1095 abhorrendum,
816 1059 933 1095 Clinia.
947 1059 1177 1100 consequendae
1189 1059 1353 1101 sapientiae
1366 1059 1465 1101 gratia
1478 1059 1591 1090 servire
1601 1058 1743 1095 cuilibet,

272 1115 307 1142 et
321 1111 460 1143 honestis
475 1113 632 1155 obsequiis
649 1113 820 1154 unicuique
836 1123 951 1144 morem
969 1123 1084 1155 gerere.
1108 1113 1235 1144 idemne
1250 1119 1282 1144 et
1298 1118 1332 1144 tu
1348 1113 1466 1144 sentis?
1498 1113 1588 1144 Idem
1604 1113 1745 1149 0111111110.

274 1165 372 1206 probe
386 1166 470 1197 enim
487 1166 574 1208 loqui
599 1167 724 1199 videris.
769 1167 803 1198 Si
819 1169 926 1205 modo,
948 1168 1088 1208 inquam,
1104 1167 1212 1199 doceri
1234 1167 1389 1209 sapientia
1409 1171 1523 1209 potest,
1537 1177 1641 1208 neque
1662 1167 1742 1198 forte

273 1219 454 1251 hominibus
468 1221 607 1252 advenit.
631 1222 691 1253 hoc
705 1220 788 1252 enim
805 1221 932 1262 insuper
955 1225 1049 1252 restat
1071 1221 1323 1263 investigandum
1339 1232 1348 1252 ε
1372 1231 1475 1263 neque
1499 1221 1574 1252 dum
1591 1221 1744 1252 internos

271 1273 307 1304 id
323 1274 477 1307 constitit.
520 1275 601 1307 Tum
618 1275 669 1306 ille
686 1288 693 1307 ε
718 1275 833 1307 Doceri
850 1275 924 1306 mihi
948 1275 1075 1317 quidem
1099 1286 1192 1317 posse
1207 1276 1341 1313 videtur,
1357 1287 1376 1306 o
1391 1275 1546 1308 Socrates.
1589 1274 1662 1306 Hac
1682 1284 1743 1316 ego

274 1329 478 1369 responsione
494 1329 669 1361 delectatus
682 1330 821 1371 inquam,
839 1330 868 1360 O
896 1340 990 1371 quam
1017 1329 1097 1371 belle
1121 1330 1267 1370 loqueris,
1284 1330 1416 1360 virorum
1443 1330 1585 1371 optime:
1610 1329 1743 1360 maximo

274 1382 411 1423 quodam
429 1394 477 1414 me
493 1384 647 1415 beneficio
662 1384 807 1421 affecisti,
822 1385 916 1426 longa
932 1395 1053 1415 mecum
1066 1384 1268 1425 indagatione
1285 1384 1422 1415 animum
1438 1383 1584 1416 liberans.
1606 1383 1745 1424 ambige,-

275 1435 346 1467 banr
362 1447 449 1475 sane,
466 1443 567 1469 utrum
585 1438 691 1470 doceri
706 1444 812 1480 posset
826 1449 928 1470 necne
943 1438 1109 1480 sapientia.
1146 1438 1242 1470 Nunc
1260 1449 1330 1469 vero
1348 1443 1512 1480 postquam
1526 1437 1583 1469 tibi
1599 1437 1743 1473 doctrina

274 1491 446 1532 comparari
464 1502 555 1533 posse
571 1493 706 1530 videtur,
720 1493 850 1536 solaque
861 1494 928 1525 haec
939 1504 977 1525 ex
989 1493 1134 1524 omnibus
1146 1493 1271 1524 beatum
1284 1498 1316 1524 et
1330 1492 1454 1524 felicem
1464 1492 1560 1524 efficit
1571 1491 1744 1529 hominem,

267 1544 424 1592 'quidnam
442 1546 527 1577 aliud
544 1547 656 1578 dixeris
672 1548 828 1589 agendum
843 1559 927 1580 nunc
942 1558 1035 1589 curam
1058 1547 1367 1590 philosophandum?
1391 1546 1535 1588 nunquid
1551 1552 1583 1578 et
1596 1546 1666 1588 ipse
1682 1547 1742 1582 hoo

275 1608 366 1639 agere
379 1599 525 1641 cogitas?
571 1601 675 1639 Quam
692 1602 836 1637 maxime,
852 1601 967 1643 inquit,
983 1601 1050 1632 fieri
1065 1606 1184 1643 potest,
1201 1611 1219 1632 o
1235 1601 1390 1632 Socrates.
1433 1600 1514 1632 Haec
1528 1605 1599 1632 011111
1611 1600 1746 1638 libenter

274 1652 441 1691 audissem,
458 1653 638 1696 Exemplar,
652 1655 795 1697 inquam,
810 1666 829 1686 o
845 1655 1072 1697 Dionysodore
1094 1660 1127 1686 et
1150 1654 1363 1698 Euthydeme‚
1389 1654 1627 1691 exhortationis,
1647 1664 1743 1696 quum

277 1712 406 1747 expeto,
430 1707 491 1739 tale
507 1713 568 1748 est,
587 1709 715 1740 rudibus
742 1709 934 1751 prolixisque
957 1709 1058 1740 verbis
1079 1708 1129 1739 vix
1153 1719 1172 1739 a
1195 1719 1244 1740 me
1267 1713 1499 1750 coaggeratum.
1543 1708 1622 1740 Uter
1636 1714 1742 1746 autern

274 1765 409 1804 1031111111
427 1762 556 1800 mavult,
572 1763 656 1794 idem
671 1764 732 1795 hoc
757 1763 926 1795 artificiose
941 1768 1112 1794 contexens
1139 1764 1229 1794 nobis
1252 1764 1420 1796 ostendat:
1443 1763 1468 1794 si
1483 1763 1543 1794 1100
1557 1773 1621 1794 11011
1636 1761 1744 1804 vultis,

274 1813 382 1845 saltem
398 1816 484 1857 quod
500 1816 636 1850 orationi
649 1828 726 1849 meae
741 1818 843 1855 deest,
858 1818 1010 1859 deinceps
1024 1817 1260 1849 adolescentulo
1271 1818 1492 1854 demonstrate,
1504 1821 1605 1848 utrum
1616 1827 1745 1854 necesse

275 1867 316 1898 sit
331 1879 454 1901 0111110111
470 1871 632 1902 scientiam
649 1871 795 1913 adipisci,
810 1871 859 1903 vel
876 1882 938 1902 una
953 1872 1096 1912 quaedam
1120 1871 1225 1913 potius
1241 1871 1371 1903 scientia
1386 1871 1438 1914 sit,
1453 1881 1547 1913 quarn
1563 1881 1742 1912 comparare

273 1922 380 1961 debet,
396 1924 537 1966 quisquis
553 1925 596 1956 vir
613 1926 713 1956 bonus
729 1930 776 1957 est
791 1926 962 1967 beatusque
979 1926 1099 1957 futurus
1116 1938 1123 1956 :
1148 1936 1257 1967 quaeve
1274 1927 1340 1957 haec
1362 1925 1493 1957 scientia
1507 1925 1558 1962 sit,
1574 1925 1741 1964 declarate.

271 1986 344 2008 nam
361 1982 395 2008 111
410 1978 442 2008 111
458 1979 613 2020 principio
637 1979 860 2021 disputationis
876 1979 952 2015 dixi,
978 1980 1179 2010 vehementer
1193 1980 1406 2010 desideramus
1421 1980 1506 2010 hunc
1522 1979 1741 2017 adolescentu-

273 2029 337 2061 lum
354 2031 529 2073 sapientem
545 2033 724 2074 bonumque
739 2033 883 2065 evadere.
910 2032 1007 2074 [283]
1030 2033 1109 2064 Haec
1126 2034 1272 2075 equidem
1289 2040 1364 2065 tunc
1380 2033 1476 2070 edixi,
1492 2044 1511 2065 o
1530 2033 1628 2074 Crito,
1642 2044 1680 2066 ac
1692 2044 1743 2066 me

274 2086 314 2129 ad
339 2087 502 2127 sequentia
528 2087 702 2119 attentione
729 2087 824 2118 animi
852 2088 1033 2129 praeparavi,
1063 2088 1280 2119 observaturus
1311 2088 1404 2129 quale
1428 2088 1555 2120 dicendi
1581 2088 1743 2127 exordium

272 2139 424 2178 facerent,
441 2152 540 2183 quave
558 2142 751 2184 potissimum
767 2142 888 2173 ratione
903 2142 1039 2173 Cliniam
1057 2142 1096 2173 ad
1120 2142 1282 2183 sapientiae
1297 2147 1330 2173 et
1344 2142 1465 2173 virtutis
1478 2142 1617 2173 studium
1633 2143 1743 2177 exhor-

272 2199 422 2227 tarentur.
467 2195 578 2227 Statim
595 2207 668 2228 vero
684 2197 738 2239 qui
754 2202 828 2228 natu
845 2197 991 2239 grandior
1013 2202 1074 2237 est,
1097 2196 1353 2238 Dionysodorus,
1377 2195 1492 2237 primus
1514 2196 1602 2228 effari
1623 2197 1742 2238 coepit:

271 2248 306 2281 in
329 2259 422 2290 quern
449 2260 507 2281 nos
531 2251 640 2283 oculos
663 2262 771 2283 omnes
796 2251 1019 2289 convertimus,
1040 2257 1190 2293 tanquam
1213 2250 1374 2282 mirificam
1389 2251 1546 2293 quandam
1569 2251 1742 2284 orationem

271 2302 414 2344 protinus
430 2304 565 2336 audituri
581 2317 587 2335 :
612 2306 697 2347 quod
713 2311 745 2337 et
759 2305 851 2336 nobis
865 2304 1010 2345 contigit.
1053 2305 1171 2336 Mirum
1188 2314 1324 2346 namque
1339 2314 1510 2335 sermonem
1523 2303 1707 2346 inceptavit,
1722 2315 1742 2342 0

274 2356 373 2393 Crito,
389 2358 442 2398 qni
458 2368 532 2389 sane
557 2359 671 2400 dignus
686 2363 734 2390 est
749 2358 803 2400 qui
829 2359 885 2390 abs
910 2363 942 2389 te
967 2359 1125 2399 audiatur,
1150 2369 1242 2400 quam
1270 2358 1351 2389 belle.
1367 2362 1515 2399 provocet
1529 2358 1571 2390 ad
1587 2358 1742 2392 virtutem.

272 2409 337 2441 Dic
354 2411 439 2448 mihi,
456 2413 511 2452 ait,
527 2424 545 2443 o
561 2413 716 2455 Socrates,
731 2423 848 2454 vosque
864 2412 929 2450 alii,
944 2413 1126 2455 quicunque
1143 2413 1372 2444 adolescentem
1385 2412 1476 2444 istum
1485 2411 1552 2445 fieri
1567 2413 1742 2455 sapientem

271 2464 399 2505 curatis,
414 2473 515 2497 utrum
527 2466 695 2508 jocamini,
716 2478 756 2499 an
773 2468 851 2499 serio
874 2467 980 2499 dicitis
1002 2472 1099 2508 atque
1122 2467 1154 2498 id
1177 2478 1208 2499 re
1232 2477 1302 2498 vcra
1318 2466 1515 2498 desideratis.
1561 2467 1629 2509 Ego
1643 2468 1742 2510 igitur

274 2518 438 2550 arbitratus
452 2520 525 2551 illos
539 2526 665 2562 putasse
681 2533 738 2553 nos
765 2523 804 2554 ab
826 2521 918 2553 initio
941 2532 1046 2553 secum
1073 2521 1167 2553 fuisse
1185 2521 1324 2563 jocatus,
1346 2531 1417 2552 cum
1429 2521 1579 2563 jussimus
1601 2531 1741 2555 eoscum

273 2572 510 2605 adolescentulo
526 2575 698 2617 disputare,
714 2582 808 2619 atque
823 2576 936 2608 iccirco
951 2576 1060 2608 lusisse
1075 2581 1108 2607 et
1118 2575 1188 2606 illos
1204 2576 1363 2621 nobiscum
1376 2576 1528 2607 hactenus
1542 2586 1645 2618 neque
1666 2576 1748 2609 seria

272 2627 465 2665 tractavisse,
482 2629 647 2661 confestim
669 2631 735 2662 dixi
750 2641 843 2672 quarn
859 2630 992 2661 maxime
1007 2641 1064 2661 nos
1086 2634 1119 2662 et
1134 2629 1359 2661 studiosissime
1383 2634 1543 2672 exoptare.
1586 2629 1678 2669 Tunc
1698 2629 1744 2668 ita

272 2679 538 2723 Dionysodorus:
563 2683 660 2721 Vide,
684 2695 704 2716 o
729 2685 883 2721 Socrates,
910 2695 950 2716 ne
975 2695 1046 2726 quae
1072 2695 1156 2715 nunc
1180 2684 1288 2716 asseris
1314 2684 1485 2726 aliquando
1505 2694 1612 2726 neges.
1656 2684 1742 2722 Scio,

269 2744 434 2782 ¹nunquam
450 2745 500 2767 me
514 2742 711 2778 negaturum.
756 2739 844 2776 Quid
861 2738 971 2781 utiquc
983 2738 1101 2776 dicitis,
1116 2739 1242 2780 inquit?
1276 2738 1410 2770 vultisne
1423 2738 1527 2780 ipsum
1538 2737 1605 2770 fieri
1615 2738 1744 2780 30111011-

273 2789 360 2820 tem?
405 2790 584 2831 Volumus3
607 2792 742 2833 quidni?
789 2792 901 2824 Utrum
927 2793 1051 2835 sapiens
1078 2803 1163 2824 nunc
1185 2798 1232 2824 est
1257 2792 1442 2834 Clinias,an
1457 2792 1547 2824 non?
1589 2790 1742 2824 Nondum

273 2842 329 2880 ait,
346 2843 486 2885 inquam.
507 2850 556 2876 est
569 2846 652 2877 enim
670 2847 795 2879 minime
806 2847 1034 2890 jactabundus.
1080 2847 1147 2879 Vos
1163 2852 1280 2884 autem,
1304 2846 1417 2889 inquit,
1439 2846 1655 2888 sapientemne
1677 2845 1744 2878 fieti

278 2896 384 2935 vultis,
410 2898 605 2940 ignorantem
622 2911 694 2938 vero
708 2912 774 2932 esse
792 2902 1012 2943 nequaqnam?
1059 2901 1266 2939 Admisimus.
1308 2901 1391 2942 Ergo
1417 2901 1500 2942 quod
1517 2910 1581 2932 11011
1596 2904 1656 2940 est,
1678 2899 1746 2932 ficri

275 2951 377 2993 ipsum
402 2952 537 2996 cupitis:
561 2955 646 2997 quod
673 2966 744 2988 vcro
771 2967 854 2994 nunc
879 2961 938 2995 est,
962 2956 1046 2988 baud
1071 2956 1206 2998 amplius
1226 2966 1304 2989 esse.
1351 2954 1446 2992 Quod
1462 2964 1558 3002 quum
1574 2954 1742 2993 audissem,
1775 2969 1780 2976 ‹
