<?xml version="1.0" encoding="UTF-8"?>
<!DOCTYPE html PUBLIC "-//W3C//DTD XHTML 1.0 Transitional//EN"
    "http://www.w3.org/TR/xhtml1/DTD/xhtml1-transitional.dtd">
<html xmlns="http://www.w3.org/1999/xhtml" xml:lang="en" lang="en">
 <head>
  <title>
</title>
<meta http-equiv="Content-Type" content="text/html;charset=utf-8" />
  <meta name='ocr-system' content='tesseract 3.04.00' />
  <meta name='ocr-capabilities' content='ocr_page ocr_carea ocr_par ocr_line ocrx_word'/>
</head>
<body>
  <div class='ocr_page' id='page_1' title='image "./platonisetquaeve10plat_0039.png"; bbox 0 0 1832 3256; ppageno 0'>
   <div class='ocr_carea' id='block_1_1' title="bbox 202 176 1662 229">
    <p class='ocr_par' dir='ltr' id='par_1_1' title="bbox 202 176 1662 229">
     <span class='ocr_line' id='line_1_1' title="bbox 202 176 1662 229; baseline -0.001 -13"><span class='ocrx_word' id='word_1_1' title='bbox 202 179 298 229; x_wconf 83' lang='lat'>279]</span> <span class='ocrx_word' id='word_1_2' title='bbox 806 176 1092 215; x_wconf 68' lang='lat' dir='ltr'>PHAEDRUS.</span> <span class='ocrx_word' id='word_1_3' title='bbox 1607 183 1662 220; x_wconf 74' lang='lat'>29</span> 
     </span>
    </p>
   </div>
   <div class='ocr_carea' id='block_1_2' title="bbox 199 279 1668 1614">
    <p class='ocr_par' dir='ltr' id='par_1_2' title="bbox 199 279 1668 1614">
     <span class='ocr_line' id='line_1_2' title="bbox 199 279 1661 324; baseline 0.003 -10"><span class='ocrx_word' id='word_1_4' title='bbox 199 283 327 315; x_wconf 84' lang='lat' dir='ltr'>modas?</span> <span class='ocrx_word' id='word_1_5' title='bbox 372 282 426 314; x_wconf 89' lang='lat' dir='ltr'>So.</span> <span class='ocrx_word' id='word_1_6' title='bbox 471 279 627 322; x_wconf 77' lang='lat' dir='ltr'>Sapientis</span> <span class='ocrx_word' id='word_1_7' title='bbox 652 289 838 322; x_wconf 87' lang='lat' dir='ltr'>cognomen.</span> <span class='ocrx_word' id='word_1_8' title='bbox 863 290 881 310; x_wconf 96' lang='grc' dir='ltr'><strong>ο</strong></span> <span class='ocrx_word' id='word_1_9' title='bbox 898 279 1042 318; x_wconf 85' lang='lat' dir='ltr'>Phaedre,</span> <span class='ocrx_word' id='word_1_10' title='bbox 1066 291 1223 324; x_wconf 82' lang='lat' dir='ltr'>magnum,</span> <span class='ocrx_word' id='word_1_11' title='bbox 1248 281 1368 324; x_wconf 76' lang='lat' dir='ltr'>solique</span> <span class='ocrx_word' id='word_1_12' title='bbox 1395 282 1466 316; x_wconf 89' lang='lat' dir='ltr'>Deo</span> <span class='ocrx_word' id='word_1_13' title='bbox 1496 286 1661 318; x_wconf 80' lang='lat' dir='ltr'>convenire</span> 
     </span>
     <span class='ocr_line' id='line_1_3' title="bbox 199 332 1664 380; baseline 0.002 -12"><span class='ocrx_word' id='word_1_14' title='bbox 199 339 330 370; x_wconf 83' lang='lat' dir='ltr'>videtur.</span> <span class='ocrx_word' id='word_1_15' title='bbox 375 334 560 376; x_wconf 83' lang='lat' dir='ltr'><strong>Philosophi</strong></span> <span class='ocrx_word' id='word_1_16' title='bbox 579 344 664 374; x_wconf 82' lang='lat' dir='ltr'>vero,</span> <span class='ocrx_word' id='word_1_17' title='bbox 686 338 741 364; x_wconf 87' lang='lat' dir='ltr'>aut</span> <span class='ocrx_word' id='word_1_18' title='bbox 755 332 861 364; x_wconf 86' lang='lat' dir='ltr'>similis</span> <span class='ocrx_word' id='word_1_19' title='bbox 877 333 1010 375; x_wconf 86' lang='lat' dir='ltr'>alicujus</span> <span class='ocrx_word' id='word_1_20' title='bbox 1035 335 1232 376; x_wconf 83' lang='lat' dir='ltr'>cognomine,</span> <span class='ocrx_word' id='word_1_21' title='bbox 1259 335 1415 378; x_wconf 85' lang='lat' dir='ltr'>ejusmodi</span> <span class='ocrx_word' id='word_1_22' title='bbox 1438 337 1532 378; x_wconf 83' lang='lat' dir='ltr'>viros,</span> <span class='ocrx_word' id='word_1_23' title='bbox 1555 340 1664 380; x_wconf 81' lang='lat' dir='ltr'>quales</span> 
     </span>
     <span class='ocr_line' id='line_1_4' title="bbox 199 387 1664 430; baseline -0.001 -7"><span class='ocrx_word' id='word_1_24' title='bbox 199 393 293 423; x_wconf 87' lang='lat' dir='ltr'>modo</span> <span class='ocrx_word' id='word_1_25' title='bbox 309 389 535 430; x_wconf 82' lang='lat' dir='ltr'>descripsimus,</span> <span class='ocrx_word' id='word_1_26' title='bbox 549 387 786 419; x_wconf 81' lang='lat' dir='ltr'>convenientius</span> <span class='ocrx_word' id='word_1_27' title='bbox 802 387 1034 429; x_wconf 80' lang='lat' dir='ltr'>modestiusque</span> <span class='ocrx_word' id='word_1_28' title='bbox 1049 398 1309 430; x_wconf 73' lang='lat' dir='ltr'>nuncuparemuS.</span> <span class='ocrx_word' id='word_1_29' title='bbox 1353 390 1448 423; x_wconf 66' lang='lat' dir='ltr'>Pam.</span> <span class='ocrx_word' id='word_1_30' title='bbox 1493 391 1585 424; x_wconf 81' lang='lat' dir='ltr'>Certe</span> <span class='ocrx_word' id='word_1_31' title='bbox 1601 403 1664 425; x_wconf 87' lang='lat' dir='ltr'>non</span> 
     </span>
     <span class='ocr_line' id='line_1_5' title="bbox 200 441 1667 489; baseline 0.001 -13"><span class='ocrx_word' id='word_1_32' title='bbox 200 445 345 476; x_wconf 84' lang='lat' dir='ltr'>dedecet.</span> <span class='ocrx_word' id='word_1_33' title='bbox 388 444 442 474; x_wconf 87' lang='lat' dir='ltr'>So.</span> <span class='ocrx_word' id='word_1_34' title='bbox 486 442 567 472; x_wconf 86' lang='lat' dir='ltr'>Eum</span> <span class='ocrx_word' id='word_1_35' title='bbox 583 441 688 483; x_wconf 81' lang='lat' dir='ltr'>igitur,</span> <span class='ocrx_word' id='word_1_36' title='bbox 711 441 766 483; x_wconf 90' lang='lat' dir='ltr'>qui</span> <span class='ocrx_word' id='word_1_37' title='bbox 781 441 868 471; x_wconf 88' lang='lat' dir='ltr'>nulla</span> <span class='ocrx_word' id='word_1_38' title='bbox 883 442 977 472; x_wconf 84' lang='lat' dir='ltr'>habet</span> <span class='ocrx_word' id='word_1_39' title='bbox 997 442 1028 472; x_wconf 90' lang='lat' dir='ltr'>in</span> <span class='ocrx_word' id='word_1_40' title='bbox 1045 452 1077 473; x_wconf 90' lang='lat' dir='ltr'>se</span> <span class='ocrx_word' id='word_1_41' title='bbox 1093 444 1305 484; x_wconf 65' lang='lat' dir='ltr'>praestantiora</span> <span class='ocrx_word' id='word_1_42' title='bbox 1319 444 1368 485; x_wconf 85' lang='lat' dir='ltr'>iis,</span> <span class='ocrx_word' id='word_1_43' title='bbox 1383 455 1454 486; x_wconf 84' lang='lat' dir='ltr'>quae</span> <span class='ocrx_word' id='word_1_44' title='bbox 1469 446 1667 489; x_wconf 83' lang='lat' dir='ltr'>conscripsit,</span> 
     </span>
     <span class='ocr_line' id='line_1_6' title="bbox 201 496 1665 538; baseline 0.001 -8"><span class='ocrx_word' id='word_1_45' title='bbox 201 504 233 530; x_wconf 84' lang='lat' dir='ltr'>et</span> <span class='ocrx_word' id='word_1_46' title='bbox 247 509 366 529; x_wconf 82' lang='lat' dir='ltr'>sursum</span> <span class='ocrx_word' id='word_1_47' title='bbox 382 498 588 538; x_wconf 89' lang='lat' dir='ltr'>deorsumque</span> <span class='ocrx_word' id='word_1_48' title='bbox 604 500 797 537; x_wconf 84' lang='lat' dir='ltr'>retorquens,</span> <span class='ocrx_word' id='word_1_49' title='bbox 820 496 964 526; x_wconf 85' lang='lat' dir='ltr'>diuturna</span> <span class='ocrx_word' id='word_1_50' title='bbox 981 497 1200 528; x_wconf 79' lang='lat' dir='ltr'>emendatione</span> <span class='ocrx_word' id='word_1_51' title='bbox 1215 498 1374 536; x_wconf 85' lang='lat' dir='ltr'>addendo,</span> <span class='ocrx_word' id='word_1_52' title='bbox 1390 499 1440 530; x_wconf 91' lang='lat' dir='ltr'>vel</span> <span class='ocrx_word' id='word_1_53' title='bbox 1455 500 1665 532; x_wconf 85' lang='lat' dir='ltr'>subtrahendo</span> 
     </span>
     <span class='ocr_line' id='line_1_7' title="bbox 200 549 1668 595; baseline 0.001 -11"><span class='ocrx_word' id='word_1_54' title='bbox 200 551 387 594; x_wconf 87' lang='lat' dir='ltr'>composuit,</span> <span class='ocrx_word' id='word_1_55' title='bbox 405 550 478 593; x_wconf 88' lang='lat' dir='ltr'>jure</span> <span class='ocrx_word' id='word_1_56' title='bbox 501 549 628 592; x_wconf 64' lang='lat' dir='ltr'>poetam</span> <span class='ocrx_word' id='word_1_57' title='bbox 645 549 692 580; x_wconf 89' lang='lat' dir='ltr'>vel</span> <span class='ocrx_word' id='word_1_58' title='bbox 708 549 883 580; x_wconf 83' lang='lat' dir='ltr'>orationum</span> <span class='ocrx_word' id='word_1_59' title='bbox 898 550 1041 591; x_wconf 86' lang='lat' dir='ltr'><strong>legumve</strong></span> <span class='ocrx_word' id='word_1_60' title='bbox 1066 551 1245 593; x_wconf 87' lang='lat' dir='ltr'>scriptorem</span> <span class='ocrx_word' id='word_1_61' title='bbox 1267 553 1526 595; x_wconf 86' lang='lat' dir='ltr'>cognominabis?</span> <span class='ocrx_word' id='word_1_62' title='bbox 1571 554 1668 586; x_wconf 61' lang='lat' dir='ltr'>Pam.</span> 
     </span>
     <span class='ocr_line' id='line_1_8' title="bbox 202 603 1664 650; baseline 0.001 -13"><span class='ocrx_word' id='word_1_63' title='bbox 202 606 346 644; x_wconf 84' lang='lat' dir='ltr'>Quidni?</span> <span class='ocrx_word' id='word_1_64' title='bbox 391 605 446 636; x_wconf 88' lang='lat' dir='ltr'>So.</span> <span class='ocrx_word' id='word_1_65' title='bbox 470 603 550 635; x_wconf 88' lang='lat' dir='ltr'>Haec</span> <span class='ocrx_word' id='word_1_66' title='bbox 571 603 677 644; x_wconf 87' lang='lat' dir='ltr'>itaque</span> <span class='ocrx_word' id='word_1_67' title='bbox 699 603 800 633; x_wconf 85' lang='lat' dir='ltr'>amico</span> <span class='ocrx_word' id='word_1_68' title='bbox 817 603 928 634; x_wconf 83' lang='lat' dir='ltr'>referas</span> <span class='ocrx_word' id='word_1_69' title='bbox 943 607 1010 634; x_wconf 85' lang='lat' dir='ltr'>tuo.</span> <span class='ocrx_word' id='word_1_70' title='bbox 1055 604 1150 636; x_wconf 72' lang='lat' dir='ltr'>Prm.</span> <span class='ocrx_word' id='word_1_71' title='bbox 1174 605 1223 636; x_wconf 92' lang='lat' dir='ltr'>Tu</span> <span class='ocrx_word' id='word_1_72' title='bbox 1239 616 1311 637; x_wconf 88' lang='lat' dir='ltr'>vero</span> <span class='ocrx_word' id='word_1_73' title='bbox 1327 606 1404 648; x_wconf 91' lang='lat' dir='ltr'>quid</span> <span class='ocrx_word' id='word_1_74' title='bbox 1419 605 1538 638; x_wconf 81' lang='lat' dir='ltr'>facias?</span> <span class='ocrx_word' id='word_1_75' title='bbox 1561 618 1664 650; x_wconf 85' lang='lat' dir='ltr'>neque</span> 
     </span>
     <span class='ocr_line' id='line_1_9' title="bbox 204 657 1666 702; baseline 0.001 -11"><span class='ocrx_word' id='word_1_76' title='bbox 204 661 287 692; x_wconf 88' lang='lat' dir='ltr'>enim</span> <span class='ocrx_word' id='word_1_77' title='bbox 313 659 431 690; x_wconf 80' lang='lat' dir='ltr'>amicus</span> <span class='ocrx_word' id='word_1_78' title='bbox 457 663 528 689; x_wconf 85' lang='lat' dir='ltr'>tuus</span> <span class='ocrx_word' id='word_1_79' title='bbox 554 657 849 699; x_wconf 74' lang='lat' dir='ltr'>praetermittendus.</span> <span class='ocrx_word' id='word_1_80' title='bbox 893 657 948 688; x_wconf 86' lang='lat' dir='ltr'>So.</span> <span class='ocrx_word' id='word_1_81' title='bbox 973 657 1053 695; x_wconf 87' lang='lat' dir='ltr'>Quis</span> <span class='ocrx_word' id='word_1_82' title='bbox 1077 658 1158 690; x_wconf 86' lang='lat' dir='ltr'>iste?</span> <span class='ocrx_word' id='word_1_83' title='bbox 1202 659 1297 691; x_wconf 67' lang='lat' dir='ltr'>Pnffi.</span> <span class='ocrx_word' id='word_1_84' title='bbox 1329 660 1497 692; x_wconf 85' lang='lat' dir='ltr'>Isocratem</span> <span class='ocrx_word' id='word_1_85' title='bbox 1522 661 1666 702; x_wconf 86' lang='lat' dir='ltr'>probum,</span> 
     </span>
     <span class='ocr_line' id='line_1_10' title="bbox 201 711 1667 756; baseline 0.001 -11"><span class='ocrx_word' id='word_1_86' title='bbox 201 714 340 756; x_wconf 84' lang='lat' dir='ltr'>inquam.</span> <span class='ocrx_word' id='word_1_87' title='bbox 363 713 438 755; x_wconf 88' lang='lat' dir='ltr'>quid</span> <span class='ocrx_word' id='word_1_88' title='bbox 454 712 503 744; x_wconf 82' lang='lat' dir='ltr'>illi</span> <span class='ocrx_word' id='word_1_89' title='bbox 515 711 696 743; x_wconf 84' lang='lat' dir='ltr'>nuntiabis?</span> <span class='ocrx_word' id='word_1_90' title='bbox 719 722 738 742; x_wconf 93' lang='lat' dir='ltr'>o</span> <span class='ocrx_word' id='word_1_91' title='bbox 755 712 908 744; x_wconf 83' lang='lat' dir='ltr'>Socrates.</span> <span class='ocrx_word' id='word_1_92' title='bbox 932 723 1024 754; x_wconf 87' lang='lat' dir='ltr'>quem</span> <span class='ocrx_word' id='word_1_93' title='bbox 1037 723 1103 744; x_wconf 87' lang='lat' dir='ltr'>esse</span> <span class='ocrx_word' id='word_1_94' title='bbox 1119 713 1277 744; x_wconf 83' lang='lat' dir='ltr'>dicemus?</span> <span class='ocrx_word' id='word_1_95' title='bbox 1322 714 1420 756; x_wconf 80' lang='lat'>[279]</span> <span class='ocrx_word' id='word_1_96' title='bbox 1457 715 1514 746; x_wconf 88' lang='lat' dir='ltr'>So.</span> <span class='ocrx_word' id='word_1_97' title='bbox 1535 714 1667 747; x_wconf 80' lang='lat' dir='ltr'>Juvenis</span> 
     </span>
     <span class='ocr_line' id='line_1_11' title="bbox 201 765 1667 810; baseline 0 -11"><span class='ocrx_word' id='word_1_98' title='bbox 201 769 305 799; x_wconf 77' lang='lat' dir='ltr'>adhuc</span> <span class='ocrx_word' id='word_1_99' title='bbox 329 766 482 798; x_wconf 79' lang='lat' dir='ltr'>Isocrates</span> <span class='ocrx_word' id='word_1_100' title='bbox 508 771 568 803; x_wconf 85' lang='lat' dir='ltr'>est,</span> <span class='ocrx_word' id='word_1_101' title='bbox 591 776 610 796; x_wconf 93' lang='lat' dir='ltr'>o</span> <span class='ocrx_word' id='word_1_102' title='bbox 626 765 769 798; x_wconf 86' lang='lat' dir='ltr'>Phaedre.</span> <span class='ocrx_word' id='word_1_103' title='bbox 813 767 891 808; x_wconf 90' lang='lat' dir='ltr'>quid</span> <span class='ocrx_word' id='word_1_104' title='bbox 909 771 1013 798; x_wconf 79' lang='lat' dir='ltr'>autem</span> <span class='ocrx_word' id='word_1_105' title='bbox 1036 767 1077 798; x_wconf 85' lang='lat' dir='ltr'>de</span> <span class='ocrx_word' id='word_1_106' title='bbox 1101 767 1155 798; x_wconf 92' lang='lat' dir='ltr'>illo</span> <span class='ocrx_word' id='word_1_107' title='bbox 1177 767 1371 809; x_wconf 80' lang='lat' dir='ltr'>praesagiam,</span> <span class='ocrx_word' id='word_1_108' title='bbox 1397 778 1462 798; x_wconf 88' lang='lat' dir='ltr'>non</span> <span class='ocrx_word' id='word_1_109' title='bbox 1490 769 1667 810; x_wconf 82' lang='lat' dir='ltr'>praeteribo.</span> 
     </span>
     <span class='ocr_line' id='line_1_12' title="bbox 201 818 1667 864; baseline 0 -11"><span class='ocrx_word' id='word_1_110' title='bbox 201 822 294 854; x_wconf 61' lang='lat' dir='ltr'>Pam.</span> <span class='ocrx_word' id='word_1_111' title='bbox 317 820 496 859; x_wconf 86' lang='lat' dir='ltr'>Quidnam?</span> <span class='ocrx_word' id='word_1_112' title='bbox 543 819 598 851; x_wconf 87' lang='lat' dir='ltr'>So.</span> <span class='ocrx_word' id='word_1_113' title='bbox 621 819 755 851; x_wconf 83' lang='lat' dir='ltr'>Videtur</span> <span class='ocrx_word' id='word_1_114' title='bbox 777 820 853 851; x_wconf 86' lang='lat' dir='ltr'>mihi</span> <span class='ocrx_word' id='word_1_115' title='bbox 876 820 1082 862; x_wconf 67' lang='lat' dir='ltr'>praestantiori</span> <span class='ocrx_word' id='word_1_116' title='bbox 1106 821 1233 862; x_wconf 88' lang='lat' dir='ltr'>ingenio</span> <span class='ocrx_word' id='word_1_117' title='bbox 1258 832 1337 860; x_wconf 83' lang='lat' dir='ltr'>csse,</span> <span class='ocrx_word' id='word_1_118' title='bbox 1359 818 1452 864; x_wconf 71' lang='lat' dir='ltr'>quam</span> <span class='ocrx_word' id='word_1_119' title='bbox 1467 821 1595 863; x_wconf 80' lang='lat' dir='ltr'>Lysiam</span> <span class='ocrx_word' id='word_1_120' title='bbox 1611 833 1667 853; x_wconf 87' lang='lat' dir='ltr'>sua</span> 
     </span>
     <span class='ocr_line' id='line_1_13' title="bbox 200 874 1666 918; baseline 0.001 -12"><span class='ocrx_word' id='word_1_121' title='bbox 200 876 316 918; x_wconf 73' lang='lat' dir='ltr'>scripta</span> <span class='ocrx_word' id='word_1_122' title='bbox 335 876 559 906; x_wconf 75' lang='lat' dir='ltr'>demonstrent.</span> <span class='ocrx_word' id='word_1_123' title='bbox 582 878 732 915; x_wconf 75' lang='lat' dir='ltr'>praeterea</span> <span class='ocrx_word' id='word_1_124' title='bbox 754 874 889 906; x_wconf 85' lang='lat' dir='ltr'>moribus</span> <span class='ocrx_word' id='word_1_125' title='bbox 916 875 1165 917; x_wconf 83' lang='lat' dir='ltr'>generosioribus</span> <span class='ocrx_word' id='word_1_126' title='bbox 1188 875 1349 918; x_wconf 76' lang='lat' dir='ltr'>praeditus.</span> <span class='ocrx_word' id='word_1_127' title='bbox 1372 876 1573 918; x_wconf 86' lang='lat' dir='ltr'>quamobrem</span> <span class='ocrx_word' id='word_1_128' title='bbox 1587 876 1666 908; x_wconf 87' lang='lat' dir='ltr'>nihil</span> 
     </span>
     <span class='ocr_line' id='line_1_14' title="bbox 200 927 1666 972; baseline 0 -11"><span class='ocrx_word' id='word_1_129' title='bbox 200 930 309 962; x_wconf 80' lang='lat' dir='ltr'>mirum</span> <span class='ocrx_word' id='word_1_130' title='bbox 325 928 472 970; x_wconf 79' lang='lat' dir='ltr'>putarim,</span> <span class='ocrx_word' id='word_1_131' title='bbox 494 927 531 968; x_wconf 79' lang='lat' dir='ltr'>si,</span> <span class='ocrx_word' id='word_1_132' title='bbox 550 928 760 960; x_wconf 86' lang='lat' dir='ltr'>crescentibus</span> <span class='ocrx_word' id='word_1_133' title='bbox 775 929 876 965; x_wconf 87' lang='lat' dir='ltr'>annis,</span> <span class='ocrx_word' id='word_1_134' title='bbox 899 929 932 960; x_wconf 89' lang='lat' dir='ltr'>in</span> <span class='ocrx_word' id='word_1_135' title='bbox 947 934 1012 960; x_wconf 85' lang='lat' dir='ltr'>arte</span> <span class='ocrx_word' id='word_1_136' title='bbox 1032 928 1171 970; x_wconf 87' lang='lat' dir='ltr'>dicendi,</span> <span class='ocrx_word' id='word_1_137' title='bbox 1194 930 1245 961; x_wconf 88' lang='lat' dir='ltr'>cui</span> <span class='ocrx_word' id='word_1_138' title='bbox 1260 940 1344 961; x_wconf 88' lang='lat' dir='ltr'>nunc</span> <span class='ocrx_word' id='word_1_139' title='bbox 1365 929 1532 967; x_wconf 85' lang='lat' dir='ltr'>incumbit,</span> <span class='ocrx_word' id='word_1_140' title='bbox 1554 931 1666 972; x_wconf 86' lang='lat' dir='ltr'>magis,</span> 
     </span>
     <span class='ocr_line' id='line_1_15' title="bbox 201 981 1666 1027; baseline 0.001 -12"><span class='ocrx_word' id='word_1_141' title='bbox 201 994 296 1027; x_wconf 80' lang='lat' dir='ltr'>quam</span> <span class='ocrx_word' id='word_1_142' title='bbox 309 983 364 1014; x_wconf 79' lang='lat' dir='ltr'>viri</span> <span class='ocrx_word' id='word_1_143' title='bbox 379 981 493 1024; x_wconf 81' lang='lat' dir='ltr'>pueris,</span> <span class='ocrx_word' id='word_1_144' title='bbox 508 982 662 1021; x_wconf 86' lang='lat' dir='ltr'>omnibus,</span> <span class='ocrx_word' id='word_1_145' title='bbox 685 983 739 1024; x_wconf 84' lang='lat' dir='ltr'>qui</span> <span class='ocrx_word' id='word_1_146' title='bbox 751 982 941 1024; x_wconf 77' lang='lat' dir='ltr'>eloquentiae</span> <span class='ocrx_word' id='word_1_147' title='bbox 958 994 1096 1025; x_wconf 79' lang='lat' dir='ltr'>unquam</span> <span class='ocrx_word' id='word_1_148' title='bbox 1118 994 1150 1015; x_wconf 87' lang='lat' dir='ltr'>se</span> <span class='ocrx_word' id='word_1_149' title='bbox 1166 984 1373 1020; x_wconf 82' lang='lat' dir='ltr'>tradiderunt,</span> <span class='ocrx_word' id='word_1_150' title='bbox 1395 984 1545 1016; x_wconf 83' lang='lat' dir='ltr'>excellat:</span> <span class='ocrx_word' id='word_1_151' title='bbox 1570 989 1666 1026; x_wconf 81' lang='lat' dir='ltr'>atque</span> 
     </span>
     <span class='ocr_line' id='line_1_16' title="bbox 201 1036 1668 1078; baseline -0.001 -8"><span class='ocrx_word' id='word_1_152' title='bbox 201 1039 250 1070; x_wconf 83' lang='lat' dir='ltr'>his</span> <span class='ocrx_word' id='word_1_153' title='bbox 264 1038 356 1070; x_wconf 73' lang='lat' dir='ltr'>etiam</span> <span class='ocrx_word' id='word_1_154' title='bbox 373 1036 483 1068; x_wconf 86' lang='lat' dir='ltr'>studiis</span> <span class='ocrx_word' id='word_1_155' title='bbox 498 1047 561 1067; x_wconf 87' lang='lat' dir='ltr'>non</span> <span class='ocrx_word' id='word_1_156' title='bbox 577 1041 742 1068; x_wconf 81' lang='lat' dir='ltr'>contentus</span> <span class='ocrx_word' id='word_1_157' title='bbox 757 1037 797 1068; x_wconf 88' lang='lat' dir='ltr'>ad</span> <span class='ocrx_word' id='word_1_158' title='bbox 814 1036 930 1078; x_wconf 82' lang='lat' dir='ltr'>majora</span> <span class='ocrx_word' id='word_1_159' title='bbox 944 1037 1098 1069; x_wconf 85' lang='lat' dir='ltr'>diviniore</span> <span class='ocrx_word' id='word_1_160' title='bbox 1111 1038 1247 1078; x_wconf 82' lang='lat' dir='ltr'>quodam</span> <span class='ocrx_word' id='word_1_161' title='bbox 1262 1037 1413 1069; x_wconf 87' lang='lat' dir='ltr'>instinctu</span> <span class='ocrx_word' id='word_1_162' title='bbox 1427 1037 1552 1069; x_wconf 81' lang='lat' dir='ltr'>feratur.</span> <span class='ocrx_word' id='word_1_163' title='bbox 1584 1037 1668 1069; x_wconf 87' lang='lat' dir='ltr'>inest</span> 
     </span>
     <span class='ocr_line' id='line_1_17' title="bbox 201 1090 1665 1133; baseline -0.001 -10"><span class='ocrx_word' id='word_1_164' title='bbox 201 1091 298 1130; x_wconf 85' lang='lat' dir='ltr'>enim,</span> <span class='ocrx_word' id='word_1_165' title='bbox 320 1102 339 1123; x_wconf 89' lang='lat' dir='ltr'>o</span> <span class='ocrx_word' id='word_1_166' title='bbox 354 1091 466 1128; x_wconf 80' lang='lat' dir='ltr'>amice,</span> <span class='ocrx_word' id='word_1_167' title='bbox 488 1090 557 1132; x_wconf 85' lang='lat' dir='ltr'>ipsa</span> <span class='ocrx_word' id='word_1_168' title='bbox 571 1095 681 1122; x_wconf 85' lang='lat' dir='ltr'>natura</span> <span class='ocrx_word' id='word_1_169' title='bbox 696 1090 897 1132; x_wconf 85' lang='lat' dir='ltr'>philosophia</span> <span class='ocrx_word' id='word_1_170' title='bbox 921 1091 1067 1133; x_wconf 77' lang='lat' dir='ltr'>quaedam</span> <span class='ocrx_word' id='word_1_171' title='bbox 1091 1091 1173 1122; x_wconf 88' lang='lat' dir='ltr'>illius</span> <span class='ocrx_word' id='word_1_172' title='bbox 1197 1091 1336 1133; x_wconf 87' lang='lat' dir='ltr'>ingenio.</span> <span class='ocrx_word' id='word_1_173' title='bbox 1381 1091 1461 1123; x_wconf 87' lang='lat' dir='ltr'>Haec</span> <span class='ocrx_word' id='word_1_174' title='bbox 1476 1102 1549 1132; x_wconf 89' lang='lat' dir='ltr'>ego,</span> <span class='ocrx_word' id='word_1_175' title='bbox 1571 1091 1612 1123; x_wconf 83' lang='lat' dir='ltr'>ab</span> <span class='ocrx_word' id='word_1_176' title='bbox 1626 1091 1665 1123; x_wconf 86' lang='lat' dir='ltr'>iis</span> 
     </span>
     <span class='ocr_line' id='line_1_18' title="bbox 202 1144 1664 1188; baseline -0.001 -10"><span class='ocrx_word' id='word_1_177' title='bbox 202 1146 275 1178; x_wconf 77' lang='lat' dir='ltr'>Diis</span> <span class='ocrx_word' id='word_1_178' title='bbox 303 1150 445 1187; x_wconf 79' lang='lat' dir='ltr'>accepta,</span> <span class='ocrx_word' id='word_1_179' title='bbox 478 1144 609 1176; x_wconf 82' lang='lat' dir='ltr'>Isocrati</span> <span class='ocrx_word' id='word_1_180' title='bbox 632 1144 708 1175; x_wconf 89' lang='lat' dir='ltr'>mihi</span> <span class='ocrx_word' id='word_1_181' title='bbox 733 1144 935 1176; x_wconf 86' lang='lat' dir='ltr'>dilectissimo</span> <span class='ocrx_word' id='word_1_182' title='bbox 959 1145 1092 1177; x_wconf 86' lang='lat' dir='ltr'>nuntio:</span> <span class='ocrx_word' id='word_1_183' title='bbox 1126 1150 1160 1176; x_wconf 82' lang='lat' dir='ltr'>tu</span> <span class='ocrx_word' id='word_1_184' title='bbox 1189 1145 1256 1182; x_wconf 82' lang='lat' dir='ltr'>illa,</span> <span class='ocrx_word' id='word_1_185' title='bbox 1280 1145 1385 1188; x_wconf 82' lang='lat' dir='ltr'>Lysiae</span> <span class='ocrx_word' id='word_1_186' title='bbox 1415 1146 1473 1176; x_wconf 82' lang='lat' dir='ltr'>tibi</span> <span class='ocrx_word' id='word_1_187' title='bbox 1495 1146 1664 1178; x_wconf 83' lang='lat' dir='ltr'>carissimo.</span> 
     </span>
     <span class='ocr_line' id='line_1_19' title="bbox 199 1198 1667 1241; baseline -0.001 -9"><span class='ocrx_word' id='word_1_188' title='bbox 199 1202 294 1233; x_wconf 61' lang='lat' dir='ltr'>Pam.</span> <span class='ocrx_word' id='word_1_189' title='bbox 316 1199 368 1230; x_wconf 76' lang='lat' dir='ltr'>Ita</span> <span class='ocrx_word' id='word_1_190' title='bbox 383 1199 456 1233; x_wconf 71' lang='lat' dir='ltr'>fiet.</span> <span class='ocrx_word' id='word_1_191' title='bbox 490 1199 545 1229; x_wconf 83' lang='lat' dir='ltr'>sed</span> <span class='ocrx_word' id='word_1_192' title='bbox 560 1199 707 1230; x_wconf 81' lang='lat' dir='ltr'>abeamus</span> <span class='ocrx_word' id='word_1_193' title='bbox 721 1198 806 1235; x_wconf 87' lang='lat' dir='ltr'>hinc,</span> <span class='ocrx_word' id='word_1_194' title='bbox 829 1209 900 1230; x_wconf 89' lang='lat' dir='ltr'>cum</span> <span class='ocrx_word' id='word_1_195' title='bbox 916 1203 1008 1230; x_wconf 80' lang='lat' dir='ltr'>aestus</span> <span class='ocrx_word' id='word_1_196' title='bbox 1022 1199 1165 1230; x_wconf 83' lang='lat' dir='ltr'>nonnihil</span> <span class='ocrx_word' id='word_1_197' title='bbox 1176 1199 1243 1241; x_wconf 85' lang='lat' dir='ltr'>jam</span> <span class='ocrx_word' id='word_1_198' title='bbox 1259 1199 1458 1232; x_wconf 81' lang='lat' dir='ltr'>deferbuerit.</span> <span class='ocrx_word' id='word_1_199' title='bbox 1501 1200 1557 1231; x_wconf 86' lang='lat' dir='ltr'>So.</span> <span class='ocrx_word' id='word_1_200' title='bbox 1580 1199 1667 1232; x_wconf 78' lang='lat' dir='ltr'>Vota</span> 
     </span>
     <span class='ocr_line' id='line_1_20' title="bbox 200 1251 1668 1297; baseline 0 -12"><span class='ocrx_word' id='word_1_201' title='bbox 200 1254 285 1296; x_wconf 80' lang='lat' dir='ltr'>prius</span> <span class='ocrx_word' id='word_1_202' title='bbox 307 1253 355 1284; x_wconf 80' lang='lat' dir='ltr'>his</span> <span class='ocrx_word' id='word_1_203' title='bbox 375 1251 522 1284; x_wconf 72' lang='lat' dir='ltr'>facienda</span> <span class='ocrx_word' id='word_1_204' title='bbox 547 1257 630 1288; x_wconf 83' lang='lat' dir='ltr'>sunt,</span> <span class='ocrx_word' id='word_1_205' title='bbox 652 1262 746 1294; x_wconf 89' lang='lat' dir='ltr'>quam</span> <span class='ocrx_word' id='word_1_206' title='bbox 765 1253 926 1297; x_wconf 72' lang='lat' dir='ltr'>abeamus.</span> <span class='ocrx_word' id='word_1_207' title='bbox 969 1253 1063 1284; x_wconf 66' lang='lat' dir='ltr'>Pam.</span> <span class='ocrx_word' id='word_1_208' title='bbox 1086 1253 1232 1291; x_wconf 83' lang='lat' dir='ltr'>Quidni?</span> <span class='ocrx_word' id='word_1_209' title='bbox 1275 1253 1331 1286; x_wconf 81' lang='lat' dir='ltr'>So.</span> <span class='ocrx_word' id='word_1_210' title='bbox 1354 1253 1385 1285; x_wconf 94' lang='grc' dir='ltr'>Ο</span> <span class='ocrx_word' id='word_1_211' title='bbox 1408 1253 1507 1286; x_wconf 83' lang='lat' dir='ltr'>amice</span> <span class='ocrx_word' id='word_1_212' title='bbox 1530 1254 1611 1292; x_wconf 82' lang='lat' dir='ltr'>Pan,</span> <span class='ocrx_word' id='word_1_213' title='bbox 1634 1258 1668 1286; x_wconf 84' lang='lat' dir='ltr'>et</span> 
     </span>
     <span class='ocr_line' id='line_1_21' title="bbox 201 1306 1666 1350; baseline -0.001 -8"><span class='ocrx_word' id='word_1_214' title='bbox 201 1309 388 1348; x_wconf 74' lang='lat' dir='ltr'>aliiemnes,</span> <span class='ocrx_word' id='word_1_215' title='bbox 409 1306 465 1348; x_wconf 84' lang='lat' dir='ltr'>qui</span> <span class='ocrx_word' id='word_1_216' title='bbox 486 1306 590 1338; x_wconf 86' lang='lat' dir='ltr'>locum</span> <span class='ocrx_word' id='word_1_217' title='bbox 606 1307 689 1339; x_wconf 90' lang='lat' dir='ltr'>hunc</span> <span class='ocrx_word' id='word_1_218' title='bbox 712 1307 826 1345; x_wconf 84' lang='lat' dir='ltr'>colitis,</span> <span class='ocrx_word' id='word_1_219' title='bbox 851 1307 920 1348; x_wconf 86' lang='lat' dir='ltr'>Dii,</span> <span class='ocrx_word' id='word_1_220' title='bbox 942 1308 1016 1339; x_wconf 87' lang='lat' dir='ltr'>date</span> <span class='ocrx_word' id='word_1_221' title='bbox 1032 1308 1120 1349; x_wconf 89' lang='lat' dir='ltr'>mihi,</span> <span class='ocrx_word' id='word_1_222' title='bbox 1142 1313 1179 1339; x_wconf 88' lang='lat' dir='ltr'>ut</span> <span class='ocrx_word' id='word_1_223' title='bbox 1206 1308 1337 1350; x_wconf 89' lang='lat' dir='ltr'>pulcher</span> <span class='ocrx_word' id='word_1_224' title='bbox 1362 1309 1447 1340; x_wconf 84' lang='lat' dir='ltr'>intus</span> <span class='ocrx_word' id='word_1_225' title='bbox 1475 1308 1608 1341; x_wconf 81' lang='lat' dir='ltr'>efficiar:</span> <span class='ocrx_word' id='word_1_226' title='bbox 1631 1315 1666 1341; x_wconf 77' lang='lat' dir='ltr'>et</span> 
     </span>
     <span class='ocr_line' id='line_1_22' title="bbox 199 1360 1665 1409; baseline 0 -15"><span class='ocrx_word' id='word_1_227' title='bbox 199 1372 396 1409; x_wconf 65' lang='lat' dir='ltr'>quecunque</span> <span class='ocrx_word' id='word_1_228' title='bbox 424 1360 613 1392; x_wconf 83' lang='lat' dir='ltr'>extrinsecus</span> <span class='ocrx_word' id='word_1_229' title='bbox 637 1361 750 1398; x_wconf 82' lang='lat' dir='ltr'>habeo,</span> <span class='ocrx_word' id='word_1_230' title='bbox 772 1361 950 1393; x_wconf 85' lang='lat' dir='ltr'>intrinsecis</span> <span class='ocrx_word' id='word_1_231' title='bbox 975 1362 1038 1393; x_wconf 87' lang='lat' dir='ltr'>sint</span> <span class='ocrx_word' id='word_1_232' title='bbox 1066 1361 1176 1394; x_wconf 81' lang='lat' dir='ltr'>amica.</span> <span class='ocrx_word' id='word_1_233' title='bbox 1200 1362 1329 1394; x_wconf 86' lang='lat' dir='ltr'>divitem</span> <span class='ocrx_word' id='word_1_234' title='bbox 1359 1367 1463 1398; x_wconf 79' lang='lat' dir='ltr'>autern</span> <span class='ocrx_word' id='word_1_235' title='bbox 1490 1362 1665 1404; x_wconf 81' lang='lat' dir='ltr'>sapientem</span> 
     </span>
     <span class='ocr_line' id='line_1_23' title="bbox 200 1414 1667 1458; baseline -0.003 -7"><span class='ocrx_word' id='word_1_236' title='bbox 200 1419 302 1452; x_wconf 77' lang='lat' dir='ltr'>solum</span> <span class='ocrx_word' id='word_1_237' title='bbox 317 1415 500 1448; x_wconf 82' lang='lat' dir='ltr'>existimem.</span> <span class='ocrx_word' id='word_1_238' title='bbox 523 1418 644 1446; x_wconf 82' lang='lat' dir='ltr'>tantum</span> <span class='ocrx_word' id='word_1_239' title='bbox 660 1425 732 1446; x_wconf 80' lang='lat' dir='ltr'>vero</span> <span class='ocrx_word' id='word_1_240' title='bbox 751 1414 830 1446; x_wconf 83' lang='lat' dir='ltr'>mihi</span> <span class='ocrx_word' id='word_1_241' title='bbox 853 1414 894 1446; x_wconf 80' lang='lat' dir='ltr'>sit</span> <span class='ocrx_word' id='word_1_242' title='bbox 913 1415 991 1453; x_wconf 79' lang='lat' dir='ltr'>auri,</span> <span class='ocrx_word' id='word_1_243' title='bbox 1017 1420 1169 1457; x_wconf 81' lang='lat' dir='ltr'>quantum</span> <span class='ocrx_word' id='word_1_244' title='bbox 1185 1425 1247 1447; x_wconf 84' lang='lat' dir='ltr'>nec</span> <span class='ocrx_word' id='word_1_245' title='bbox 1267 1415 1346 1448; x_wconf 82' lang='lat' dir='ltr'>ferre</span> <span class='ocrx_word' id='word_1_246' title='bbox 1365 1427 1423 1448; x_wconf 92' lang='lat' dir='ltr'>nec</span> <span class='ocrx_word' id='word_1_247' title='bbox 1438 1416 1554 1448; x_wconf 87' lang='lat' dir='ltr'>ducere</span> <span class='ocrx_word' id='word_1_248' title='bbox 1570 1420 1667 1458; x_wconf 80' lang='lat' dir='ltr'>queat</span> 
     </span>
     <span class='ocr_line' id='line_1_24' title="bbox 200 1468 1665 1511; baseline -0.002 -6"><span class='ocrx_word' id='word_1_249' title='bbox 200 1473 292 1510; x_wconf 77' lang='lat' dir='ltr'>alius,</span> <span class='ocrx_word' id='word_1_250' title='bbox 313 1470 373 1502; x_wconf 81' lang='lat' dir='ltr'>nisi</span> <span class='ocrx_word' id='word_1_251' title='bbox 388 1468 435 1502; x_wconf 85' lang='lat' dir='ltr'>vir</span> <span class='ocrx_word' id='word_1_252' title='bbox 458 1473 645 1510; x_wconf 84' lang='lat' dir='ltr'>temperans.</span> <span class='ocrx_word' id='word_1_253' title='bbox 690 1468 854 1511; x_wconf 88' lang='lat' dir='ltr'>Numquid</span> <span class='ocrx_word' id='word_1_254' title='bbox 869 1469 954 1502; x_wconf 79' lang='lat' dir='ltr'>aliud</span> <span class='ocrx_word' id='word_1_255' title='bbox 970 1470 1121 1502; x_wconf 81' lang='lat' dir='ltr'>orandum</span> <span class='ocrx_word' id='word_1_256' title='bbox 1136 1481 1256 1507; x_wconf 46' lang='lat' dir='ltr'>oensem</span> <span class='ocrx_word' id='word_1_257' title='bbox 1275 1481 1294 1501; x_wconf 93' lang='lat' dir='ltr'>o</span> <span class='ocrx_word' id='word_1_258' title='bbox 1316 1470 1470 1502; x_wconf 85' lang='lat' dir='ltr'>Phaedre?</span> <span class='ocrx_word' id='word_1_259' title='bbox 1493 1470 1568 1502; x_wconf 85' lang='lat' dir='ltr'>mihi</span> <span class='ocrx_word' id='word_1_260' title='bbox 1581 1470 1665 1502; x_wconf 81' lang='lat' dir='ltr'>enim</span> 
     </span>
     <span class='ocr_line' id='line_1_25' title="bbox 200 1523 1667 1568; baseline -0.001 -9"><span class='ocrx_word' id='word_1_261' title='bbox 200 1527 273 1565; x_wconf 73' lang='lat' dir='ltr'>ntis</span> <span class='ocrx_word' id='word_1_262' title='bbox 295 1530 343 1557; x_wconf 79' lang='lat' dir='ltr'>est</span> <span class='ocrx_word' id='word_1_263' title='bbox 368 1527 521 1566; x_wconf 76' lang='lat' dir='ltr'>optatum.</span> <span class='ocrx_word' id='word_1_264' title='bbox 565 1523 659 1556; x_wconf 61' lang='lat' dir='ltr'>Pam.</span> <span class='ocrx_word' id='word_1_265' title='bbox 683 1523 768 1556; x_wconf 85' lang='lat' dir='ltr'>Mihi</span> <span class='ocrx_word' id='word_1_266' title='bbox 782 1535 909 1568; x_wconf 88' lang='lat' dir='ltr'>quoque</span> <span class='ocrx_word' id='word_1_267' title='bbox 934 1525 1046 1557; x_wconf 80' lang='lat' dir='ltr'>eadem</span> <span class='ocrx_word' id='word_1_268' title='bbox 1071 1529 1157 1567; x_wconf 81' lang='lat' dir='ltr'>opta.</span> <span class='ocrx_word' id='word_1_269' title='bbox 1202 1524 1372 1558; x_wconf 78' lang='lat' dir='ltr'>amicorum</span> <span class='ocrx_word' id='word_1_270' title='bbox 1390 1525 1475 1558; x_wconf 80' lang='lat' dir='ltr'>enim</span> <span class='ocrx_word' id='word_1_271' title='bbox 1490 1525 1667 1559; x_wconf 83' lang='lat' dir='ltr'>communia</span> 
     </span>
     <span class='ocr_line' id='line_1_26' title="bbox 201 1577 612 1614; baseline -0.012 0"><span class='ocrx_word' id='word_1_272' title='bbox 201 1581 317 1614; x_wconf 69' lang='lat' dir='ltr'>o‘mnia.</span> <span class='ocrx_word' id='word_1_273' title='bbox 361 1579 418 1611; x_wconf 88' lang='lat' dir='ltr'>So.</span> <span class='ocrx_word' id='word_1_274' title='bbox 441 1577 612 1610; x_wconf 81' lang='lat' dir='ltr'>Abeamus.</span> 
     </span>
    </p>
   </div>
  </div>
 </body>
</html>
