<?xml version="1.0" encoding="UTF-8"?>
<!DOCTYPE html PUBLIC "-//W3C//DTD XHTML 1.0 Transitional//EN"
    "http://www.w3.org/TR/xhtml1/DTD/xhtml1-transitional.dtd">
<html xmlns="http://www.w3.org/1999/xhtml" xml:lang="en" lang="en">
 <head>
  <title>
</title>
<meta http-equiv="Content-Type" content="text/html;charset=utf-8" />
  <meta name='ocr-system' content='tesseract 3.04.00' />
  <meta name='ocr-capabilities' content='ocr_page ocr_carea ocr_par ocr_line ocrx_word'/>
</head>
<body>
  <div class='ocr_page' id='page_1' title='image "./platonisetquaeve10plat_0235.png"; bbox 0 0 1846 3268; ppageno 0'>
   <div class='ocr_carea' id='block_1_1' title="bbox 177 277 1645 327">
    <p class='ocr_par' dir='ltr' id='par_1_1' title="bbox 177 277 1645 327">
     <span class='ocr_line' id='line_1_1' title="bbox 177 277 1645 327; baseline 0.001 -11"><span class='ocrx_word' id='word_1_1' title='bbox 177 277 278 327; x_wconf 82' lang='lat'>517]</span> <span class='ocrx_word' id='word_1_2' title='bbox 784 277 1042 318; x_wconf 82' lang='lat' dir='ltr'><strong>GORGIAS.</strong></span> <span class='ocrx_word' id='word_1_3' title='bbox 1567 283 1645 319; x_wconf 78' lang='lat'>&lt;225</span> 
     </span>
    </p>
   </div>
   <div class='ocr_carea' id='block_1_2' title="bbox 147 380 1665 2956">
    <p class='ocr_par' dir='ltr' id='par_1_2' title="bbox 147 380 1665 2956">
     <span class='ocr_line' id='line_1_2' title="bbox 175 380 1640 423; baseline 0.001 -9"><span class='ocrx_word' id='word_1_4' title='bbox 175 383 253 415; x_wconf 63' lang='lat' dir='ltr'>iiaec-</span> <span class='ocrx_word' id='word_1_5' title='bbox 263 382 306 414; x_wconf 83' lang='lat' dir='ltr'>ob</span> <span class='ocrx_word' id='word_1_6' title='bbox 319 381 472 413; x_wconf 81' lang='lat' dir='ltr'>feritatem</span> <span class='ocrx_word' id='word_1_7' title='bbox 486 380 622 412; x_wconf 75' lang='lat' dir='ltr'>habeant</span> <span class='ocrx_word' id='word_1_8' title='bbox 637 380 724 412; x_wconf 77' lang='lat' dir='ltr'>vitia.</span> <span class='ocrx_word' id='word_1_9' title='bbox 747 390 787 412; x_wconf 87' lang='lat' dir='ltr'>an</span> <span class='ocrx_word' id='word_1_10' title='bbox 802 390 866 412; x_wconf 85' lang='lat' dir='ltr'>non</span> <span class='ocrx_word' id='word_1_11' title='bbox 890 381 947 412; x_wconf 90' lang='lat' dir='ltr'>tibi</span> <span class='ocrx_word' id='word_1_12' title='bbox 964 380 1085 412; x_wconf 89' lang='lat' dir='ltr'>videtur</span> <span class='ocrx_word' id='word_1_13' title='bbox 1106 381 1160 413; x_wconf 84' lang='lat' dir='ltr'>ille</span> <span class='ocrx_word' id='word_1_14' title='bbox 1183 380 1354 423; x_wconf 81' lang='lat' dir='ltr'>cujuslibet</span> <span class='ocrx_word' id='word_1_15' title='bbox 1381 382 1525 415; x_wconf 79' lang='lat' dir='ltr'>animalis</span> <span class='ocrx_word' id='word_1_16' title='bbox 1541 384 1640 415; x_wconf 84' lang='lat' dir='ltr'>malus</span> 
     </span>
     <span class='ocr_line' id='line_1_3' title="bbox 174 435 1637 478; baseline -0.001 -10"><span class='ocrx_word' id='word_1_17' title='bbox 174 446 247 468; x_wconf 65' lang='lat' dir='ltr'>‘esse</span> <span class='ocrx_word' id='word_1_18' title='bbox 261 440 398 471; x_wconf 62' lang='lat' dir='ltr'>curator,</span> <span class='ocrx_word' id='word_1_19' title='bbox 409 435 464 477; x_wconf 90' lang='lat' dir='ltr'>qui</span> <span class='ocrx_word' id='word_1_20' title='bbox 477 444 548 467; x_wconf 86' lang='lat' dir='ltr'>cum</span> <span class='ocrx_word' id='word_1_21' title='bbox 566 435 724 476; x_wconf 84' lang='lat' dir='ltr'>acceperit</span> <span class='ocrx_word' id='word_1_22' title='bbox 747 441 953 472; x_wconf 84' lang='lat' dir='ltr'>mansuetum,</span> <span class='ocrx_word' id='word_1_23' title='bbox 970 435 1067 477; x_wconf 80' lang='lat' dir='ltr'>magis</span> <span class='ocrx_word' id='word_1_24' title='bbox 1083 436 1180 467; x_wconf 84' lang='lat' dir='ltr'>ferum</span> <span class='ocrx_word' id='word_1_25' title='bbox 1196 435 1366 467; x_wconf 80' lang='lat' dir='ltr'><strong>reddiderit</strong></span> <span class='ocrx_word' id='word_1_26' title='bbox 1380 446 1473 477; x_wconf 84' lang='lat' dir='ltr'>quam</span> <span class='ocrx_word' id='word_1_27' title='bbox 1489 437 1637 478; x_wconf 86' lang='lat' dir='ltr'>accepit?</span> 
     </span>
     <span class='ocr_line' id='line_1_4' title="bbox 172 488 1639 531; baseline 0 -11"><span class='ocrx_word' id='word_1_28' title='bbox 172 489 312 520; x_wconf 74' lang='lat' dir='ltr'>-Videtur</span> <span class='ocrx_word' id='word_1_29' title='bbox 334 489 403 526; x_wconf 84' lang='lat' dir='ltr'>tibi,</span> <span class='ocrx_word' id='word_1_30' title='bbox 428 489 550 521; x_wconf 82' lang='lat' dir='ltr'>necue?</span> <span class='ocrx_word' id='word_1_31' title='bbox 596 488 683 521; x_wconf 62' lang='lat' dir='ltr'>cn.</span> <span class='ocrx_word' id='word_1_32' title='bbox 709 490 863 521; x_wconf 78' lang='lat' dir='ltr'><strong>Concedo</strong></span> <span class='ocrx_word' id='word_1_33' title='bbox 887 489 1047 530; x_wconf 87' lang='lat' dir='ltr'>equidem,</span> <span class='ocrx_word' id='word_1_34' title='bbox 1063 494 1099 520; x_wconf 89' lang='lat' dir='ltr'>ut</span> <span class='ocrx_word' id='word_1_35' title='bbox 1120 489 1175 520; x_wconf 86' lang='lat' dir='ltr'>tibi</span> <span class='ocrx_word' id='word_1_36' title='bbox 1202 494 1322 531; x_wconf 86' lang='lat' dir='ltr'>gratum</span> <span class='ocrx_word' id='word_1_37' title='bbox 1347 489 1472 521; x_wconf 80' lang='lat' dir='ltr'>faciam.</span> <span class='ocrx_word' id='word_1_38' title='bbox 1519 489 1576 521; x_wconf 90' lang='lat' dir='ltr'>So.</span> <span class='ocrx_word' id='word_1_39' title='bbox 1599 490 1639 520; x_wconf 85' lang='lat' dir='ltr'>In</span> 
     </span>
     <span class='ocr_line' id='line_1_5' title="bbox 175 542 1636 584; baseline 0.001 -11"><span class='ocrx_word' id='word_1_40' title='bbox 175 543 236 574; x_wconf 79' lang='lat' dir='ltr'>hoc</span> <span class='ocrx_word' id='word_1_41' title='bbox 251 547 401 584; x_wconf 79' lang='lat' dir='ltr'>praeterea</span> <span class='ocrx_word' id='word_1_42' title='bbox 415 542 586 583; x_wconf 80' lang='lat' dir='ltr'>gratificare</span> <span class='ocrx_word' id='word_1_43' title='bbox 597 542 686 579; x_wconf 82' lang='lat' dir='ltr'>mihi,</span> <span class='ocrx_word' id='word_1_44' title='bbox 701 543 902 584; x_wconf 89' lang='lat' dir='ltr'>respondens,</span> <span class='ocrx_word' id='word_1_45' title='bbox 920 548 1022 574; x_wconf 88' lang='lat' dir='ltr'>utrum</span> <span class='ocrx_word' id='word_1_46' title='bbox 1038 544 1131 574; x_wconf 87' lang='lat' dir='ltr'>homo</span> <span class='ocrx_word' id='word_1_47' title='bbox 1148 553 1243 574; x_wconf 86' lang='lat' dir='ltr'>unum</span> <span class='ocrx_word' id='word_1_48' title='bbox 1260 543 1299 573; x_wconf 89' lang='lat' dir='ltr'>sit</span> <span class='ocrx_word' id='word_1_49' title='bbox 1314 543 1509 580; x_wconf 78' lang='lat' dir='ltr'>animalium,</span> <span class='ocrx_word' id='word_1_50' title='bbox 1525 553 1636 575; x_wconf 85' lang='lat' dir='ltr'>necne.</span> 
     </span>
     <span class='ocr_line' id='line_1_6' title="bbox 174 595 1637 637; baseline 0 -9"><span class='ocrx_word' id='word_1_51' title='bbox 174 595 264 628; x_wconf 69' lang='lat' dir='ltr'>Cn„</span> <span class='ocrx_word' id='word_1_52' title='bbox 288 595 374 633; x_wconf 85' lang='lat' dir='ltr'><strong>Quid</strong></span> <span class='ocrx_word' id='word_1_53' title='bbox 391 597 502 637; x_wconf 85' lang='lat' dir='ltr'>rogas?</span> <span class='ocrx_word' id='word_1_54' title='bbox 547 596 604 628; x_wconf 81' lang='lat' dir='ltr'>So.</span> <span class='ocrx_word' id='word_1_55' title='bbox 628 595 745 628; x_wconf 84' lang='lat' dir='ltr'>Nonne</span> <span class='ocrx_word' id='word_1_56' title='bbox 761 597 922 628; x_wconf 88' lang='lat' dir='ltr'>hominum</span> <span class='ocrx_word' id='word_1_57' title='bbox 937 607 1041 628; x_wconf 91' lang='lat' dir='ltr'>curam</span> <span class='ocrx_word' id='word_1_58' title='bbox 1058 597 1195 628; x_wconf 89' lang='lat' dir='ltr'>Pericles</span> <span class='ocrx_word' id='word_1_59' title='bbox 1211 597 1370 627; x_wconf 84' lang='lat' dir='ltr'>habebat?</span> <span class='ocrx_word' id='word_1_60' title='bbox 1417 597 1503 629; x_wconf 80' lang='lat' dir='ltr'><strong>CAL.</strong></span> <span class='ocrx_word' id='word_1_61' title='bbox 1528 597 1637 628; x_wconf 78' lang='lat' dir='ltr'>Habe-</span> 
     </span>
     <span class='ocr_line' id='line_1_7' title="bbox 169 648 1639 692; baseline 0.001 -13"><span class='ocrx_word' id='word_1_62' title='bbox 169 648 240 681; x_wconf 68' lang='lat' dir='ltr'>bat.</span> <span class='ocrx_word' id='word_1_63' title='bbox 262 667 265 670; x_wconf 50' lang='lat'><strong>⁴</strong></span> <span class='ocrx_word' id='word_1_64' title='bbox 285 649 341 680; x_wconf 88' lang='lat' dir='ltr'>So.</span> <span class='ocrx_word' id='word_1_65' title='bbox 363 648 452 686; x_wconf 83' lang='lat' dir='ltr'>Quid</span> <span class='ocrx_word' id='word_1_66' title='bbox 468 650 565 691; x_wconf 85' lang='lat' dir='ltr'>ergo?</span> <span class='ocrx_word' id='word_1_67' title='bbox 590 660 629 680; x_wconf 85' lang='lat' dir='ltr'>an</span> <span class='ocrx_word' id='word_1_68' title='bbox 645 660 708 680; x_wconf 89' lang='lat' dir='ltr'>non</span> <span class='ocrx_word' id='word_1_69' title='bbox 725 651 890 691; x_wconf 82' lang='lat' dir='ltr'>oportebat</span> <span class='ocrx_word' id='word_1_70' title='bbox 906 651 1002 691; x_wconf 84' lang='lat' dir='ltr'>ipsos,</span> <span class='ocrx_word' id='word_1_71' title='bbox 1019 650 1285 692; x_wconf 71' lang='lat' dir='ltr'><strong>quemadmodum</strong></span> <span class='ocrx_word' id='word_1_72' title='bbox 1301 650 1395 681; x_wconf 89' lang='lat' dir='ltr'>modo</span> <span class='ocrx_word' id='word_1_73' title='bbox 1411 651 1639 687; x_wconf 83' lang='lat' dir='ltr'>consensimus,</span> 
     </span>
     <span class='ocr_line' id='line_1_8' title="bbox 171 700 1642 745; baseline 0.002 -13"><span class='ocrx_word' id='word_1_74' title='bbox 171 700 320 742; x_wconf 72' lang='lat' dir='ltr'>justiores</span> <span class='ocrx_word' id='word_1_75' title='bbox 335 713 374 734; x_wconf 82' lang='lat' dir='ltr'>ex</span> <span class='ocrx_word' id='word_1_76' title='bbox 388 702 603 744; x_wconf 88' lang='lat' dir='ltr'>injustioribus</span> <span class='ocrx_word' id='word_1_77' title='bbox 623 705 663 735; x_wconf 84' lang='lat' dir='ltr'>ab</span> <span class='ocrx_word' id='word_1_78' title='bbox 688 703 742 734; x_wconf 88' lang='lat' dir='ltr'>illo</span> <span class='ocrx_word' id='word_1_79' title='bbox 759 705 854 735; x_wconf 85' lang='lat' dir='ltr'>fuisse</span> <span class='ocrx_word' id='word_1_80' title='bbox 883 704 1007 735; x_wconf 83' lang='lat' dir='ltr'>factos?</span> <span class='ocrx_word' id='word_1_81' title='bbox 1031 704 1056 734; x_wconf 85' lang='lat' dir='ltr'>si</span> <span class='ocrx_word' id='word_1_82' title='bbox 1070 705 1207 745; x_wconf 86' lang='lat' dir='ltr'>:quidem</span> <span class='ocrx_word' id='word_1_83' title='bbox 1233 704 1286 734; x_wconf 90' lang='lat' dir='ltr'>ille</span> <span class='ocrx_word' id='word_1_84' title='bbox 1312 704 1367 745; x_wconf 91' lang='lat' dir='ltr'>qui</span> <span class='ocrx_word' id='word_1_85' title='bbox 1381 705 1509 735; x_wconf 84' lang='lat' dir='ltr'>curabat</span> <span class='ocrx_word' id='word_1_86' title='bbox 1525 714 1591 741; x_wconf 82' lang='lat' dir='ltr'>eos,</span> <span class='ocrx_word' id='word_1_87' title='bbox 1606 703 1642 735; x_wconf 85' lang='lat' dir='ltr'>in</span> 
     </span>
     <span class='ocr_line' id='line_1_9' title="bbox 168 755 1639 798; baseline 0.001 -12"><span class='ocrx_word' id='word_1_88' title='bbox 168 755 267 787; x_wconf 63' lang='lat' dir='ltr'>&gt;rebus</span> <span class='ocrx_word' id='word_1_89' title='bbox 279 756 424 788; x_wconf 78' lang='lat' dir='ltr'>civiiibus</span> <span class='ocrx_word' id='word_1_90' title='bbox 446 756 565 798; x_wconf 86' lang='lat' dir='ltr'>peritus</span> <span class='ocrx_word' id='word_1_91' title='bbox 587 763 663 790; x_wconf 80' lang='lat' dir='ltr'>erat.</span> <span class='ocrx_word' id='word_1_92' title='bbox 710 758 794 791; x_wconf 60' lang='lat' dir='ltr'>Cn.</span> <span class='ocrx_word' id='word_1_93' title='bbox 817 758 958 790; x_wconf 78' lang='lat' dir='ltr'>Prorsus.</span> <span class='ocrx_word' id='word_1_94' title='bbox 1003 758 1058 788; x_wconf 89' lang='lat' dir='ltr'>So.</span> <span class='ocrx_word' id='word_1_95' title='bbox 1080 757 1197 788; x_wconf 89' lang='lat' dir='ltr'><strong>Nonne</strong></span> <span class='ocrx_word' id='word_1_96' title='bbox 1218 757 1297 798; x_wconf 85' lang='lat' dir='ltr'>justi</span> <span class='ocrx_word' id='word_1_97' title='bbox 1320 758 1474 789; x_wconf 80' lang='lat' dir='ltr'>mansueti</span> <span class='ocrx_word' id='word_1_98' title='bbox 1500 763 1584 795; x_wconf 82' lang='lat' dir='ltr'>sunt,</span> <span class='ocrx_word' id='word_1_99' title='bbox 1602 763 1639 788; x_wconf 89' lang='lat' dir='ltr'>ut</span> 
     </span>
     <span class='ocr_line' id='line_1_10' title="bbox 173 807 1641 854; baseline 0.001 -14"><span class='ocrx_word' id='word_1_100' title='bbox 173 807 219 840; x_wconf 72' lang='lat' dir='ltr'>ait</span> <span class='ocrx_word' id='word_1_101' title='bbox 233 808 410 842; x_wconf 79' lang='lat' dir='ltr'>Homerus?</span> <span class='ocrx_word' id='word_1_102' title='bbox 433 817 556 854; x_wconf 68' lang='lat' dir='ltr'>tuyero</span> <span class='ocrx_word' id='word_1_103' title='bbox 579 813 656 854; x_wconf 91' lang='lat' dir='ltr'>quid</span> <span class='ocrx_word' id='word_1_104' title='bbox 681 813 752 843; x_wconf 79' lang='lat' dir='ltr'>ais?</span> <span class='ocrx_word' id='word_1_105' title='bbox 777 822 882 843; x_wconf 88' lang='lat' dir='ltr'>nonne</span> <span class='ocrx_word' id='word_1_106' title='bbox 897 811 1062 843; x_wconf 83' lang='lat' dir='ltr'>similiter?</span> <span class='ocrx_word' id='word_1_107' title='bbox 1108 811 1193 843; x_wconf 66' lang='lat' dir='ltr'>Cn..</span> <span class='ocrx_word' id='word_1_108' title='bbox 1216 811 1292 843; x_wconf 82' lang='lat' dir='ltr'>Aio.</span> <span class='ocrx_word' id='word_1_109' title='bbox 1336 811 1392 843; x_wconf 85' lang='lat' dir='ltr'>So.</span> <span class='ocrx_word' id='word_1_110' title='bbox 1416 811 1641 842; x_wconf 79' lang='lat' dir='ltr'>Verumtamen</span> 
     </span>
     <span class='ocr_line' id='line_1_11' title="bbox 172 860 1637 908; baseline 0.002 -16"><span class='ocrx_word' id='word_1_111' title='bbox 172 860 254 893; x_wconf 79' lang='lat' dir='ltr'>feros</span> <span class='ocrx_word' id='word_1_112' title='bbox 269 864 366 906; x_wconf 79' lang='lat' dir='ltr'>magis</span> <span class='ocrx_word' id='word_1_113' title='bbox 380 863 466 906; x_wconf 87' lang='lat' dir='ltr'>ipsos</span> <span class='ocrx_word' id='word_1_114' title='bbox 482 866 620 897; x_wconf 83' lang='lat' dir='ltr'>reddidit</span> <span class='ocrx_word' id='word_1_115' title='bbox 630 877 723 908; x_wconf 86' lang='lat' dir='ltr'>quam</span> <span class='ocrx_word' id='word_1_116' title='bbox 739 871 904 908; x_wconf 83' lang='lat' dir='ltr'>acceperat</span> <span class='ocrx_word' id='word_1_117' title='bbox 917 878 924 896; x_wconf 73' lang='grc' dir='ltr'><strong>ε</strong></span> <span class='ocrx_word' id='word_1_118' title='bbox 947 866 1044 907; x_wconf 91' lang='lat' dir='ltr'>idque</span> <span class='ocrx_word' id='word_1_119' title='bbox 1055 866 1203 898; x_wconf 85' lang='lat' dir='ltr'>adversus</span> <span class='ocrx_word' id='word_1_120' title='bbox 1214 876 1248 897; x_wconf 91' lang='lat' dir='ltr'>se</span> <span class='ocrx_word' id='word_1_121' title='bbox 1259 865 1383 907; x_wconf 81' lang='lat' dir='ltr'>ipsum;</span> <span class='ocrx_word' id='word_1_122' title='bbox 1409 865 1495 906; x_wconf 85' lang='lat' dir='ltr'>quod</span> <span class='ocrx_word' id='word_1_123' title='bbox 1507 865 1637 907; x_wconf 87' lang='lat' dir='ltr'>quidem</span> 
     </span>
     <span class='ocr_line' id='line_1_12' title="bbox 171 915 1640 960; baseline 0.003 -14"><span class='ocrx_word' id='word_1_124' title='bbox 171 915 300 953; x_wconf 73' lang='lat' dir='ltr'>uiinime</span> <span class='ocrx_word' id='word_1_125' title='bbox 323 917 483 952; x_wconf 82' lang='lat' dir='ltr'>voluisset.</span> <span class='ocrx_word' id='word_1_126' title='bbox 529 919 614 952; x_wconf 63' lang='lat' dir='ltr'>Cn„</span> <span class='ocrx_word' id='word_1_127' title='bbox 651 920 750 952; x_wconf 95' lang='lat' dir='ltr'>Visne</span> <span class='ocrx_word' id='word_1_128' title='bbox 777 920 836 951; x_wconf 83' lang='lat' dir='ltr'>tibi</span> <span class='ocrx_word' id='word_1_129' title='bbox 858 920 1030 952; x_wconf 78' lang='lat' dir='ltr'>assentiar?</span> <span class='ocrx_word' id='word_1_130' title='bbox 1075 920 1130 951; x_wconf 87' lang='lat' dir='ltr'>So.</span> <span class='ocrx_word' id='word_1_131' title='bbox 1165 920 1198 951; x_wconf 82' lang='lat' dir='ltr'>Si</span> <span class='ocrx_word' id='word_1_132' title='bbox 1226 919 1333 950; x_wconf 77' lang='lat' dir='ltr'>videor</span> <span class='ocrx_word' id='word_1_133' title='bbox 1359 919 1415 949; x_wconf 83' lang='lat' dir='ltr'>tibi</span> <span class='ocrx_word' id='word_1_134' title='bbox 1440 928 1510 950; x_wconf 86' lang='lat' dir='ltr'>vera</span> <span class='ocrx_word' id='word_1_135' title='bbox 1536 918 1640 960; x_wconf 81' lang='lat' dir='ltr'>loqui.</span> 
     </span>
     <span class='ocr_line' id='line_1_13' title="bbox 153 968 1638 1015; baseline 0.003 -16"><span class='ocrx_word' id='word_1_136' title='bbox 153 968 259 1000; x_wconf 58' lang='lat' dir='ltr'>‘CAL-</span> <span class='ocrx_word' id='word_1_137' title='bbox 281 969 352 1001; x_wconf 80' lang='lat' dir='ltr'>Sint</span> <span class='ocrx_word' id='word_1_138' title='bbox 375 970 446 1002; x_wconf 77' lang='lat' dir='ltr'>istn-</span> <span class='ocrx_word' id='word_1_139' title='bbox 489 973 546 1004; x_wconf 85' lang='lat' dir='ltr'>So.</span> <span class='ocrx_word' id='word_1_140' title='bbox 570 973 707 1005; x_wconf 77' lang='lat' dir='ltr'>Proinde</span> <span class='ocrx_word' id='word_1_141' title='bbox 730 973 755 1004; x_wconf 88' lang='lat' dir='ltr'>si</span> <span class='ocrx_word' id='word_1_142' title='bbox 781 973 879 1015; x_wconf 86' lang='lat' dir='ltr'>magis</span> <span class='ocrx_word' id='word_1_143' title='bbox 905 973 997 1010; x_wconf 85' lang='lat' dir='ltr'>feros,</span> <span class='ocrx_word' id='word_1_144' title='bbox 1025 984 1098 1015; x_wconf 85' lang='lat' dir='ltr'>ergo</span> <span class='ocrx_word' id='word_1_145' title='bbox 1128 972 1310 1015; x_wconf 80' lang='lat' dir='ltr'>injustiores</span> <span class='ocrx_word' id='word_1_146' title='bbox 1333 977 1426 1015; x_wconf 82' lang='lat' dir='ltr'>atque</span> <span class='ocrx_word' id='word_1_147' title='bbox 1454 972 1638 1004; x_wconf 81' lang='lat' dir='ltr'>deteriores.</span> 
     </span>
     <span class='ocr_line' id='line_1_14' title="bbox 170 1021 1638 1069; baseline 0.003 -16"><span class='ocrx_word' id='word_1_148' title='bbox 170 1021 259 1054; x_wconf 57' lang='lat' dir='ltr'>Car..</span> <span class='ocrx_word' id='word_1_149' title='bbox 271 1023 370 1056; x_wconf 75' lang='lat' dir='ltr'>Esto.</span> <span class='ocrx_word' id='word_1_150' title='bbox 415 1026 470 1058; x_wconf 90' lang='lat' dir='ltr'>So.</span> <span class='ocrx_word' id='word_1_151' title='bbox 493 1027 703 1063; x_wconf 75' lang='lat' dir='ltr'>Quamobrem</span> <span class='ocrx_word' id='word_1_152' title='bbox 730 1038 794 1058; x_wconf 90' lang='lat' dir='ltr'>non</span> <span class='ocrx_word' id='word_1_153' title='bbox 822 1028 922 1058; x_wconf 90' lang='lat' dir='ltr'>bonus</span> <span class='ocrx_word' id='word_1_154' title='bbox 946 1028 985 1058; x_wconf 86' lang='lat' dir='ltr'>ad</span> <span class='ocrx_word' id='word_1_155' title='bbox 1011 1027 1234 1069; x_wconf 76' lang='lat' dir='ltr'>rempublicam</span> <span class='ocrx_word' id='word_1_156' title='bbox 1262 1027 1538 1058; x_wconf 77' lang='lat' dir='ltr'>administrandam</span> <span class='ocrx_word' id='word_1_157' title='bbox 1561 1026 1638 1058; x_wconf 78' lang='lat' dir='ltr'>civis</span> 
     </span>
     <span class='ocr_line' id='line_1_15' title="bbox 172 1075 1637 1123; baseline 0.002 -16"><span class='ocrx_word' id='word_1_158' title='bbox 172 1075 311 1108; x_wconf 82' lang='lat' dir='ltr'>Pericles</span> <span class='ocrx_word' id='word_1_159' title='bbox 333 1083 410 1119; x_wconf 86' lang='lat' dir='ltr'>erat,</span> <span class='ocrx_word' id='word_1_160' title='bbox 436 1086 472 1109; x_wconf 90' lang='lat' dir='ltr'>ut</span> <span class='ocrx_word' id='word_1_161' title='bbox 494 1079 572 1111; x_wconf 82' lang='lat' dir='ltr'>ratio</span> <span class='ocrx_word' id='word_1_162' title='bbox 597 1081 665 1111; x_wconf 87' lang='lat' dir='ltr'>haec</span> <span class='ocrx_word' id='word_1_163' title='bbox 690 1080 837 1112; x_wconf 82' lang='lat' dir='ltr'>ostendit.</span> <span class='ocrx_word' id='word_1_164' title='bbox 883 1080 968 1112; x_wconf 69' lang='lat' dir='ltr'>CAL.</span> <span class='ocrx_word' id='word_1_165' title='bbox 995 1080 1080 1118; x_wconf 75' lang='lat' dir='ltr'>Non,</span> <span class='ocrx_word' id='word_1_166' title='bbox 1097 1086 1130 1112; x_wconf 87' lang='lat' dir='ltr'>ut</span> <span class='ocrx_word' id='word_1_167' title='bbox 1157 1081 1224 1123; x_wconf 89' lang='lat' dir='ltr'>ipse</span> <span class='ocrx_word' id='word_1_168' title='bbox 1250 1081 1307 1113; x_wconf 79' lang='lat' dir='ltr'>ais.</span> <span class='ocrx_word' id='word_1_169' title='bbox 1354 1081 1407 1112; x_wconf 89' lang='lat' dir='ltr'>So.</span> <span class='ocrx_word' id='word_1_170' title='bbox 1433 1081 1493 1112; x_wconf 91' lang='lat' dir='ltr'>Per</span> <span class='ocrx_word' id='word_1_171' title='bbox 1509 1081 1637 1119; x_wconf 80' lang='lat' dir='ltr'>Jovem,</span> 
     </span>
     <span class='ocr_line' id='line_1_16' title="bbox 173 1131 1639 1174; baseline 0.004 -14"><span class='ocrx_word' id='word_1_172' title='bbox 173 1139 278 1171; x_wconf 81' lang='lat' dir='ltr'>neque</span> <span class='ocrx_word' id='word_1_173' title='bbox 293 1135 328 1161; x_wconf 93' lang='lat' dir='ltr'>ut</span> <span class='ocrx_word' id='word_1_174' title='bbox 344 1137 378 1162; x_wconf 89' lang='lat' dir='ltr'>tu</span> <span class='ocrx_word' id='word_1_175' title='bbox 401 1131 515 1174; x_wconf 88' lang='lat' dir='ltr'>inquis,</span> <span class='ocrx_word' id='word_1_176' title='bbox 531 1143 586 1174; x_wconf 87' lang='lat' dir='ltr'>per</span> <span class='ocrx_word' id='word_1_177' title='bbox 610 1143 647 1173; x_wconf 80' lang='lat' dir='ltr'>ea</span> <span class='ocrx_word' id='word_1_178' title='bbox 669 1143 740 1174; x_wconf 60' lang='lat' dir='ltr'>quas</span> <span class='ocrx_word' id='word_1_179' title='bbox 762 1133 931 1164; x_wconf 84' lang='lat' dir='ltr'>confiteris.</span> <span class='ocrx_word' id='word_1_180' title='bbox 975 1133 1095 1165; x_wconf 84' lang='lat' dir='ltr'>Rursus</span> <span class='ocrx_word' id='word_1_181' title='bbox 1122 1140 1226 1165; x_wconf 88' lang='lat' dir='ltr'>autem</span> <span class='ocrx_word' id='word_1_182' title='bbox 1245 1135 1319 1166; x_wconf 89' lang='lat' dir='ltr'>mihi</span> <span class='ocrx_word' id='word_1_183' title='bbox 1334 1135 1374 1166; x_wconf 90' lang='lat' dir='ltr'>de</span> <span class='ocrx_word' id='word_1_184' title='bbox 1389 1135 1521 1166; x_wconf 79' lang='lat' dir='ltr'>Cimone</span> <span class='ocrx_word' id='word_1_185' title='bbox 1538 1135 1639 1166; x_wconf 81' lang='lat' dir='ltr'>dieas.</span> 
     </span>
     <span class='ocr_line' id='line_1_17' title="bbox 173 1183 1636 1230; baseline 0.005 -18"><span class='ocrx_word' id='word_1_186' title='bbox 173 1192 279 1215; x_wconf 88' lang='lat' dir='ltr'>nonne</span> <span class='ocrx_word' id='word_1_187' title='bbox 294 1183 508 1226; x_wconf 80' lang='lat' dir='ltr'>relegaverunt</span> <span class='ocrx_word' id='word_1_188' title='bbox 521 1197 592 1217; x_wconf 89' lang='lat' dir='ltr'>euru</span> <span class='ocrx_word' id='word_1_189' title='bbox 608 1186 655 1218; x_wconf 90' lang='lat' dir='ltr'>illi</span> <span class='ocrx_word' id='word_1_190' title='bbox 670 1197 749 1228; x_wconf 88' lang='lat' dir='ltr'>quos</span> <span class='ocrx_word' id='word_1_191' title='bbox 771 1187 841 1229; x_wconf 85' lang='lat' dir='ltr'>ipse</span> <span class='ocrx_word' id='word_1_192' title='bbox 865 1193 1036 1224; x_wconf 85' lang='lat' dir='ltr'>curaverat,</span> <span class='ocrx_word' id='word_1_193' title='bbox 1059 1192 1095 1218; x_wconf 90' lang='lat' dir='ltr'>ut</span> <span class='ocrx_word' id='word_1_194' title='bbox 1110 1199 1217 1220; x_wconf 80' lang='lat' dir='ltr'>vocem</span> <span class='ocrx_word' id='word_1_195' title='bbox 1243 1188 1312 1230; x_wconf 84' lang='lat' dir='ltr'>ejus</span> <span class='ocrx_word' id='word_1_196' title='bbox 1327 1189 1483 1220; x_wconf 86' lang='lat' dir='ltr'>decennio</span> <span class='ocrx_word' id='word_1_197' title='bbox 1499 1198 1563 1219; x_wconf 89' lang='lat' dir='ltr'>non</span> <span class='ocrx_word' id='word_1_198' title='bbox 1578 1198 1636 1219; x_wconf 74' lang='lat' dir='ltr'>au-</span> 
     </span>
     <span class='ocr_line' id='line_1_18' title="bbox 166 1236 1634 1284; baseline 0.004 -17"><span class='ocrx_word' id='word_1_199' title='bbox 166 1236 296 1268; x_wconf 82' lang='lat' dir='ltr'>dirent?</span> <span class='ocrx_word' id='word_1_200' title='bbox 342 1238 495 1271; x_wconf 83' lang='lat' dir='ltr'>Praeterea</span> <span class='ocrx_word' id='word_1_201' title='bbox 518 1241 665 1272; x_wconf 81' lang='lat' dir='ltr'>adversus</span> <span class='ocrx_word' id='word_1_202' title='bbox 690 1241 931 1273; x_wconf 70' lang='lat' dir='ltr'>Themistoclem</span> <span class='ocrx_word' id='word_1_203' title='bbox 956 1241 1041 1272; x_wconf 89' lang='lat' dir='ltr'>idem</span> <span class='ocrx_word' id='word_1_204' title='bbox 1069 1242 1224 1279; x_wconf 83' lang='lat' dir='ltr'>fecerunt,</span> <span class='ocrx_word' id='word_1_205' title='bbox 1249 1248 1344 1284; x_wconf 89' lang='lat' dir='ltr'>atque</span> <span class='ocrx_word' id='word_1_206' title='bbox 1367 1242 1476 1274; x_wconf 89' lang='lat' dir='ltr'>exsilio</span> <span class='ocrx_word' id='word_1_207' title='bbox 1505 1242 1634 1283; x_wconf 85' lang='lat' dir='ltr'>insuper</span> 
     </span>
     <span class='ocr_line' id='line_1_19' title="bbox 166 1290 1635 1337; baseline 0.005 -17"><span class='ocrx_word' id='word_1_208' title='bbox 166 1290 368 1324; x_wconf 72' lang='lat' dir='ltr'>damnavere.</span> <span class='ocrx_word' id='word_1_209' title='bbox 411 1293 591 1325; x_wconf 82' lang='lat' dir='ltr'>Miltiadem</span> <span class='ocrx_word' id='word_1_210' title='bbox 608 1305 690 1332; x_wconf 84' lang='lat' dir='ltr'>vero,</span> <span class='ocrx_word' id='word_1_211' title='bbox 706 1295 761 1337; x_wconf 86' lang='lat' dir='ltr'>qui</span> <span class='ocrx_word' id='word_1_212' title='bbox 784 1295 816 1325; x_wconf 90' lang='lat' dir='ltr'>in</span> <span class='ocrx_word' id='word_1_213' title='bbox 838 1295 1028 1326; x_wconf 80' lang='lat' dir='ltr'>Marathone</span> <span class='ocrx_word' id='word_1_214' title='bbox 1051 1296 1218 1337; x_wconf 84' lang='lat' dir='ltr'>pugnavit,</span> <span class='ocrx_word' id='word_1_215' title='bbox 1239 1296 1272 1327; x_wconf 88' lang='lat' dir='ltr'>in</span> <span class='ocrx_word' id='word_1_216' title='bbox 1299 1297 1429 1328; x_wconf 86' lang='lat' dir='ltr'>carceris</span> <span class='ocrx_word' id='word_1_217' title='bbox 1456 1296 1635 1335; x_wconf 81' lang='lat' dir='ltr'>barathrum</span> 
     </span>
     <span class='ocr_line' id='line_1_20' title="bbox 169 1343 1635 1391; baseline 0.004 -17"><span class='ocrx_word' id='word_1_218' title='bbox 169 1343 334 1376; x_wconf 76' lang='lat' dir='ltr'>detrudere</span> <span class='ocrx_word' id='word_1_219' title='bbox 349 1346 553 1378; x_wconf 82' lang='lat' dir='ltr'>decreverunt</span> <span class='ocrx_word' id='word_1_220' title='bbox 566 1359 573 1378; x_wconf 91' lang='lat'>:</span> <span class='ocrx_word' id='word_1_221' title='bbox 597 1358 634 1379; x_wconf 85' lang='lat' dir='ltr'>ac</span> <span class='ocrx_word' id='word_1_222' title='bbox 647 1347 707 1379; x_wconf 89' lang='lat' dir='ltr'>nisi</span> <span class='ocrx_word' id='word_1_223' title='bbox 722 1348 894 1380; x_wconf 76' lang='lat' dir='ltr'>obstitisset</span> <span class='ocrx_word' id='word_1_224' title='bbox 910 1349 1119 1390; x_wconf 82' lang='lat' dir='ltr'>magistratus,</span> <span class='ocrx_word' id='word_1_225' title='bbox 1135 1350 1242 1391; x_wconf 91' lang='lat' dir='ltr'>procul</span> <span class='ocrx_word' id='word_1_226' title='bbox 1256 1350 1354 1382; x_wconf 87' lang='lat' dir='ltr'>dubio</span> <span class='ocrx_word' id='word_1_227' title='bbox 1371 1351 1544 1382; x_wconf 84' lang='lat' dir='ltr'>incidisset.</span> <span class='ocrx_word' id='word_1_228' title='bbox 1588 1349 1635 1380; x_wconf 89' lang='lat' dir='ltr'>At</span> 
     </span>
     <span class='ocr_line' id='line_1_21' title="bbox 166 1399 1632 1447; baseline 0.005 -19"><span class='ocrx_word' id='word_1_229' title='bbox 166 1399 279 1429; x_wconf 70' lang='lat' dir='ltr'>verosi</span> <span class='ocrx_word' id='word_1_230' title='bbox 306 1399 392 1436; x_wconf 87' lang='lat' dir='ltr'>boni,</span> <span class='ocrx_word' id='word_1_231' title='bbox 408 1406 444 1432; x_wconf 91' lang='lat' dir='ltr'>ut</span> <span class='ocrx_word' id='word_1_232' title='bbox 467 1406 500 1432; x_wconf 87' lang='lat' dir='ltr'>tu</span> <span class='ocrx_word' id='word_1_233' title='bbox 527 1402 585 1443; x_wconf 87' lang='lat' dir='ltr'>ais,</span> <span class='ocrx_word' id='word_1_234' title='bbox 598 1402 631 1433; x_wconf 94' lang='lat' dir='ltr'>hi</span> <span class='ocrx_word' id='word_1_235' title='bbox 653 1402 784 1434; x_wconf 85' lang='lat' dir='ltr'>fuissent</span> <span class='ocrx_word' id='word_1_236' title='bbox 801 1403 868 1440; x_wconf 77' lang='lat' dir='ltr'>viri,</span> <span class='ocrx_word' id='word_1_237' title='bbox 885 1403 959 1434; x_wconf 78' lang='lat' dir='ltr'>talia</span> <span class='ocrx_word' id='word_1_238' title='bbox 981 1414 1141 1445; x_wconf 87' lang='lat' dir='ltr'>nunquam</span> <span class='ocrx_word' id='word_1_239' title='bbox 1164 1405 1303 1447; x_wconf 84' lang='lat' dir='ltr'>perpessi</span> <span class='ocrx_word' id='word_1_240' title='bbox 1317 1405 1460 1437; x_wconf 75' lang='lat' dir='ltr'>fuissent.</span> <span class='ocrx_word' id='word_1_241' title='bbox 1505 1404 1632 1436; x_wconf 85' lang='lat' dir='ltr'>Etenim</span> 
     </span>
     <span class='ocr_line' id='line_1_22' title="bbox 163 1452 1631 1502; baseline 0.01 -20"><span class='ocrx_word' id='word_1_242' title='bbox 163 1452 284 1494; x_wconf 63' lang='lat' dir='ltr'>aurigae</span> <span class='ocrx_word' id='word_1_243' title='bbox 300 1454 374 1485; x_wconf 88' lang='lat' dir='ltr'>boni</span> <span class='ocrx_word' id='word_1_244' title='bbox 385 1464 448 1485; x_wconf 87' lang='lat' dir='ltr'>non</span> <span class='ocrx_word' id='word_1_245' title='bbox 464 1455 503 1486; x_wconf 87' lang='lat' dir='ltr'>ab</span> <span class='ocrx_word' id='word_1_246' title='bbox 516 1455 606 1487; x_wconf 85' lang='lat' dir='ltr'>initio</span> <span class='ocrx_word' id='word_1_247' title='bbox 630 1457 758 1499; x_wconf 86' lang='lat' dir='ltr'>quidem</span> <span class='ocrx_word' id='word_1_248' title='bbox 781 1467 845 1489; x_wconf 87' lang='lat' dir='ltr'>non</span> <span class='ocrx_word' id='word_1_249' title='bbox 865 1457 1035 1489; x_wconf 81' lang='lat' dir='ltr'>excidunt:</span> <span class='ocrx_word' id='word_1_250' title='bbox 1061 1464 1229 1502; x_wconf 85' lang='lat' dir='ltr'>postquam</span> <span class='ocrx_word' id='word_1_251' title='bbox 1245 1470 1317 1491; x_wconf 85' lang='lat' dir='ltr'>vero</span> <span class='ocrx_word' id='word_1_252' title='bbox 1333 1470 1430 1502; x_wconf 83' lang='lat' dir='ltr'>equos</span> <span class='ocrx_word' id='word_1_253' title='bbox 1445 1458 1631 1495; x_wconf 76' lang='lat' dir='ltr'>curaverint·</span> 
     </span>
     <span class='ocr_line' id='line_1_23' title="bbox 160 1505 1632 1555; baseline 0.005 -19"><span class='ocrx_word' id='word_1_254' title='bbox 160 1505 292 1548; x_wconf 54' lang='lat' dir='ltr'>&#39;ipsique</span> <span class='ocrx_word' id='word_1_255' title='bbox 308 1508 448 1540; x_wconf 82' lang='lat' dir='ltr'>meliores</span> <span class='ocrx_word' id='word_1_256' title='bbox 460 1509 536 1541; x_wconf 79' lang='lat' dir='ltr'>facti</span> <span class='ocrx_word' id='word_1_257' title='bbox 555 1511 671 1542; x_wconf 82' lang='lat' dir='ltr'>fuerint</span> <span class='ocrx_word' id='word_1_258' title='bbox 696 1512 824 1554; x_wconf 81' lang='lat' dir='ltr'>aurigae,</span> <span class='ocrx_word' id='word_1_259' title='bbox 841 1517 916 1544; x_wconf 89' lang='lat' dir='ltr'>tunc</span> <span class='ocrx_word' id='word_1_260' title='bbox 938 1513 1099 1545; x_wconf 87' lang='lat' dir='ltr'>excidunt.</span> <span class='ocrx_word' id='word_1_261' title='bbox 1124 1507 1263 1555; x_wconf 79' lang='lat' dir='ltr'>profecto</span> <span class='ocrx_word' id='word_1_262' title='bbox 1278 1525 1342 1545; x_wconf 91' lang='lat' dir='ltr'>non</span> <span class='ocrx_word' id='word_1_263' title='bbox 1356 1519 1404 1545; x_wconf 88' lang='lat' dir='ltr'>est</span> <span class='ocrx_word' id='word_1_264' title='bbox 1418 1510 1462 1545; x_wconf 75' lang='lat' dir='ltr'>ita</span> <span class='ocrx_word' id='word_1_265' title='bbox 1477 1518 1512 1544; x_wconf 89' lang='lat' dir='ltr'>ut</span> <span class='ocrx_word' id='word_1_266' title='bbox 1526 1513 1560 1544; x_wconf 90' lang='lat' dir='ltr'>in</span> <span class='ocrx_word' id='word_1_267' title='bbox 1577 1522 1632 1543; x_wconf 80' lang='lat' dir='ltr'>au·</span> 
     </span>
     <span class='ocr_line' id='line_1_24' title="bbox 164 1559 1634 1608; baseline 0.005 -18"><span class='ocrx_word' id='word_1_268' title='bbox 164 1559 277 1600; x_wconf 67' lang='lat' dir='ltr'>rigaris</span> <span class='ocrx_word' id='word_1_269' title='bbox 305 1562 354 1594; x_wconf 87' lang='lat' dir='ltr'>vel</span> <span class='ocrx_word' id='word_1_270' title='bbox 382 1563 415 1594; x_wconf 83' lang='lat' dir='ltr'>in</span> <span class='ocrx_word' id='word_1_271' title='bbox 440 1563 502 1596; x_wconf 82' lang='lat' dir='ltr'>alio</span> <span class='ocrx_word' id='word_1_272' title='bbox 527 1565 638 1606; x_wconf 88' lang='lat' dir='ltr'>quovis</span> <span class='ocrx_word' id='word_1_273' title='bbox 654 1577 760 1608; x_wconf 85' lang='lat' dir='ltr'>opere.</span> <span class='ocrx_word' id='word_1_274' title='bbox 806 1566 860 1598; x_wconf 87' lang='lat' dir='ltr'>An</span> <span class='ocrx_word' id='word_1_275' title='bbox 885 1567 941 1598; x_wconf 87' lang='lat' dir='ltr'>tibi</span> <span class='ocrx_word' id='word_1_276' title='bbox 965 1567 1109 1599; x_wconf 89' lang='lat' dir='ltr'>videtur?</span> <span class='ocrx_word' id='word_1_277' title='bbox 1155 1568 1241 1600; x_wconf 65' lang='lat' dir='ltr'>Cn„</span> <span class='ocrx_word' id='word_1_278' title='bbox 1275 1568 1422 1599; x_wconf 88' lang='lat' dir='ltr'>Minime.</span> <span class='ocrx_word' id='word_1_279' title='bbox 1467 1568 1524 1599; x_wconf 90' lang='lat' dir='ltr'>So.</span> <span class='ocrx_word' id='word_1_280' title='bbox 1548 1566 1634 1598; x_wconf 82' lang='lat' dir='ltr'>Vera</span> 
     </span>
     <span class='ocr_line' id='line_1_25' title="bbox 160 1612 1631 1663; baseline 0.005 -20"><span class='ocrx_word' id='word_1_281' title='bbox 160 1612 262 1654; x_wconf 72' lang='lat' dir='ltr'>igitur</span> <span class='ocrx_word' id='word_1_282' title='bbox 274 1621 362 1647; x_wconf 70' lang='lat' dir='ltr'>erant</span> <span class='ocrx_word' id='word_1_283' title='bbox 375 1627 446 1659; x_wconf 87' lang='lat' dir='ltr'>quae</span> <span class='ocrx_word' id='word_1_284' title='bbox 461 1629 479 1650; x_wconf 88' lang='lat' dir='ltr'>a</span> <span class='ocrx_word' id='word_1_285' title='bbox 493 1620 584 1651; x_wconf 80' lang='lat' dir='ltr'>nobis</span> <span class='ocrx_word' id='word_1_286' title='bbox 599 1620 630 1651; x_wconf 88' lang='lat' dir='ltr'>in</span> <span class='ocrx_word' id='word_1_287' title='bbox 649 1621 859 1663; x_wconf 79' lang='lat' dir='ltr'>superioribus</span> <span class='ocrx_word' id='word_1_288' title='bbox 883 1622 1079 1659; x_wconf 82' lang='lat' dir='ltr'>dicebantur,</span> <span class='ocrx_word' id='word_1_289' title='bbox 1094 1622 1215 1653; x_wconf 86' lang='lat' dir='ltr'>nullum</span> <span class='ocrx_word' id='word_1_290' title='bbox 1239 1621 1337 1663; x_wconf 85' lang='lat'><strong>[517]</strong></span> <span class='ocrx_word' id='word_1_291' title='bbox 1360 1621 1508 1653; x_wconf 76' lang='lat' dir='ltr'>videlicet</span> <span class='ocrx_word' id='word_1_292' title='bbox 1521 1621 1556 1651; x_wconf 88' lang='lat' dir='ltr'>in</span> <span class='ocrx_word' id='word_1_293' title='bbox 1571 1621 1631 1651; x_wconf 81' lang='lat' dir='ltr'>hae</span> 
     </span>
     <span class='ocr_line' id='line_1_26' title="bbox 160 1667 1631 1716; baseline 0.003 -18"><span class='ocrx_word' id='word_1_294' title='bbox 160 1667 294 1700; x_wconf 65' lang='lat' dir='ltr'>civitate</span> <span class='ocrx_word' id='word_1_295' title='bbox 309 1679 366 1700; x_wconf 82' lang='lat' dir='ltr'>nos</span> <span class='ocrx_word' id='word_1_296' title='bbox 381 1670 478 1702; x_wconf 88' lang='lat' dir='ltr'>virum</span> <span class='ocrx_word' id='word_1_297' title='bbox 494 1673 572 1704; x_wconf 84' lang='lat' dir='ltr'>scire</span> <span class='ocrx_word' id='word_1_298' title='bbox 587 1674 753 1711; x_wconf 79' lang='lat' dir='ltr'>exstitisse,</span> <span class='ocrx_word' id='word_1_299' title='bbox 768 1675 821 1716; x_wconf 90' lang='lat' dir='ltr'>qui</span> <span class='ocrx_word' id='word_1_300' title='bbox 845 1675 880 1706; x_wconf 89' lang='lat' dir='ltr'>in</span> <span class='ocrx_word' id='word_1_301' title='bbox 896 1685 930 1705; x_wconf 89' lang='lat' dir='ltr'>re</span> <span class='ocrx_word' id='word_1_302' title='bbox 946 1675 1073 1716; x_wconf 84' lang='lat' dir='ltr'>publica</span> <span class='ocrx_word' id='word_1_303' title='bbox 1088 1676 1189 1706; x_wconf 87' lang='lat' dir='ltr'>bonus</span> <span class='ocrx_word' id='word_1_304' title='bbox 1203 1675 1282 1707; x_wconf 87' lang='lat' dir='ltr'>civis</span> <span class='ocrx_word' id='word_1_305' title='bbox 1297 1681 1379 1707; x_wconf 84' lang='lat' dir='ltr'>esset</span> <span class='ocrx_word' id='word_1_306' title='bbox 1394 1675 1569 1706; x_wconf 84' lang='lat' dir='ltr'>habendus.</span> <span class='ocrx_word' id='word_1_307' title='bbox 1595 1679 1631 1703; x_wconf 87' lang='lat' dir='ltr'>tu</span> 
     </span>
     <span class='ocr_line' id='line_1_27' title="bbox 163 1722 1665 1770; baseline 0.005 -18"><span class='ocrx_word' id='word_1_308' title='bbox 163 1731 238 1752; x_wconf 82' lang='lat' dir='ltr'>vero</span> <span class='ocrx_word' id='word_1_309' title='bbox 249 1722 409 1754; x_wconf 80' lang='lat' dir='ltr'>confessus</span> <span class='ocrx_word' id='word_1_310' title='bbox 425 1735 470 1761; x_wconf 89' lang='lat' dir='ltr'>es,</span> <span class='ocrx_word' id='word_1_311' title='bbox 484 1726 605 1756; x_wconf 86' lang='lat' dir='ltr'>nullum</span> <span class='ocrx_word' id='word_1_312' title='bbox 620 1737 658 1756; x_wconf 86' lang='lat' dir='ltr'>ex</span> <span class='ocrx_word' id='word_1_313' title='bbox 675 1727 723 1756; x_wconf 71' lang='lat' dir='ltr'>lais</span> <span class='ocrx_word' id='word_1_314' title='bbox 737 1727 791 1768; x_wconf 86' lang='lat' dir='ltr'>qui</span> <span class='ocrx_word' id='word_1_315' title='bbox 808 1738 893 1758; x_wconf 89' lang='lat' dir='ltr'>nunc</span> <span class='ocrx_word' id='word_1_316' title='bbox 909 1733 994 1768; x_wconf 86' lang='lat' dir='ltr'>sunt,</span> <span class='ocrx_word' id='word_1_317' title='bbox 1009 1739 1076 1759; x_wconf 90' lang='lat' dir='ltr'>esse</span> <span class='ocrx_word' id='word_1_318' title='bbox 1100 1728 1194 1760; x_wconf 83' lang='lat' dir='ltr'>talem</span> <span class='ocrx_word' id='word_1_319' title='bbox 1211 1739 1219 1758; x_wconf 71' lang='grc' dir='ltr'><strong>ε</strong></span> <span class='ocrx_word' id='word_1_320' title='bbox 1241 1739 1279 1759; x_wconf 84' lang='lat' dir='ltr'>ex</span> <span class='ocrx_word' id='word_1_321' title='bbox 1294 1728 1342 1759; x_wconf 89' lang='lat' dir='ltr'>his</span> <span class='ocrx_word' id='word_1_322' title='bbox 1358 1728 1469 1759; x_wconf 61' lang='lat' dir='ltr'>autera</span> <span class='ocrx_word' id='word_1_323' title='bbox 1479 1727 1534 1770; x_wconf 90' lang='lat' dir='ltr'>qui</span> <span class='ocrx_word' id='word_1_324' title='bbox 1549 1737 1630 1768; x_wconf 82' lang='lat' dir='ltr'>prae-</span> <span class='ocrx_word' id='word_1_325' title='bbox 1661 1761 1665 1764; x_wconf 69' lang='grc'><em>,</em></span> 
     </span>
     <span class='ocr_line' id='line_1_28' title="bbox 162 1777 1630 1823; baseline 0.005 -17"><span class='ocrx_word' id='word_1_326' title='bbox 162 1781 334 1813; x_wconf 74' lang='lat' dir='ltr'>cesserunt,</span> <span class='ocrx_word' id='word_1_327' title='bbox 350 1777 506 1809; x_wconf 84' lang='lat' dir='ltr'>exstitisse</span> <span class='ocrx_word' id='word_1_328' title='bbox 520 1779 701 1816; x_wconf 83' lang='lat' dir='ltr'>nonnullos,</span> <span class='ocrx_word' id='word_1_329' title='bbox 717 1785 813 1821; x_wconf 84' lang='lat' dir='ltr'>atque</span> <span class='ocrx_word' id='word_1_330' title='bbox 824 1780 904 1811; x_wconf 87' lang='lat' dir='ltr'>inter</span> <span class='ocrx_word' id='word_1_331' title='bbox 919 1791 973 1811; x_wconf 81' lang='lat' dir='ltr'>eos</span> <span class='ocrx_word' id='word_1_332' title='bbox 986 1781 1113 1822; x_wconf 88' lang='lat' dir='ltr'>quidem</span> <span class='ocrx_word' id='word_1_333' title='bbox 1129 1782 1186 1812; x_wconf 72' lang='lat' dir='ltr'>lios</span> <span class='ocrx_word' id='word_1_334' title='bbox 1200 1782 1282 1813; x_wconf 70' lang='lat' dir='ltr'>&#39;viros</span> <span class='ocrx_word' id='word_1_335' title='bbox 1296 1792 1359 1823; x_wconf 82' lang='lat' dir='ltr'>prae</span> <span class='ocrx_word' id='word_1_336' title='bbox 1375 1782 1486 1814; x_wconf 76' lang='lat' dir='ltr'>ceteris</span> <span class='ocrx_word' id='word_1_337' title='bbox 1497 1780 1630 1822; x_wconf 81' lang='lat' dir='ltr'>elegisti.</span> 
     </span>
     <span class='ocr_line' id='line_1_29' title="bbox 155 1828 1629 1877; baseline 0.004 -18"><span class='ocrx_word' id='word_1_338' title='bbox 155 1828 198 1860; x_wconf 64' lang='lat' dir='ltr'>hi</span> <span class='ocrx_word' id='word_1_339' title='bbox 213 1839 283 1860; x_wconf 86' lang='lat' dir='ltr'>vero</span> <span class='ocrx_word' id='word_1_340' title='bbox 297 1839 360 1860; x_wconf 79' lang='lat' dir='ltr'>non</span> <span class='ocrx_word' id='word_1_341' title='bbox 385 1830 475 1862; x_wconf 74' lang='lat' dir='ltr'>aliter</span> <span class='ocrx_word' id='word_1_342' title='bbox 496 1841 530 1862; x_wconf 89' lang='lat' dir='ltr'>se</span> <span class='ocrx_word' id='word_1_343' title='bbox 551 1831 665 1863; x_wconf 81' lang='lat' dir='ltr'>habere</span> <span class='ocrx_word' id='word_1_344' title='bbox 689 1833 748 1863; x_wconf 82' lang='lat' dir='ltr'>hac</span> <span class='ocrx_word' id='word_1_345' title='bbox 772 1833 804 1863; x_wconf 93' lang='lat' dir='ltr'>in</span> <span class='ocrx_word' id='word_1_346' title='bbox 829 1843 873 1874; x_wconf 80' lang='lat' dir='ltr'>re,</span> <span class='ocrx_word' id='word_1_347' title='bbox 888 1843 980 1874; x_wconf 70' lang='lat' dir='ltr'>quem</span> <span class='ocrx_word' id='word_1_348' title='bbox 996 1834 1052 1876; x_wconf 89' lang='lat' dir='ltr'>qui</span> <span class='ocrx_word' id='word_1_349' title='bbox 1067 1845 1151 1866; x_wconf 91' lang='lat' dir='ltr'>nunc</span> <span class='ocrx_word' id='word_1_350' title='bbox 1168 1840 1252 1873; x_wconf 84' lang='lat' dir='ltr'>sunt,</span> <span class='ocrx_word' id='word_1_351' title='bbox 1268 1840 1493 1877; x_wconf 79' lang='lat' dir='ltr'>apparuerunt.</span> <span class='ocrx_word' id='word_1_352' title='bbox 1539 1834 1629 1872; x_wconf 89' lang='lat' dir='ltr'>Qua-</span> 
     </span>
     <span class='ocr_line' id='line_1_30' title="bbox 160 1883 1627 1932; baseline 0.004 -19"><span class='ocrx_word' id='word_1_353' title='bbox 160 1886 291 1923; x_wconf 77' lang='lat' dir='ltr'>propter</span> <span class='ocrx_word' id='word_1_354' title='bbox 303 1883 329 1914; x_wconf 82' lang='lat' dir='ltr'>si</span> <span class='ocrx_word' id='word_1_355' title='bbox 345 1884 376 1914; x_wconf 88' lang='lat' dir='ltr'>hi</span> <span class='ocrx_word' id='word_1_356' title='bbox 391 1889 527 1916; x_wconf 72' lang='lat' dir='ltr'>oratores</span> <span class='ocrx_word' id='word_1_357' title='bbox 541 1885 678 1923; x_wconf 84' lang='lat' dir='ltr'>fuerunt,</span> <span class='ocrx_word' id='word_1_358' title='bbox 693 1897 797 1928; x_wconf 87' lang='lat' dir='ltr'>neque</span> <span class='ocrx_word' id='word_1_359' title='bbox 813 1897 885 1918; x_wconf 86' lang='lat' dir='ltr'>vera</span> <span class='ocrx_word' id='word_1_360' title='bbox 909 1888 1062 1919; x_wconf 75' lang='lat' dir='ltr'>rhetorica</span> <span class='ocrx_word' id='word_1_361' title='bbox 1077 1887 1124 1919; x_wconf 84' lang='lat' dir='ltr'>usi</span> <span class='ocrx_word' id='word_1_362' title='bbox 1139 1894 1212 1920; x_wconf 87' lang='lat' dir='ltr'>sunt</span> <span class='ocrx_word' id='word_1_363' title='bbox 1227 1889 1387 1932; x_wconf 87' lang='lat' dir='ltr'>(alioquin</span> <span class='ocrx_word' id='word_1_364' title='bbox 1401 1899 1562 1931; x_wconf 86' lang='lat' dir='ltr'>nunquam</span> <span class='ocrx_word' id='word_1_365' title='bbox 1575 1899 1627 1920; x_wconf 86' lang='lat' dir='ltr'>ce-</span> 
     </span>
     <span class='ocr_line' id='line_1_31' title="bbox 157 1935 1625 1985; baseline 0.005 -19"><span class='ocrx_word' id='word_1_366' title='bbox 157 1935 340 1979; x_wconf 84' lang='lat' dir='ltr'>cidissent),</span> <span class='ocrx_word' id='word_1_367' title='bbox 356 1947 459 1980; x_wconf 88' lang='lat' dir='ltr'>neque</span> <span class='ocrx_word' id='word_1_368' title='bbox 473 1939 658 1972; x_wconf 79' lang='lat' dir='ltr'>adulatoria.</span> <span class='ocrx_word' id='word_1_369' title='bbox 703 1939 751 1971; x_wconf 68' lang='lat' dir='ltr'>CA</span> <span class='ocrx_word' id='word_1_370' title='bbox 758 1951 789 1973; x_wconf 85' lang='lat' dir='ltr'>L.</span> <span class='ocrx_word' id='word_1_371' title='bbox 813 1940 954 1972; x_wconf 89' lang='lat' dir='ltr'>Multum</span> <span class='ocrx_word' id='word_1_372' title='bbox 970 1946 1075 1974; x_wconf 83' lang='lat' dir='ltr'>tamen</span> <span class='ocrx_word' id='word_1_373' title='bbox 1087 1943 1187 1981; x_wconf 86' lang='lat' dir='ltr'>abest,</span> <span class='ocrx_word' id='word_1_374' title='bbox 1202 1954 1221 1974; x_wconf 95' lang='lat' dir='ltr'>o</span> <span class='ocrx_word' id='word_1_375' title='bbox 1237 1944 1392 1980; x_wconf 82' lang='lat' dir='ltr'>Socrates,</span> <span class='ocrx_word' id='word_1_376' title='bbox 1408 1948 1444 1974; x_wconf 88' lang='lat' dir='ltr'>ut</span> <span class='ocrx_word' id='word_1_377' title='bbox 1460 1944 1625 1985; x_wconf 86' lang='lat' dir='ltr'>quisquam</span> 
     </span>
     <span class='ocr_line' id='line_1_32' title="bbox 156 1991 1624 2040; baseline 0.005 -20"><span class='ocrx_word' id='word_1_378' title='bbox 156 1998 267 2020; x_wconf 81' lang='lat' dir='ltr'>eorum</span> <span class='ocrx_word' id='word_1_379' title='bbox 282 1991 336 2033; x_wconf 89' lang='lat' dir='ltr'>qui</span> <span class='ocrx_word' id='word_1_380' title='bbox 348 2001 432 2023; x_wconf 88' lang='lat' dir='ltr'>nune</span> <span class='ocrx_word' id='word_1_381' title='bbox 447 1997 521 2023; x_wconf 82' lang='lat' dir='ltr'>sunt</span> <span class='ocrx_word' id='word_1_382' title='bbox 534 1993 609 2024; x_wconf 84' lang='lat' dir='ltr'>talia</span> <span class='ocrx_word' id='word_1_383' title='bbox 624 1994 762 2036; x_wconf 85' lang='lat' dir='ltr'>gesserit,</span> <span class='ocrx_word' id='word_1_384' title='bbox 777 1995 885 2037; x_wconf 68' lang='lat' dir='ltr'>qualia</span> <span class='ocrx_word' id='word_1_385' title='bbox 898 1995 1028 2028; x_wconf 86' lang='lat' dir='ltr'>istorum</span> <span class='ocrx_word' id='word_1_386' title='bbox 1045 1997 1146 2039; x_wconf 86' lang='lat' dir='ltr'>quivis</span> <span class='ocrx_word' id='word_1_387' title='bbox 1168 1997 1275 2040; x_wconf 86' lang='lat' dir='ltr'>gessit.</span> <span class='ocrx_word' id='word_1_388' title='bbox 1320 1998 1376 2030; x_wconf 90' lang='lat' dir='ltr'>So.</span> <span class='ocrx_word' id='word_1_389' title='bbox 1401 1998 1429 2029; x_wconf 96' lang='lat' dir='ltr'>O</span> <span class='ocrx_word' id='word_1_390' title='bbox 1445 1998 1548 2035; x_wconf 85' lang='lat' dir='ltr'>beate,</span> <span class='ocrx_word' id='word_1_391' title='bbox 1565 2007 1624 2028; x_wconf 84' lang='lat' dir='ltr'>nec</span> 
     </span>
     <span class='ocr_line' id='line_1_33' title="bbox 155 2046 1626 2095; baseline 0.005 -21"><span class='ocrx_word' id='word_1_392' title='bbox 155 2053 233 2084; x_wconf 76' lang='lat' dir='ltr'>ego,</span> <span class='ocrx_word' id='word_1_393' title='bbox 252 2050 403 2086; x_wconf 84' lang='lat' dir='ltr'>quantum</span> <span class='ocrx_word' id='word_1_394' title='bbox 429 2047 470 2078; x_wconf 88' lang='lat' dir='ltr'>ad</span> <span class='ocrx_word' id='word_1_395' title='bbox 497 2046 632 2079; x_wconf 86' lang='lat' dir='ltr'>civitatis</span> <span class='ocrx_word' id='word_1_396' title='bbox 658 2049 957 2082; x_wconf 81' lang='lat' dir='ltr'>administrationem</span> <span class='ocrx_word' id='word_1_397' title='bbox 980 2052 1127 2093; x_wconf 88' lang='lat' dir='ltr'>pertinet,</span> <span class='ocrx_word' id='word_1_398' title='bbox 1153 2052 1229 2084; x_wconf 83' lang='lat' dir='ltr'>istos</span> <span class='ocrx_word' id='word_1_399' title='bbox 1251 2052 1394 2095; x_wconf 85' lang='lat' dir='ltr'>vitupero</span> <span class='ocrx_word' id='word_1_400' title='bbox 1409 2064 1417 2086; x_wconf 73' lang='grc' dir='ltr'>ε</span> <span class='ocrx_word' id='word_1_401' title='bbox 1443 2052 1538 2084; x_wconf 89' lang='lat' dir='ltr'>immo</span> <span class='ocrx_word' id='word_1_402' title='bbox 1552 2061 1626 2083; x_wconf 88' lang='lat' dir='ltr'>vero</span> 
     </span>
     <span class='ocr_line' id='line_1_34' title="bbox 158 2097 1624 2150; baseline 0.005 -21"><span class='ocrx_word' id='word_1_403' title='bbox 158 2097 219 2130; x_wconf 70' lang='lat' dir='ltr'>hnc</span> <span class='ocrx_word' id='word_1_404' title='bbox 233 2097 267 2129; x_wconf 86' lang='lat' dir='ltr'>in</span> <span class='ocrx_word' id='word_1_405' title='bbox 289 2109 322 2130; x_wconf 90' lang='lat' dir='ltr'>re</span> <span class='ocrx_word' id='word_1_406' title='bbox 336 2099 572 2132; x_wconf 38' lang='lat' dir='ltr'>mihisvidentiir</span> <span class='ocrx_word' id='word_1_407' title='bbox 587 2102 803 2144; x_wconf 84' lang='lat' dir='ltr'>diligentiores</span> <span class='ocrx_word' id='word_1_408' title='bbox 818 2113 912 2146; x_wconf 82' lang='lat' dir='ltr'>quam</span> <span class='ocrx_word' id='word_1_409' title='bbox 927 2105 958 2136; x_wconf 88' lang='lat' dir='ltr'>hi</span> <span class='ocrx_word' id='word_1_410' title='bbox 974 2107 1071 2137; x_wconf 85' lang='lat' dir='ltr'>nostri</span> <span class='ocrx_word' id='word_1_411' title='bbox 1085 2106 1194 2147; x_wconf 81' lang='lat' dir='ltr'>fuisse,</span> <span class='ocrx_word' id='word_1_412' title='bbox 1208 2107 1408 2150; x_wconf 85' lang='lat' dir='ltr'>aptioresque</span> <span class='ocrx_word' id='word_1_413' title='bbox 1423 2107 1463 2138; x_wconf 80' lang='lat' dir='ltr'>ad</span> <span class='ocrx_word' id='word_1_414' title='bbox 1478 2106 1533 2138; x_wconf 80' lang='lat' dir='ltr'>illa</span> <span class='ocrx_word' id='word_1_415' title='bbox 1546 2115 1624 2138; x_wconf 85' lang='lat' dir='ltr'>con-</span> 
     </span>
     <span class='ocr_line' id='line_1_35' title="bbox 156 2150 1625 2203; baseline 0.005 -20"><span class='ocrx_word' id='word_1_416' title='bbox 156 2150 307 2198; x_wconf 67' lang='lat' dir='ltr'>ficienda,</span> <span class='ocrx_word' id='word_1_417' title='bbox 332 2163 403 2195; x_wconf 84' lang='lat' dir='ltr'>quae</span> <span class='ocrx_word' id='word_1_418' title='bbox 430 2155 541 2187; x_wconf 76' lang='lat' dir='ltr'>civitas</span> <span class='ocrx_word' id='word_1_419' title='bbox 567 2157 728 2199; x_wconf 79' lang='lat' dir='ltr'>cupiebat,</span> <span class='ocrx_word' id='word_1_420' title='bbox 746 2169 851 2190; x_wconf 85' lang='lat' dir='ltr'>verum</span> <span class='ocrx_word' id='word_1_421' title='bbox 876 2159 909 2190; x_wconf 86' lang='lat' dir='ltr'>in</span> <span class='ocrx_word' id='word_1_422' title='bbox 933 2170 984 2191; x_wconf 90' lang='lat' dir='ltr'>eo.</span> <span class='ocrx_word' id='word_1_423' title='bbox 1006 2161 1093 2202; x_wconf 90' lang='lat' dir='ltr'>quod</span> <span class='ocrx_word' id='word_1_424' title='bbox 1113 2161 1265 2203; x_wconf 82' lang='lat' dir='ltr'>castigare</span> <span class='ocrx_word' id='word_1_425' title='bbox 1292 2161 1407 2193; x_wconf 84' lang='lat' dir='ltr'>civium</span> <span class='ocrx_word' id='word_1_426' title='bbox 1434 2160 1625 2202; x_wconf 88' lang='lat' dir='ltr'>cupiditates</span> 
     </span>
     <span class='ocr_line' id='line_1_36' title="bbox 154 2209 1622 2258; baseline 0.007 -23"><span class='ocrx_word' id='word_1_427' title='bbox 154 2210 314 2246; x_wconf 75' lang='lat' dir='ltr'>oporteat,</span> <span class='ocrx_word' id='word_1_428' title='bbox 330 2217 432 2249; x_wconf 87' lang='lat' dir='ltr'>neque</span> <span class='ocrx_word' id='word_1_429' title='bbox 452 2209 514 2241; x_wconf 86' lang='lat' dir='ltr'>illis</span> <span class='ocrx_word' id='word_1_430' title='bbox 529 2211 755 2250; x_wconf 80' lang='lat' dir='ltr'>obsecundare,</span> <span class='ocrx_word' id='word_1_431' title='bbox 769 2214 825 2244; x_wconf 83' lang='lat' dir='ltr'>sed</span> <span class='ocrx_word' id='word_1_432' title='bbox 847 2219 881 2245; x_wconf 89' lang='lat' dir='ltr'>et</span> <span class='ocrx_word' id='word_1_433' title='bbox 902 2215 1123 2255; x_wconf 84' lang='lat' dir='ltr'>persuadendo</span> <span class='ocrx_word' id='word_1_434' title='bbox 1146 2221 1179 2247; x_wconf 90' lang='lat' dir='ltr'>et</span> <span class='ocrx_word' id='word_1_435' title='bbox 1204 2216 1349 2258; x_wconf 84' lang='lat' dir='ltr'>cogendo</span> <span class='ocrx_word' id='word_1_436' title='bbox 1369 2216 1409 2246; x_wconf 86' lang='lat' dir='ltr'>ad</span> <span class='ocrx_word' id='word_1_437' title='bbox 1431 2216 1492 2247; x_wconf 85' lang='lat' dir='ltr'>hoc</span> <span class='ocrx_word' id='word_1_438' title='bbox 1517 2215 1622 2256; x_wconf 88' lang='lat' dir='ltr'>ipsum</span> 
     </span>
     <span class='ocr_line' id='line_1_37' title="bbox 155 2259 1622 2311; baseline 0.007 -22.014"><span class='ocrx_word' id='word_1_439' title='bbox 155 2259 330 2299; x_wconf 85' lang='lat' dir='ltr'>perducere</span> <span class='ocrx_word' id='word_1_440' title='bbox 344 2262 428 2293; x_wconf 85' lang='lat' dir='ltr'>uude</span> <span class='ocrx_word' id='word_1_441' title='bbox 442 2263 583 2295; x_wconf 83' lang='lat' dir='ltr'>meliores</span> <span class='ocrx_word' id='word_1_442' title='bbox 597 2265 693 2296; x_wconf 79' lang='lat' dir='ltr'>futuri</span> <span class='ocrx_word' id='word_1_443' title='bbox 708 2266 773 2297; x_wconf 85' lang='lat' dir='ltr'>sint</span> <span class='ocrx_word' id='word_1_444' title='bbox 788 2267 884 2305; x_wconf 82' lang='lat' dir='ltr'>cives,</span> <span class='ocrx_word' id='word_1_445' title='bbox 900 2267 991 2306; x_wconf 84' lang='lat' dir='ltr'>nihil,</span> <span class='ocrx_word' id='word_1_446' title='bbox 1007 2273 1042 2299; x_wconf 86' lang='lat' dir='ltr'>ut</span> <span class='ocrx_word' id='word_1_447' title='bbox 1056 2269 1102 2300; x_wconf 82' lang='lat' dir='ltr'>ita</span> <span class='ocrx_word' id='word_1_448' title='bbox 1125 2270 1245 2311; x_wconf 84' lang='lat' dir='ltr'>loquar,</span> <span class='ocrx_word' id='word_1_449' title='bbox 1262 2270 1343 2301; x_wconf 84' lang='lat' dir='ltr'>inter</span> <span class='ocrx_word' id='word_1_450' title='bbox 1363 2270 1420 2301; x_wconf 89' lang='lat' dir='ltr'>hos</span> <span class='ocrx_word' id='word_1_451' title='bbox 1443 2273 1538 2311; x_wconf 83' lang='lat' dir='ltr'>atque</span> <span class='ocrx_word' id='word_1_452' title='bbox 1550 2268 1622 2299; x_wconf 86' lang='lat' dir='ltr'>illos</span> 
     </span>
     <span class='ocr_line' id='line_1_38' title="bbox 155 2304 1621 2359; baseline 0.006 -16"><span class='ocrx_word' id='word_1_453' title='bbox 155 2311 306 2345; x_wconf 73' lang='lat' dir='ltr'>interest:</span> <span class='ocrx_word' id='word_1_454' title='bbox 331 2304 415 2357; x_wconf 81' lang='lat' dir='ltr'>quod</span> <span class='ocrx_word' id='word_1_455' title='bbox 432 2317 558 2358; x_wconf 85' lang='lat' dir='ltr'>quidem</span> <span class='ocrx_word' id='word_1_456' title='bbox 574 2319 674 2350; x_wconf 84' lang='lat' dir='ltr'>solum</span> <span class='ocrx_word' id='word_1_457' title='bbox 689 2325 736 2352; x_wconf 87' lang='lat' dir='ltr'>est</span> <span class='ocrx_word' id='word_1_458' title='bbox 752 2321 827 2352; x_wconf 91' lang='lat' dir='ltr'>boni</span> <span class='ocrx_word' id='word_1_459' title='bbox 842 2321 918 2352; x_wconf 82' lang='lat' dir='ltr'>civis</span> <span class='ocrx_word' id='word_1_460' title='bbox 935 2321 1083 2355; x_wconf 85' lang='lat' dir='ltr'>officium.</span> <span class='ocrx_word' id='word_1_461' title='bbox 1130 2322 1281 2355; x_wconf 76' lang='lat' dir='ltr'>Attamen</span> <span class='ocrx_word' id='word_1_462' title='bbox 1296 2323 1354 2354; x_wconf 87' lang='lat' dir='ltr'>tibi</span> <span class='ocrx_word' id='word_1_463' title='bbox 1372 2323 1535 2359; x_wconf 83' lang='lat' dir='ltr'>confiteor,</span> <span class='ocrx_word' id='word_1_464' title='bbox 1549 2321 1621 2352; x_wconf 87' lang='lat' dir='ltr'>illos</span> 
     </span>
     <span class='ocr_line' id='line_1_39' title="bbox 154 2365 1621 2418; baseline 0.005 -21"><span class='ocrx_word' id='word_1_465' title='bbox 154 2365 205 2398; x_wconf 73' lang='lat' dir='ltr'>his</span> <span class='ocrx_word' id='word_1_466' title='bbox 219 2368 354 2409; x_wconf 76' lang='lat' dir='ltr'>aptiores</span> <span class='ocrx_word' id='word_1_467' title='bbox 369 2369 463 2402; x_wconf 82' lang='lat' dir='ltr'>fuisse</span> <span class='ocrx_word' id='word_1_468' title='bbox 488 2372 528 2402; x_wconf 83' lang='lat' dir='ltr'>ad</span> <span class='ocrx_word' id='word_1_469' title='bbox 549 2383 656 2411; x_wconf 77' lang='lat' dir='ltr'>naves,</span> <span class='ocrx_word' id='word_1_470' title='bbox 671 2374 808 2415; x_wconf 82' lang='lat' dir='ltr'>navalia,</span> <span class='ocrx_word' id='word_1_471' title='bbox 822 2374 938 2407; x_wconf 79' lang='lat' dir='ltr'>moenia</span> <span class='ocrx_word' id='word_1_472' title='bbox 964 2376 1087 2418; x_wconf 84' lang='lat' dir='ltr'>aliaque</span> <span class='ocrx_word' id='word_1_473' title='bbox 1112 2376 1269 2418; x_wconf 85' lang='lat' dir='ltr'>ejusmodi</span> <span class='ocrx_word' id='word_1_474' title='bbox 1294 2377 1392 2408; x_wconf 83' lang='lat' dir='ltr'>multa</span> <span class='ocrx_word' id='word_1_475' title='bbox 1414 2376 1459 2408; x_wconf 87' lang='lat' dir='ltr'>rei</span> <span class='ocrx_word' id='word_1_476' title='bbox 1485 2375 1621 2418; x_wconf 68' lang='lat' dir='ltr'>publicae</span> 
     </span>
     <span class='ocr_line' id='line_1_40' title="bbox 151 2423 1620 2472; baseline 0.005 -21"><span class='ocrx_word' id='word_1_477' title='bbox 151 2423 378 2462; x_wconf 63' lang='lat' dir='ltr'>comparanda.</span> <span class='ocrx_word' id='word_1_478' title='bbox 423 2424 461 2456; x_wconf 79' lang='lat' dir='ltr'>In</span> <span class='ocrx_word' id='word_1_479' title='bbox 471 2435 539 2457; x_wconf 86' lang='lat' dir='ltr'>rem</span> <span class='ocrx_word' id='word_1_480' title='bbox 552 2437 626 2468; x_wconf 86' lang='lat' dir='ltr'>ergo</span> <span class='ocrx_word' id='word_1_481' title='bbox 642 2428 805 2460; x_wconf 84' lang='lat' dir='ltr'>ridiculam</span> <span class='ocrx_word' id='word_1_482' title='bbox 819 2440 879 2470; x_wconf 87' lang='lat' dir='ltr'>ego</span> <span class='ocrx_word' id='word_1_483' title='bbox 895 2435 976 2461; x_wconf 84' lang='lat' dir='ltr'>actu</span> <span class='ocrx_word' id='word_1_484' title='bbox 992 2430 1182 2472; x_wconf 87' lang='lat' dir='ltr'>disputando</span> <span class='ocrx_word' id='word_1_485' title='bbox 1194 2423 1393 2463; x_wconf 82' lang='lat' dir='ltr'>revolvimur.</span> <span class='ocrx_word' id='word_1_486' title='bbox 1415 2428 1597 2472; x_wconf 82' lang='lat' dir='ltr'>siquidem</span> <span class='ocrx_word' id='word_1_487' title='bbox 1588 2439 1620 2459; x_wconf 78' lang='lat' dir='ltr'>in</span> 
     </span>
     <span class='ocr_line' id='line_1_41' title="bbox 151 2473 1621 2526; baseline 0.006 -23"><span class='ocrx_word' id='word_1_488' title='bbox 151 2473 242 2505; x_wconf 79' lang='lat' dir='ltr'>omni</span> <span class='ocrx_word' id='word_1_489' title='bbox 255 2475 316 2506; x_wconf 79' lang='lat' dir='ltr'>hac</span> <span class='ocrx_word' id='word_1_490' title='bbox 329 2476 542 2518; x_wconf 78' lang='lat' dir='ltr'>disputatione</span> <span class='ocrx_word' id='word_1_491' title='bbox 565 2480 597 2510; x_wconf 89' lang='lat' dir='ltr'>in</span> <span class='ocrx_word' id='word_1_492' title='bbox 619 2481 702 2512; x_wconf 87' lang='lat' dir='ltr'>idem</span> <span class='ocrx_word' id='word_1_493' title='bbox 724 2482 847 2513; x_wconf 84' lang='lat' dir='ltr'>assidue</span> <span class='ocrx_word' id='word_1_494' title='bbox 863 2483 1118 2520; x_wconf 80' lang='lat' dir='ltr'>circumferimur,</span> <span class='ocrx_word' id='word_1_495' title='bbox 1134 2484 1209 2526; x_wconf 88' lang='lat' dir='ltr'>quid</span> <span class='ocrx_word' id='word_1_496' title='bbox 1225 2484 1389 2516; x_wconf 77' lang='lat' dir='ltr'>dicamus·</span> <span class='ocrx_word' id='word_1_497' title='bbox 1380 2484 1514 2514; x_wconf 81' lang='lat' dir='ltr'>mvicem</span> <span class='ocrx_word' id='word_1_498' title='bbox 1531 2483 1621 2524; x_wconf 86' lang='lat' dir='ltr'>igno·</span> 
     </span>
     <span class='ocr_line' id='line_1_42' title="bbox 152 2528 1619 2580; baseline 0.007 -24"><span class='ocrx_word' id='word_1_499' title='bbox 152 2532 270 2559; x_wconf 78' lang='lat' dir='ltr'>rantes.</span> <span class='ocrx_word' id='word_1_500' title='bbox 315 2528 383 2570; x_wconf 81' lang='lat' dir='ltr'>Ego</span> <span class='ocrx_word' id='word_1_501' title='bbox 397 2530 479 2562; x_wconf 84' lang='lat' dir='ltr'>enim</span> <span class='ocrx_word' id='word_1_502' title='bbox 504 2537 535 2563; x_wconf 87' lang='lat' dir='ltr'>te</span> <span class='ocrx_word' id='word_1_503' title='bbox 556 2534 670 2575; x_wconf 75' lang='lat' dir='ltr'>saepius</span> <span class='ocrx_word' id='word_1_504' title='bbox 693 2535 886 2567; x_wconf 83' lang='lat' dir='ltr'>concessisse</span> <span class='ocrx_word' id='word_1_505' title='bbox 900 2536 1028 2568; x_wconf 76' lang='lat' dir='ltr'>arbitror</span> <span class='ocrx_word' id='word_1_506' title='bbox 1044 2538 1349 2580; x_wconf 84' lang='lat' dir='ltr'>atquecognovisse,</span> <span class='ocrx_word' id='word_1_507' title='bbox 1365 2537 1521 2579; x_wconf 83' lang='lat' dir='ltr'>geminam</span> <span class='ocrx_word' id='word_1_508' title='bbox 1537 2537 1619 2567; x_wconf 87' lang='lat' dir='ltr'>hanc</span> 
     </span>
     <span class='ocr_line' id='line_1_43' title="bbox 152 2581 1617 2633; baseline 0.007 -23"><span class='ocrx_word' id='word_1_509' title='bbox 152 2591 223 2619; x_wconf 80' lang='lat' dir='ltr'>esse</span> <span class='ocrx_word' id='word_1_510' title='bbox 236 2581 416 2614; x_wconf 75' lang='lat' dir='ltr'>facultatem</span> <span class='ocrx_word' id='word_1_511' title='bbox 432 2585 515 2617; x_wconf 77' lang='lat' dir='ltr'>circa</span> <span class='ocrx_word' id='word_1_512' title='bbox 529 2597 643 2629; x_wconf 81' lang='lat' dir='ltr'>corpus</span> <span class='ocrx_word' id='word_1_513' title='bbox 654 2593 688 2620; x_wconf 88' lang='lat' dir='ltr'>et</span> <span class='ocrx_word' id='word_1_514' title='bbox 700 2589 783 2620; x_wconf 83' lang='lat' dir='ltr'>circa</span> <span class='ocrx_word' id='word_1_515' title='bbox 797 2589 933 2621; x_wconf 83' lang='lat' dir='ltr'>animam</span> <span class='ocrx_word' id='word_1_516' title='bbox 949 2591 1144 2623; x_wconf 79' lang='lat' dir='ltr'>euratricern.</span> <span class='ocrx_word' id='word_1_517' title='bbox 1168 2596 1200 2622; x_wconf 91' lang='lat' dir='ltr'>et</span> <span class='ocrx_word' id='word_1_518' title='bbox 1223 2592 1348 2623; x_wconf 80' lang='lat' dir='ltr'>alteram</span> <span class='ocrx_word' id='word_1_519' title='bbox 1362 2592 1491 2633; x_wconf 90' lang='lat' dir='ltr'>quidem</span> <span class='ocrx_word' id='word_1_520' title='bbox 1506 2590 1617 2621; x_wconf 87' lang='lat' dir='ltr'>minis-</span> 
     </span>
     <span class='ocr_line' id='line_1_44' title="bbox 154 2639 1615 2687; baseline 0.007 -23"><span class='ocrx_word' id='word_1_521' title='bbox 154 2639 244 2672; x_wconf 78' lang='lat' dir='ltr'>tram,</span> <span class='ocrx_word' id='word_1_522' title='bbox 257 2645 311 2676; x_wconf 87' lang='lat' dir='ltr'>per</span> <span class='ocrx_word' id='word_1_523' title='bbox 324 2647 417 2679; x_wconf 77' lang='lat' dir='ltr'>quam</span> <span class='ocrx_word' id='word_1_524' title='bbox 430 2649 500 2680; x_wconf 82' lang='lat' dir='ltr'>quae</span> <span class='ocrx_word' id='word_1_525' title='bbox 513 2650 626 2682; x_wconf 85' lang='lat' dir='ltr'>eorpus</span> <span class='ocrx_word' id='word_1_526' title='bbox 641 2642 764 2684; x_wconf 86' lang='lat' dir='ltr'>cupiat,</span> <span class='ocrx_word' id='word_1_527' title='bbox 779 2649 1019 2684; x_wconf 84' lang='lat' dir='ltr'>comparentur:</span> <span class='ocrx_word' id='word_1_528' title='bbox 1044 2645 1142 2676; x_wconf 77' lang='lat' dir='ltr'>veluti</span> <span class='ocrx_word' id='word_1_529' title='bbox 1158 2645 1183 2676; x_wconf 87' lang='lat' dir='ltr'>si</span> <span class='ocrx_word' id='word_1_530' title='bbox 1198 2645 1358 2687; x_wconf 70' lang='lat' dir='ltr'>famescet,</span> <span class='ocrx_word' id='word_1_531' title='bbox 1374 2645 1457 2685; x_wconf 89' lang='lat' dir='ltr'>cibi;</span> <span class='ocrx_word' id='word_1_532' title='bbox 1482 2645 1506 2675; x_wconf 87' lang='lat' dir='ltr'>si</span> <span class='ocrx_word' id='word_1_533' title='bbox 1518 2644 1615 2680; x_wconf 75' lang='lat' dir='ltr'>sitiat,</span> 
     </span>
     <span class='ocr_line' id='line_1_45' title="bbox 150 2689 1616 2740; baseline 0.005 -21"><span class='ocrx_word' id='word_1_534' title='bbox 150 2692 244 2728; x_wconf 79' lang='lat' dir='ltr'>potus</span> <span class='ocrx_word' id='word_1_535' title='bbox 257 2699 268 2729; x_wconf 80' lang='lat'>3</span> <span class='ocrx_word' id='word_1_536' title='bbox 291 2691 315 2720; x_wconf 86' lang='lat' dir='ltr'>si</span> <span class='ocrx_word' id='word_1_537' title='bbox 331 2689 454 2731; x_wconf 79' lang='lat' dir='ltr'>frigeat,</span> <span class='ocrx_word' id='word_1_538' title='bbox 471 2697 902 2734; x_wconf 70' lang='lat' dir='ltr'>vestes,&#39;strameuta,‘calcei</span> <span class='ocrx_word' id='word_1_539' title='bbox 930 2703 1096 2740; x_wconf 84' lang='lat' dir='ltr'>ceteraque</span> <span class='ocrx_word' id='word_1_540' title='bbox 1118 2709 1188 2740; x_wconf 86' lang='lat' dir='ltr'>quae</span> <span class='ocrx_word' id='word_1_541' title='bbox 1212 2699 1254 2730; x_wconf 75' lang='lat' dir='ltr'>ad</span> <span class='ocrx_word' id='word_1_542' title='bbox 1277 2709 1366 2730; x_wconf 83' lang='lat' dir='ltr'>usum</span> <span class='ocrx_word' id='word_1_543' title='bbox 1388 2698 1526 2740; x_wconf 83' lang='lat' dir='ltr'>corporis</span> <span class='ocrx_word' id='word_1_544' title='bbox 1548 2697 1616 2728; x_wconf 81' lang='lat' dir='ltr'>exi-</span> 
     </span>
     <span class='ocr_line' id='line_1_46' title="bbox 151 2744 1615 2795; baseline 0.006 -23"><span class='ocrx_word' id='word_1_545' title='bbox 151 2748 278 2782; x_wconf 73' lang='lat' dir='ltr'>guntur.</span> <span class='ocrx_word' id='word_1_546' title='bbox 324 2744 366 2775; x_wconf 78' lang='lat' dir='ltr'>Et</span> <span class='ocrx_word' id='word_1_547' title='bbox 382 2745 524 2786; x_wconf 80' lang='lat' dir='ltr'>profecto</span> <span class='ocrx_word' id='word_1_548' title='bbox 540 2746 650 2779; x_wconf 83' lang='lat' dir='ltr'>dedita</span> <span class='ocrx_word' id='word_1_549' title='bbox 665 2759 761 2791; x_wconf 74' lang='lat' dir='ltr'>opera</span> <span class='ocrx_word' id='word_1_550' title='bbox 774 2752 900 2782; x_wconf 77' lang='lat' dir='ltr'>easdem</span> <span class='ocrx_word' id='word_1_551' title='bbox 917 2762 973 2793; x_wconf 86' lang='lat' dir='ltr'>per</span> <span class='ocrx_word' id='word_1_552' title='bbox 987 2752 1138 2794; x_wconf 84' lang='lat' dir='ltr'>imagines</span> <span class='ocrx_word' id='word_1_553' title='bbox 1155 2753 1212 2784; x_wconf 87' lang='lat' dir='ltr'>tibi</span> <span class='ocrx_word' id='word_1_554' title='bbox 1227 2753 1348 2795; x_wconf 86' lang='lat' dir='ltr'>loquor,</span> <span class='ocrx_word' id='word_1_555' title='bbox 1363 2757 1398 2783; x_wconf 90' lang='lat' dir='ltr'>ut</span> <span class='ocrx_word' id='word_1_556' title='bbox 1423 2751 1545 2783; x_wconf 83' lang='lat' dir='ltr'>facilius</span> <span class='ocrx_word' id='word_1_557' title='bbox 1567 2751 1615 2781; x_wconf 87' lang='lat' dir='ltr'>in·</span> 
     </span>
     <span class='ocr_line' id='line_1_47' title="bbox 149 2795 1615 2848; baseline 0.007 -23"><span class='ocrx_word' id='word_1_558' title='bbox 149 2795 285 2838; x_wconf 74' lang='lat' dir='ltr'>telligas,</span> <span class='ocrx_word' id='word_1_559' title='bbox 300 2798 407 2829; x_wconf 83' lang='lat' dir='ltr'>horum</span> <span class='ocrx_word' id='word_1_560' title='bbox 422 2809 489 2831; x_wconf 87' lang='lat' dir='ltr'>esse</span> <span class='ocrx_word' id='word_1_561' title='bbox 507 2807 692 2841; x_wconf 76' lang='lat' dir='ltr'>paratorem,</span> <span class='ocrx_word' id='word_1_562' title='bbox 708 2804 756 2835; x_wconf 86' lang='lat' dir='ltr'>vel</span> <span class='ocrx_word' id='word_1_563' title='bbox 770 2815 944 2846; x_wconf 84' lang='lat' dir='ltr'>cauponem</span> <span class='ocrx_word' id='word_1_564' title='bbox 962 2805 1009 2837; x_wconf 88' lang='lat' dir='ltr'>vel</span> <span class='ocrx_word' id='word_1_565' title='bbox 1022 2811 1234 2844; x_wconf 84' lang='lat' dir='ltr'>mercatorem,</span> <span class='ocrx_word' id='word_1_566' title='bbox 1249 2812 1304 2838; x_wconf 79' lang='lat' dir='ltr'>aut</span> <span class='ocrx_word' id='word_1_567' title='bbox 1319 2806 1464 2848; x_wconf 81' lang='lat' dir='ltr'>opificem</span> <span class='ocrx_word' id='word_1_568' title='bbox 1482 2803 1615 2845; x_wconf 80' lang='lat' dir='ltr'>alicujus</span> 
     </span>
     <span class='ocr_line' id='line_1_48' title="bbox 147 2848 1612 2900; baseline 0.005 -21"><span class='ocrx_word' id='word_1_569' title='bbox 147 2848 454 2888; x_wconf 82' lang='lat' dir='ltr'>istorum,.videlicet</span> <span class='ocrx_word' id='word_1_570' title='bbox 471 2854 618 2894; x_wconf 83' lang='lat' dir='ltr'>pistorem</span> <span class='ocrx_word' id='word_1_571' title='bbox 643 2862 698 2887; x_wconf 70' lang='lat' dir='ltr'>aut</span> <span class='ocrx_word' id='word_1_572' title='bbox 712 2865 852 2900; x_wconf 73' lang='lat' dir='ltr'>coquum·</span> <span class='ocrx_word' id='word_1_573' title='bbox 864 2864 1084 2893; x_wconf 81' lang='lat' dir='ltr'>aut·textorem</span> <span class='ocrx_word' id='word_1_574' title='bbox 1105 2854 1348 2892; x_wconf 65' lang='lat' dir='ltr'>aut‘caleeorum</span> <span class='ocrx_word' id='word_1_575' title='bbox 1364 2865 1498 2891; x_wconf 86' lang='lat' dir='ltr'>sutorem</span> <span class='ocrx_word' id='word_1_576' title='bbox 1515 2858 1612 2888; x_wconf 82' lang='lat' dir='ltr'>infec-</span> 
     </span>
     <span class='ocr_line' id='line_1_49' title="bbox 149 2905 1612 2956; baseline 0.008 -22"><span class='ocrx_word' id='word_1_577' title='bbox 149 2905 478 2945; x_wconf 73' lang='lat' dir='ltr'>toremquecoriorum</span> <span class='ocrx_word' id='word_1_578' title='bbox 493 2919 500 2938; x_wconf 76' lang='grc' dir='ltr'><strong><em>ι</em></strong></span> <span class='ocrx_word' id='word_1_579' title='bbox 514 2919 583 2940; x_wconf 66' lang='lat' dir='ltr'>vnec</span> <span class='ocrx_word' id='word_1_580' title='bbox 607 2910 716 2941; x_wconf 84' lang='lat' dir='ltr'>mirum</span> <span class='ocrx_word' id='word_1_581' title='bbox 739 2916 798 2953; x_wconf 82' lang='lat' dir='ltr'>est,</span> <span class='ocrx_word' id='word_1_582' title='bbox 811 2923 883 2943; x_wconf 88' lang='lat' dir='ltr'>eum</span> <span class='ocrx_word' id='word_1_583' title='bbox 906 2913 962 2954; x_wconf 86' lang='lat' dir='ltr'>qui</span> <span class='ocrx_word' id='word_1_584' title='bbox 986 2913 1055 2944; x_wconf 79' lang='lat' dir='ltr'>talis</span> <span class='ocrx_word' id='word_1_585' title='bbox 1083 2914 1132 2951; x_wconf 87' lang='lat' dir='ltr'>sit,</span> <span class='ocrx_word' id='word_1_586' title='bbox 1149 2914 1245 2948; x_wconf 83' lang='lat' dir='ltr'>videri</span> <span class='ocrx_word' id='word_1_587' title='bbox 1269 2914 1406 2956; x_wconf 86' lang='lat' dir='ltr'>corporis</span> <span class='ocrx_word' id='word_1_588' title='bbox 1429 2916 1612 2946; x_wconf 67' lang='lat' dir='ltr'>curatorem·</span> 
     </span>
    </p>
   </div>
   <div class='ocr_carea' id='block_1_3' title="bbox 148 2957 1611 3052">
    <p class='ocr_par' dir='ltr' id='par_1_3' title="bbox 148 2957 1611 3052">
     <span class='ocr_line' id='line_1_50' title="bbox 148 2957 1611 3010; baseline 0.005 -24"><span class='ocrx_word' id='word_1_589' title='bbox 148 2959 211 2986; x_wconf 71' lang='lat' dir='ltr'>tam</span> <span class='ocrx_word' id='word_1_590' title='bbox 231 2957 290 2988; x_wconf 85' lang='lat' dir='ltr'>sibi</span> <span class='ocrx_word' id='word_1_591' title='bbox 306 2969 398 2999; x_wconf 82' lang='lat' dir='ltr'>quam</span> <span class='ocrx_word' id='word_1_592' title='bbox 415 2960 482 2992; x_wconf 82' lang='lat' dir='ltr'>aliis</span> <span class='ocrx_word' id='word_1_593' title='bbox 507 2962 732 3004; x_wconf 81' lang='lat' dir='ltr'>ignorantibus,</span> <span class='ocrx_word' id='word_1_594' title='bbox 749 2976 816 2997; x_wconf 81' lang='lat' dir='ltr'>esse</span> <span class='ocrx_word' id='word_1_595' title='bbox 832 2971 981 3008; x_wconf 80' lang='lat' dir='ltr'>praeterea</span> <span class='ocrx_word' id='word_1_596' title='bbox 996 2974 1091 2999; x_wconf 78' lang='lat' dir='ltr'>artem</span> <span class='ocrx_word' id='word_1_597' title='bbox 1107 2969 1263 3010; x_wconf 82' lang='lat' dir='ltr'>quandam</span> <span class='ocrx_word' id='word_1_598' title='bbox 1277 2966 1502 3010; x_wconf 73' lang='lat' dir='ltr'>gymnasticam</span> <span class='ocrx_word' id='word_1_599' title='bbox 1517 2969 1611 3005; x_wconf 85' lang='lat' dir='ltr'>atque</span> 
     </span>
     <span class='ocr_line' id='line_1_51' title="bbox 229 3011 1529 3052; baseline 0.014 -10"><span class='ocrx_word' id='word_1_600' title='bbox 229 3011 315 3044; x_wconf 72' lang='grc' dir='ltr'><em>Ριιιι.</em></span> <span class='ocrx_word' id='word_1_601' title='bbox 342 3013 396 3046; x_wconf 67' lang='lat' dir='ltr'>Tr.</span> <span class='ocrx_word' id='word_1_602' title='bbox 908 3021 938 3052; x_wconf 90' lang='lat'>1.</span> <span class='ocrx_word' id='word_1_603' title='bbox 1461 3024 1480 3052; x_wconf 83' lang='lat'>2</span> <span class='ocrx_word' id='word_1_604' title='bbox 1507 3020 1529 3051; x_wconf 67' lang='lat'>1⁴*</span> 
     </span>
    </p>
   </div>
  </div>
 </body>
</html>
