1846 3268
262 282 340 322 312
566 300 571 305 -
854 277 1123 318 PLAToms
1623 280 1718 332 [391

261 386 488 431 Hermogenes,
503 387 588 419 haud
605 386 673 417 leve
687 383 849 427 quiddam,
865 389 900 416 ut
913 385 984 426 ipse
998 395 1119 423 censes,
1134 384 1270 417 nominis
1282 384 1514 428 impositionem
1525 396 1606 425 esse,
1619 394 1724 429 neque

259 443 293 475 id
309 454 377 476 esse
392 442 604 485 imperitorum
621 445 653 472 et
668 438 847 482 quorumvis
862 439 1024 470 hominum
1047 450 1140 482 opus.
1184 439 1310 483 Nempe
1325 440 1474 483 Cratylus
1489 450 1562 472 vera
1575 439 1729 483 loquitur,

258 508 332 529 cum
357 497 486 531 nomina
499 495 577 527 dicit
591 499 701 526 natura
721 493 812 524 rebus
826 497 1017 535 competere,
1027 501 1130 535 neque
1141 503 1394 537 unumquemque
1409 505 1477 526 esse
1490 494 1652 526 nominum
1666 504 1724 526 au-

261 556 390 588 ctorem,
406 550 462 581 sed
477 549 566 580 illum
579 549 746 584 duntaxat,
762 546 818 589 qui
842 547 882 578 ad
907 557 1023 578 nomen
1038 546 1176 589 respicit,
1191 548 1276 590 quod
1298 554 1409 580 natura
1432 548 1547 591 cuique
1563 547 1727 590 convenit,>

260 609 429 648 potestque
444 603 514 645 ejus
529 602 666 646 speciem
681 601 778 633 literis
800 600 993 644 syllabisque
1013 600 1159 633 inserere.
1201 601 1326 634 Hiran.
1345 601 1477 640 Nescio,
1490 603 1647 644 Socrates,
1660 612 1726 645 qua

260 659 379 691 ratione
390 659 440 690 his
455 668 526 700 quae
542 656 662 697 dixisti,
675 656 716 687 sit
727 655 979 698 repugnandum.
1004 655 1085 687 forte
1100 666 1173 687 vero
1188 666 1252 688 non
1268 656 1359 689 facile
1373 661 1423 688 est
1444 656 1542 699 [391]
1566 655 1669 688 subito
1679 655 1725 688 sic

261 711 454 754 persuaderi.
476 711 586 742 videor
601 715 705 742 autem
721 709 796 740 mihi
812 710 895 741 hunc
909 709 941 740 in
957 709 1083 740 modum
1101 709 1157 740 tibi
1173 710 1278 751 potius
1292 720 1483 748 assensurus,
1498 710 1526 742 si
1538 709 1727 748 ostenderis,

261 776 355 808 quam
370 765 456 797 dicas
471 775 538 796 esse
554 769 665 795 natura
679 769 794 795 rectam
808 763 942 794 nominis
969 762 1134 796 rationem.
1178 763 1236 796 So.
1260 762 1428 806 Equidem,
1443 775 1463 795 ο
1486 764 1576 796 beate
1590 763 1726 796 Hermo-

261 831 368 863 genes,
383 820 487 851 adhuc
503 819 618 850 nullam
635 819 719 850 dico.
743 817 839 849 ferme
853 827 989 859 namque
1003 828 1022 849 e
1037 818 1186 849 memoria
1208 819 1327 850 excidit
1351 819 1436 861 quod
1458 818 1596 850 dixeram
1619 827 1726 860 supra,

260 885 312 906 me
326 873 474 906 videlicet
487 874 548 905 hoc
564 873 718 914 ignorare,
734 882 838 903 verum
856 882 919 902 una
934 877 1037 903 tecum
1056 872 1244 914 perquirere.
1289 872 1322 904 N
1325 883 1385 904 unc
1399 877 1504 904 autern
1521 871 1597 904 milri
1614 877 1648 904 et.
1665 872 1726 904 tibi

259 927 351 959 simul
368 927 625 969 investigantibus
640 926 700 957 hoc
716 927 869 957 duntaxat
895 930 1006 967 praeter
1028 926 1188 967 superiora
1207 931 1403 968 compertum
1427 931 1488 967 est,
1504 925 1726 958 rectitudinem

258 980 394 1024 aliquam
411 986 519 1011 natura
535 991 648 1011 nomen
664 980 791 1020 habere,
804 990 908 1022 neque
924 979 1021 1011 virum
1037 979 1211 1021 quemlibet
1232 981 1309 1011 scire
1328 980 1430 1022 ipsum
1444 980 1536 1011 rebus
1548 989 1726 1012 accommoe

259 1036 345 1067 dare.
369 1035 494 1066 nonne?
540 1034 664 1065 Herm.
687 1033 805 1066 Valde.
850 1034 905 1066 So.
943 1033 1216 1067 Considerandum
1242 1039 1352 1077 restat,
1381 1034 1409 1066 si
1433 1044 1527 1066 nosse
1554 1033 1728 1072 desideras,

259 1100 405 1132 quaenam
419 1089 518 1131 ipsius
533 1089 572 1120 sit
587 1088 723 1119 nominis
733 1087 901 1125 rectitudo,
916 1087 949 1119 id
962 1093 1010 1119 est
1020 1089 1098 1119 ratio
1109 1094 1204 1121 recta.
1251 1088 1375 1121 Herm.
1398 1088 1554 1120 Desidere
1565 1088 1727 1130 equidem.

257 1146 313 1177 So.
339 1143 565 1175 Animadverte
590 1143 692 1184 igitur.
737 1142 860 1173 Henna.
885 1142 959 1180 Qua
975 1142 1038 1173 vita
1064 1142 1317 1184 investigandum
1345 1143 1476 1174 mones?
1520 1142 1578 1175 So.
1600 1141 1727 1174 Rectis-

258 1199 336 1230 sima
350 1203 410 1235 est,
423 1209 441 1229 ο
457 1197 568 1234 amice,
582 1197 804 1237 consideratio,
819 1198 859 1228 ab
886 1197 934 1228 his
958 1196 1012 1238 qui
1027 1197 1143 1239 sciunt,
1158 1197 1225 1228 haec
1250 1196 1441 1239 perquirere,
1455 1196 1569 1228 oblatis
1583 1196 1728 1239 pecuniis

259 1259 291 1287 et
305 1252 411 1295 gratiis
426 1252 554 1294 insuper
568 1251 656 1282 actis.
680 1251 711 1281 1ιὶ
743 1262 814 1282 vero
838 1251 985 1292 sophista:
1010 1256 1104 1291 sunt3
1127 1252 1242 1293 quibus
1263 1251 1357 1283 frater
1379 1256 1452 1282 tuus
1476 1250 1597 1283 Callias
1621 1250 1727 1282 multis

259 1307 394 1349 erogatis
411 1306 564 1348 pecuniis,
581 1305 706 1347 sapiens
720 1305 853 1336 evasisse
871 1306 1004 1336 videtur.
1047 1305 1219 1347 Postquam
1238 1315 1310 1337 vero
1324 1305 1356 1336 in
1369 1316 1417 1337 res
1433 1311 1577 1348 paternas
1592 1304 1647 1348 jus
1661 1314 1729 1337 non

258 1361 366 1398 habes,
381 1360 534 1402 reliquum
558 1365 605 1390 est
628 1365 663 1390 ut
689 1359 812 1390 fratrem
838 1359 969 1400 supplex
989 1369 1108 1397 exores,
1125 1364 1156 1390 te
1179 1360 1294 1391 doceat
1312 1359 1473 1391 nominum
1496 1360 1728 1397 rectitudinem,

260 1426 354 1458 quam
371 1425 389 1446 a
404 1414 575 1456 Protagora
590 1413 713 1446 didicit.
761 1413 882 1445 Hanni.
905 1413 1008 1451 Quam
1035 1414 1170 1445 absurda
1190 1414 1258 1446 haec
1282 1419 1366 1446 esset
1389 1413 1515 1456 petitio,
1531 1414 1684 1452 Socrates,
1700 1413 1728 1446 si

259 1480 332 1502 cum
346 1469 432 1500 illam
450 1469 628 1510 Protagorae
645 1467 803 1499 veritatem
817 1467 905 1499 nullo
922 1467 1016 1498 modo
1033 1467 1196 1509 recipiam,
1211 1478 1249 1499 ea
1263 1478 1334 1510 quae
1349 1478 1388 1499 ex
1403 1467 1532 1500 veritate
1547 1467 1601 1499 illa
1614 1467 1729 1499 dicun-

260 1529 319 1559 tur,
333 1521 466 1564 alicujus
475 1522 566 1564 pretii
582 1521 776 1553 aestimarem.
822 1521 878 1554 So.
903 1521 947 1552 At
962 1532 1034 1553 vero
1051 1522 1078 1553 si
1092 1522 1150 1554 tibi
1162 1522 1223 1554 ista
1239 1533 1303 1553 non
1317 1522 1454 1564 placent,
1467 1523 1506 1554 ab
1521 1521 1660 1554 Homero
1674 1533 1729 1555 cc-

261 1577 398 1619 terisque
424 1576 527 1618 potitis
542 1580 590 1607 est
611 1575 809 1608 discendum.
855 1575 979 1608 Herm.
1003 1575 1090 1614 Quid
1116 1577 1156 1607 de
1181 1576 1362 1608 nominibus
1386 1581 1420 1608 et
1442 1575 1498 1608 ubi
1521 1576 1689 1614 Homerus,
1705 1588 1727 1608 o
1774 1601 1775 1605 ,

258 1631 412 1668 Socrates,
441 1630 536 1661 tradit
551 1621 582 1661 ?¹
608 1630 664 1662 So.
688 1629 807 1661 Passim
833 1630 953 1661 multa:
978 1630 1113 1662 maxima
1136 1641 1208 1662 vero
1235 1635 1268 1662 et
1292 1630 1500 1672 pulcherrima
1525 1637 1599 1662 sunt
1613 1631 1680 1668 illa,
1695 1631 1727 1662 in

260 1685 375 1727 quibus
390 1684 556 1727 distinguit
571 1684 653 1716 circa
669 1684 779 1716 eadem
807 1695 878 1727 quae
901 1685 1030 1716 nomina
1052 1685 1193 1717 homines
1215 1690 1248 1716 et
1267 1695 1338 1727 qnae
1360 1681 1405 1716 'dii
1421 1685 1481 1727 ipsi
1495 1685 1661 1717 inducunt.
1685 1696 1728 1717 an

257 1750 323 1771 non
338 1750 447 1772 censes
462 1740 563 1781 ipsum
579 1738 613 1770 in
628 1739 675 1771 his
691 1739 889 1781 magnificum
906 1740 1025 1782 aliquid
1041 1745 1074 1771 et
1090 1740 1264 1771 mirandum
1281 1740 1322 1771 de
1336 1745 1420 1772 recta
1431 1739 1551 1771 ratione
1565 1740 1730 1772 nominum

259 1795 402 1826 tradere?
426 1798 548 1826 constat
564 1794 661 1835 enim,
677 1795 754 1825 deos
769 1794 948 1826 nominibus
963 1794 1024 1826 illis
1040 1795 1079 1826 ad
1095 1794 1317 1826 rectitudinem
1332 1794 1432 1836 ipsam
1455 1794 1602 1837 uti,‘quae
1617 1800 1729 1826 natura

258 1847 445 1880 consistunt.
469 1858 508 1878 an
526 1859 589 1879 non
608 1848 722 1890 putas?
767 1848 891 1881 Ham.
915 1848 1010 1881 Certe
1035 1848 1184 1890 equidem
1208 1849 1284 1887 scio,
1300 1849 1327 1880 si
1351 1859 1415 1891 qua
1440 1849 1484 1880 dii
1500 1854 1626 1887 vocant,
1644 1854 1730 1881 recte

261 1912 316 1934 eos
331 1902 500 1944 admodum
517 1901 688 1934 nominare.
712 1912 817 1933 verum
834 1912 977 1944 quaenam
992 1902 1078 1934 ista?
1123 1902 1180 1933 So.
1203 1902 1256 1933 An
1278 1903 1401 1944 ignoras
1425 1903 1511 1945 quod
1534 1903 1575 1934 de
1588 1902 1731 1944 Trojano

261 1956 403 1994 flumine,
417 1957 503 1998 quod
519 1956 668 1998 singulari
684 1956 852 1987 certamine
868 1966 939 1986 cum
956 1955 1101 1987 Vulcano
1117 1955 1282 1998 pugnavit,
1298 1956 1422 1998 inquit?
1447 1957 1542 1993 Quod
1557 1956 1730 1989 Xanthum

261 2010 309 2042 dii
323 2014 449 2050 vocant,
464 2010 524 2042 viri
540 2009 782 2042 Scamandrum.
825 2009 949 2043 Hanni.
973 2009 1058 2043 Scio.
1105 2009 1161 2041 So.
1184 2010 1237 2040 An
1261 2020 1326 2040 non
1348 2020 1458 2041 censes
1482 2009 1580 2052 [392]
1604 2010 1731 2053 magni-

260 2065 354 2096 ficum
370 2064 520 2106 quiddam
544 2064 674 2106 cognitu
699 2074 766 2095 esse
792 2065 864 2102 hoc,
884 2074 947 2105 qua
973 2064 1092 2095 ratione
1117 2064 1231 2096 rectius
1252 2064 1305 2100 sit,
1320 2051 1542 2095 fiumeu⁰illud
1566 2063 1729 2096 Xanthum

261 2129 355 2160 quam
372 2118 596 2150 Scamandrum
613 2118 798 2150 nominare?
843 2118 938 2154 Item,
953 2118 979 2149 si
994 2118 1052 2155 vis,
1069 2118 1281 2150 animadverte
1297 2124 1329 2150 et
1342 2119 1439 2159 istud,
1452 2119 1538 2161 quod
1552 2129 1641 2151 avem
1651 2129 1731 2151 eau-

261 2174 334 2205 dem
350 2172 428 2204 dicit
443 2172 627 2204 Chalcidem
639 2172 768 2215 quidem
783 2183 802 2203 a
815 2173 890 2209 diis,
907 2172 1079 2215 Cymindin
1096 2184 1167 2204 vero
1191 2174 1231 2204 ab
1252 2173 1433 2204 hominibus
1456 2173 1620 2206 nominari.
1665 2173 1730 2206 Le·-

260 2238 329 2258 vcm
346 2226 558 2268 cognitionem
574 2227 654 2258 hanc
668 2231 772 2268 putas,
788 2232 823 2257 ut
837 2227 962 2264 sciatur,
978 2233 1097 2270 quanto
1113 2226 1227 2260 rectius
1238 2228 1279 2259 sit
1294 2228 1427 2259 eandem
1438 2238 1529 2259 avem
1543 2227 1730 2261 Chalcidem

261 2292 356 2324 quam
381 2281 554 2324 Cymindin
578 2291 775 2323 nuncupare,
797 2281 847 2313 vel
873 2281 1016 2313 Batieam
1041 2287 1136 2324 atque
1163 2282 1328 2325 Myrinen,
1351 2282 1476 2324 aliaque
1498 2282 1666 2324 permulta,
1694 2287 1729 2314 et

261 2337 347 2379 apud
363 2337 447 2368 hunc
463 2336 590 2378 poetam
604 2342 637 2367 et
651 2338 735 2379 apud
751 2337 828 2368 alios
841 2337 937 2368 talia?
985 2337 1098 2368 Verum
1125 2337 1251 2369 istarum
1276 2347 1374 2369 rerum
1390 2336 1530 2368 inventio
1545 2336 1667 2368 acutius
1681 2337 1730 2367 in-

262 2390 389 2432 genium
405 2401 499 2432 quam
524 2395 662 2422 nostrum
688 2391 796 2433 exigit.
842 2391 1049 2423 Scamandrus
1071 2396 1176 2423 auteur
1199 2398 1232 2423 et
1248 2390 1410 2433 Astyanax
1435 2391 1511 2433 quid
1538 2390 1730 2432 significent,

261 2446 400 2476 humano
423 2444 562 2486 ingenio,
588 2450 624 2476 ut
648 2445 723 2476 mihi
739 2445 874 2482 videtur,
897 2445 1120 2487 comprehendi
1148 2450 1265 2487 potest,
1293 2451 1326 2476 et
1350 2444 1442 2476 facile
1469 2444 1586 2486 percipi
1611 2450 1730 2486 potest,

262 2509 356 2541 quam
372 2499 591 2530 rectitudinem
615 2510 682 2530 esse
708 2499 865 2531 Homerus
878 2499 954 2531 velit
979 2499 1013 2530 in
1038 2499 1085 2530 his
1111 2498 1300 2535 nominibus,
1322 2498 1436 2540 quibus
1462 2498 1609 2530 Hectoris
1629 2498 1731 2530 filium*

263 2557 439 2594 nuncupat.
483 2553 549 2584 Scis
574 2564 611 2584 ea
640 2553 778 2585 carmina
807 2554 921 2595 quibus
949 2554 1069 2594 insunt,
1095 2563 1166 2595 quoe
1193 2553 1288 2584 dico?
1333 2552 1456 2584 linum.
1480 2552 1630 2585 Omnino.
1673 2553 1731 2585 So.

266 2607 378 2639 Utrum
407 2607 534 2638 istorum
569 2608 732 2639 nominum
757 2614 850 2650 putas
880 2608 1052 2639 Homerum
1081 2607 1272 2638 existimasse
1301 2607 1470 2638 convenire
1497 2606 1595 2648 magis
1620 2617 1732 2649 puero,

264 2662 503 2703 Astyanactane
527 2671 568 2692 an
594 2663 842 2693 Scamandrum?
887 2661 1008 2694 ileum.
1034 2661 1159 2703 Ignoto.
1205 2662 1260 2692 So.
1294 2662 1346 2692 Sic
1373 2666 1477 2692 autem
1507 2661 1680 2692 considera.
1703 2661 1732 2693 si

264 2716 335 2759 quis
359 2719 391 2746 te
414 2715 627 2756 interrogaret,
653 2723 756 2747 utrum
782 2722 872 2758 putes
898 2716 1102 2758 sapientiores
1129 2715 1242 2747 rectius
1266 2715 1395 2746 nomina
1430 2714 1520 2746 rebus
1556 2715 1731 2756 imponere,

266 2780 307 2801 an
337 2769 438 2800 minus
467 2769 637 2812 sapientes,
664 2771 868 2812 responderes
892 2769 1000 2812 utique
1022 2769 1237 2811 sapientiores.
1294 2768 1417 2800 Hanni.
1451 2767 1504 2799 Sic
1530 2772 1625 2800 certe.
1670 2768 1730 2800 So.

267 2823 380 2855 Utrum
415 2823 558 2854 mulieres
591 2823 624 2854 in
651 2824 779 2855 urbibus
816 2825 1021 2867 sapientiores
1059 2835 1126 2855 esse
1166 2823 1224 2854 tibi
1251 2823 1407 2859 videntur,
1445 2832 1486 2853 an
1508 2821 1588 2853 viri?
1628 2831 1732 2864 quan-

263 2886 328 2909 tum
351 2877 390 2908 ad
421 2887 519 2918 genus
541 2877 664 2908 attinet.
708 2878 831 2910 nemu.
857 2878 940 2910 Viri.
985 2878 1042 2910 So.
1066 2876 1180 2908 Nescis
1207 2878 1293 2919 quod
1321 2876 1424 2918 inquit
1453 2874 1620 2916 Homerus,
1644 2875 1734 2907 Hec-

266 2931 340 2962 toris
361 2930 458 2962 tilium
474 2941 491 2961 a
505 2930 649 2972 Trojanis
666 2931 870 2974 Astyanacta,
885 2943 902 2962 a
926 2932 1105 2963 mulieribus
1120 2931 1342 2962 Scamandrum
1366 2934 1581 2971 nuncupatum
1595 2929 1605 2960 ?
1629 2939 1729 2970 quan-

263 2985 434 3028 doquidem
465 2985 521 3017 viri
547 2985 633 3017 illum
666 2985 864 3028 Astyanacta
889 2996 999 3019 vocare
1026 2989 1267 3019 consueverunt.
1319 2984 1442 3016 Hunni.
1482 2983 1624 3016 Videtur.
1669 2983 1729 3019 So.
