1846 3268
161 278 262 335 496]
758 273 1032 335 »concrAsz
1546 270 1627 316 213

163 380 216 414 Ac
231 380 364 424 primuni
379 380 454 412 mihi
469 379 568 416 dicas,
582 382 685 411 utrum
701 377 889 414 scabiosum,
904 387 971 409 sese
984 375 1159 414 fricantem,
1180 379 1275 418 atque
1289 374 1335 407 ita
1346 385 1380 408 sc
1394 375 1574 414 habentem,
1592 381 1626 410 ut

164 435 315 466 continue
337 435 370 466 id
395 435 496 466 facere
522 438 631 476 queat,
652 433 745 464 beate
759 432 862 463 vivere
888 431 1064 473 putandum
1084 430 1135 462 sit.
1178 430 1266 462 Car..
1290 430 1394 467 Quam
1409 431 1536 472 ineptus
1550 441 1629 468 es,o

164 489 320 526 Socrates,
335 499 372 520 ac
386 499 418 520 re
433 498 506 520 vera
521 487 655 530 vulgaris
679 487 883 519 concionator
899 485 906 516 Ξ
953 485 1009 517 So.
1032 485 1191 521 Profectm
1206 495 1226 515 o
1246 484 1404 521 Callicles,
1430 484 1544 516 Polum
1559 484 1632 527 qui-

163 545 237 577 dem
253 549 286 575 et
301 542 448 584 Gorgiam
464 542 620 574 conterrui
635 546 668 573 et
681 542 862 572 erubescere
877 539 1028 580 compuli.
1071 539 1119 569 Tu
1135 549 1208 570 vero
1222 548 1299 569 cave
1311 548 1350 569 ne
1359 538 1510 578 terrearis,
1523 549 1628 580 neque

165 597 285 638 pudore
300 596 483 638 impediare.
506 596 593 627 sortis
607 606 743 637 namque
758 605 803 627 es.
828 595 883 626 sed
909 594 1063 624 duntaxat
1087 593 1254 633 responde.
1299 591 1386 624 Cn..
1410 592 1495 624 Dico
1519 592 1629 634 utique

164 651 328 683 fricantem
354 661 480 692 quoque
504 650 692 691 voluptuose
721 649 832 682 vivere.
887 648 943 679 So.
975 647 1093 681 Nonne
1117 647 1142 678 si
1167 646 1366 688 voluptuose,
1391 646 1488 680 etiam
1513 647 1604 678 beate
1618 647 1631 677 ἓ

165 704 252 738 Car..
276 704 390 736 Procul
405 704 514 736 dubio.
559 705 615 735 So.
637 704 750 735 Utrum
765 703 790 734 si
805 707 901 744 caput
915 703 1068 733 duntaxat
1081 701 1182 738 fricet,
1197 701 1246 731 vel
1259 701 1392 742 amplius
1406 701 1540 743 aliquid,
1556 711 1576 732 a
1597 708 1630 732 te

165 767 283 801 quaero.
329 759 414 790 Vide
428 759 506 800 quid
531 758 733 800 respondeas,
749 757 907 793 Callicles,
923 756 950 786 si
972 755 1042 797 quis
1067 760 1099 786 te
1124 755 1274 796 deinceps
1299 765 1370 796 quae
1395 759 1631 796 consequuntur

166 812 346 854 interroget.
369 817 463 855 atque
479 812 526 843 his
538 812 627 854 quasi
641 811 798 854 capitibus
813 810 982 846 concessis,
997 809 1188 840 cinaedorum
1207 809 1337 841 istorum
1353 809 1417 839 vita
1429 819 1629 851 nequaquam

166 867 281 909 gravis,
295 867 406 909 turpis,
416 867 538 907 infelix,
551 867 688 898 dicenda
702 866 771 897 erit.
793 876 832 896 an
848 865 918 906 ipsc
939 864 1068 896 audebis
1093 874 1147 894 eos
1163 864 1272 895 beatos
1287 863 1406 903 dicere,
1417 863 1443 894 si
1458 864 1498 894 ad
1520 868 1629 896 votum

165 922 227 959 his,
242 932 313 963 quae
327 920 473 963 cupiunt,
490 921 673 963 potiantur?
719 920 806 952 CAL-
828 918 883 950 An
893 929 957 950 non
968 924 998 950 te
1009 919 1120 960 pudet,
1135 929 1154 948 o
1165 918 1319 955 Socrates,
1335 918 1376 950 ad
1388 918 1447 950 ista
1456 928 1631 950 sermonem

167 976 347 1008 deducere?
391 975 448 1008 So.
471 975 594 1017 Egone.
609 986 628 1006 o
658 985 808 1016 generose
824 974 880 1010 vir,
896 973 1041 1005 deduco?
1064 984 1104 1003 an
1131 973 1185 1005 ille
1211 972 1327 1014 potius,
1342 972 1397 1014 qui
1420 972 1500 1004 adeo
1526 972 1631 1014 impu-

167 1030 279 1061 denter
291 1029 398 1060 asserit
411 1039 465 1061 eos
478 1029 532 1072 qui
546 1029 753 1065 oblectantur,
769 1037 960 1070 quocunque
976 1026 1069 1058 modo
1080 1026 1287 1064 oblectentur,
1299 1037 1367 1058 esse
1379 1027 1487 1058 beatos
1498 1037 1508 1067 ;
1533 1027 1632 1069 [495]

168 1093 274 1125 neque
297 1082 462 1125 distinguit
485 1093 556 1125 quae
571 1083 768 1124 voluptatum
796 1082 887 1113 bonae
910 1081 974 1112 sint
995 1085 1028 1112 et
1042 1091 1113 1122 quae
1130 1080 1244 1111 malae?
1290 1080 1405 1112 Verum
1421 1091 1506 1113 nunc
1521 1082 1630 1113 saltem

168 1136 233 1174 dic.
248 1136 360 1169 Utrum
375 1136 458 1168 idem
473 1148 541 1168 esse
556 1147 672 1168 asseras
692 1136 888 1178 voluptatem
913 1141 1008 1177 atque
1036 1135 1171 1166 bonum?
1198 1145 1238 1165 an
1264 1145 1331 1166 esse
1348 1134 1469 1176 aliquid
1485 1135 1633 1178 volupta-

168 1191 248 1222 rium
260 1191 347 1232 quod
363 1201 426 1222 non
448 1191 488 1222 sit
514 1191 629 1222 bonum
643 1191 654 1221 ἓ
700 1190 788 1222 Cu..
814 1190 860 1222 Ut
881 1190 958 1221 mihi
978 1189 1087 1231 procul
1111 1189 1208 1220 dubio
1225 1194 1308 1220 ratus
1321 1189 1363 1220 sit
1375 1199 1488 1226 sermo,
1504 1190 1531 1222 si
1545 1190 1634 1222 aliud

169 1254 238 1276 esse
252 1245 371 1281 dixero,
387 1244 472 1276 idem
487 1255 554 1276 esse
569 1245 657 1277 dico.
701 1244 758 1276 So.
782 1244 951 1280 Pervertis,
967 1254 987 1274 o
1013 1243 1170 1280 Callicles,
1186 1243 1240 1274 illa
1253 1253 1324 1285 quae
1340 1243 1425 1284 prius
1441 1244 1526 1275 dicta
1549 1250 1633 1282 sunt,

169 1307 229 1330 nec
244 1298 378 1340 amplius
393 1304 485 1341 aptus
501 1309 534 1330 es
549 1300 588 1330 ad
604 1299 661 1330 illa
675 1309 746 1341 quae
763 1303 993 1340 perscrutamur
1006 1295 1235 1338 investiganda,
1251 1297 1277 1328 si
1291 1297 1419 1338 quidem
1435 1297 1526 1329 aliter
1539 1308 1633 1340 quam

168 1351 227 1383 tibi
241 1352 364 1383 videtur
377 1363 411 1384 es
435 1363 651 1394 responsurus.
695 1353 781 1384 Cn..
805 1352 973 1383 Enimvero
997 1356 1031 1382 tu
1055 1361 1194 1392 quoque,
1208 1361 1227 1381 ο
1251 1350 1407 1382 Socrates.
1451 1352 1509 1384 So.
1532 1352 1635 1396 Atqui

169 1416 274 1447 neque
288 1416 348 1448 ego
362 1411 445 1438 recte
459 1407 553 1444 facio,
566 1407 592 1438 si
608 1407 640 1437 id
656 1406 751 1444 facio,
765 1416 870 1448 neque
886 1411 932 1438 tu.
978 1406 1055 1447 Sed,
1071 1416 1089 1436 o
1113 1406 1217 1442 beate,
1231 1405 1303 1436 vide
1318 1415 1359 1437 ue
1374 1406 1433 1437 hoc
1449 1406 1490 1437 sit
1504 1407 1635 1444 bonum,

171 1459 311 1491 Omnino
338 1461 484 1502 gaudere.
509 1460 651 1503 alioquin
669 1471 740 1503 quae
765 1471 850 1492 nunc
874 1461 1031 1492 subducta
1055 1464 1140 1497 sunt,
1163 1459 1261 1491 multa
1275 1459 1315 1491 [et
1330 1461 1444 1502 turpia,
1460 1466 1556 1503 atque
1572 1461 1635 1492 alia

168 1513 297 1555 insuper
311 1524 404 1556 quam
420 1513 552 1556 plurima
567 1514 695 1546 evenire
711 1514 870 1551 videntur,
884 1514 910 1545 si
924 1515 985 1546 hoc
999 1514 1046 1546 ita
1058 1525 1091 1546 se
1105 1514 1232 1546 habeat.
1277 1514 1364 1547 Cu..
1387 1514 1434 1547 Ut
1456 1520 1490 1547 tu
1505 1516 1636 1558 quidem

170 1572 275 1610 putas,
291 1578 310 1599 o
325 1568 480 1600 Socrates.
524 1568 580 1600 So.
602 1569 651 1600 Tu
666 1573 772 1600 autem
788 1579 820 1600 re
837 1579 919 1605 vera,
934 1579 953 1599 o
969 1568 1129 1605 Callicles,
1143 1569 1211 1600 haec
1233 1569 1390 1601 affirmas?
1435 1569 1520 1603 Cu..
1542 1570 1637 1602 Affir-

170 1632 222 1653 mo
238 1621 395 1664 equidem.
441 1623 498 1655 So.
522 1623 581 1655 Vis
597 1634 683 1666 ergo,
699 1623 789 1665 quasi
802 1627 834 1654 te
848 1622 928 1654 serio
949 1623 1109 1664 loquente,
1125 1622 1369 1664 disputationem
1394 1625 1635 1666 aggrediamur?

171 1675 260 1707 Cn..
281 1675 365 1709 Volo
382 1682 478 1708 certe.
522 1677 579 1710 So.
603 1678 672 1719 Age
692 1677 773 1719 jam,
788 1687 859 1708 cum
886 1676 1068 1718 hujusmodi
1091 1677 1256 1708 sententias
1281 1676 1334 1714 sis,
1348 1678 1495 1710 distincte
1510 1679 1551 1710 ad
1564 1680 1634 1711 baec

171 1730 249 1762 mihi
263 1732 428 1772 responde.
473 1732 618 1764 Vocasne
641 1732 760 1774 aliquid
778 1731 966 1763 scientiam?
1012 1731 1098 1763 Car..
1123 1731 1223 1763 Voco.
1266 1731 1322 1765 So.
1345 1731 1462 1765 Nonne
1475 1734 1637 1767 fortitudi-

172 1794 246 1816 nem
259 1786 416 1827 quandam
432 1786 529 1828 paulo
544 1791 618 1818 ante
640 1796 712 1818 cum
738 1786 870 1817 scientia
885 1796 951 1817 esse
971 1785 1099 1818 dicebas
1113 1785 1124 1817 ἒ
1170 1785 1257 1819 ΟΑι.
1279 1785 1436 1819 Dicebam
1451 1798 1536 1820 sane.
1578 1789 1637 1822 8ο.

172 1837 330 1880 Nunquid
345 1839 431 1871 aliud
448 1840 675 1879 fortitudinem,
690 1851 784 1883 quam
813 1840 988 1877 scientiam,
1003 1840 1094 1882 quasi
1118 1840 1182 1871 duo
1206 1841 1274 1873 haec
1295 1840 1370 1880 sint,
1392 1842 1519 1874 dicebas
1545 1844 1638 1874 esse?

174 1891 260 1925 CM..
285 1893 436 1925 Maxime.
480 1895 537 1926 So.
560 1894 769 1937 Voluptatem
790 1905 863 1926 vero
887 1899 984 1938 atque
1013 1894 1188 1932 scientiam,
1218 1895 1345 1927 idemne
1369 1906 1410 1927 an
1431 1896 1518 1928 aliud
1543 1898 1636 1929 esse?

173 1945 260 1979 Cn..
283 1946 396 1985 Aliud,
412 1959 431 1979 ο
446 1949 674 1990 sapientissime
688 1949 746 1986 vir,
761 1948 916 1981 dicebam.
959 1949 1018 1984 So.
1041 1948 1128 1980 Num
1149 1954 1182 1980 et
1200 1947 1417 1981 fortitudinem
1441 1961 1460 1981 a
1475 1951 1639 1993 voluptate

171 1999 321 2034 differre?
367 2001 453 2034 CM..
474 2002 594 2040 Quidni
608 2003 620 2033 ἓ
665 2002 722 2035 So.
746 2003 819 2044 Age
836 2003 954 2045 itaque,
970 2006 1006 2033 ut
1015 2003 1082 2034 haec
1095 2003 1334 2042 meminerimus,
1350 2004 1498 2036 Callicles
1509 2005 1639 2047 quidem

173 2053 359 2086 Acharneus
374 2056 566 2098 voluptatem
584 2058 764 2100 bonumque
790 2057 873 2088 idem
899 2067 967 2088 esse
992 2056 1092 2087 dixit:
1117 2057 1172 2088 sed
1195 2057 1358 2089 scientiam
1374 2064 1406 2090 et
1419 2059 1636 2092 fortitudinem

172 2112 239 2140 tum
254 2109 335 2141 inter
349 2121 381 2142 se
396 2115 462 2141 tum
485 2122 504 2142 a
518 2112 601 2142 bono
618 2111 755 2143 differre.
799 2111 942 2143 Socrates
967 2115 1071 2143 autem
1087 2110 1282 2152 Alopecetes
1306 2112 1366 2143 ista
1390 2123 1454 2143 non
1477 2114 1638 2147 concedit.

173 2164 316 2206 nunquid
345 2165 514 2197 concedit?
561 2166 648 2198 Car..
670 2166 817 2200 Minime.
863 2166 920 2198 So.
942 2165 1086 2197 Arbitror
1111 2170 1215 2197 autem
1235 2176 1339 2208 neque
1370 2166 1533 2199 Calliclem
1563 2168 1640 2200 talia

173 2227 405 2254 concessurum.
419 2220 547 2261 quando
562 2220 630 2262 ipse
645 2225 728 2252 recte
752 2220 1005 2252 consideraverit.
1029 2219 1082 2251 dic
1104 2220 1192 2257 mihi,
1206 2219 1315 2252 felices
1330 2225 1363 2252 et
1377 2220 1518 2253 infelices
1532 2232 1640 2254 nonne

174 2272 330 2305 contrario
344 2273 439 2304 modo
454 2273 534 2305 affici
549 2278 642 2316 putas
655 2274 666 2304 ?
712 2274 798 2306 Cn..
823 2274 906 2306 Puto
931 2273 1091 2316 equidem.
1135 2273 1194 2306 So.
1215 2272 1269 2305 An
1281 2284 1347 2305 non
1362 2275 1388 2306 si
1401 2275 1556 2307 contraria
1571 2277 1639 2309 haec

172 2335 341 2367 eorumque
356 2326 539 2358 affectiones
563 2327 698 2363 invicem
723 2333 808 2366 sunt,
824 2338 952 2360 necesse
978 2333 1027 2359 est
1040 2338 1087 2359 ea·
1103 2327 1150 2358 ita
1171 2337 1204 2359 se
1229 2328 1356 2370 habere,
1372 2331 1637 2371 quemadmodum

175 2379 291 2410 sanitas
304 2384 398 2422 atque
413 2381 559 2414 morbus?
581 2391 647 2413 non
661 2382 745 2414 enim
755 2382 868 2424 aliquis
884 2393 977 2413 sanus
990 2381 1081 2413 simul
1092 2386 1140 2413 est
1148 2386 1243 2424 atque
1253 2387 1402 2425 aegrotat:
1427 2394 1531 2427 neque
1545 2385 1639 2416 simul

173 2438 276 2466 cessat
290 2434 405 2466 sanitas
419 2439 515 2477 atque
530 2436 666 2473 morbus.
712 2436 798 2468 Cn..
822 2437 895 2475 Quo
918 2441 1011 2478 pacto
1028 2436 1131 2468 dicis?
1174 2436 1231 2473 So.
1255 2436 1431 2481 Assumpto
1446 2443 1526 2476 toto,
1539 2439 1566 2471 si
1581 2440 1639 2478 vis,

175 2497 306 2529 corpore
320 2488 364 2520 ita
377 2490 552 2522 considera.
594 2491 808 2533 AEgrotantne
833 2490 968 2534 alicujus
991 2491 1077 2523 oculi
1102 2501 1141 2523 eo
1157 2492 1277 2529 morbo,
1291 2493 1346 2535 qui
1369 2492 1467 2536 [496]
1493 2494 1641 2536 ophthal-

176 2541 240 2573 mia
253 2542 453 2574 nominatur?
497 2544 584 2578 Car..
606 2545 697 2578 Esto.
742 2546 799 2579 So.
822 2546 976 2588 Nunquid
994 2546 1086 2577 simul
1107 2546 1175 2578 sani
1198 2547 1295 2578 sunt?
1340 2547 1426 2580 Cn..
1449 2547 1537 2580 Non.
1581 2550 1640 2582 So.

177 2595 266 2634 Quid
281 2607 353 2628 vero
365 2598 492 2639 quando
507 2609 546 2630 eo
558 2600 665 2631 morbo
680 2600 751 2643 quis
772 2599 932 2643 liberatur,
947 2600 1092 2642 nunquid
1108 2605 1183 2632 tunc
1198 2601 1314 2632 sanitas
1333 2602 1494 2634 oculorum
1515 2603 1640 2635 cessat?

174 2655 211 2682 et
239 2650 366 2683 tandem
395 2651 520 2684 morbus
546 2652 638 2685 simul
666 2653 846 2696 sanitasque
873 2654 1065 2686 discedunt?
1111 2653 1199 2691 Cu..
1230 2654 1378 2687 Minime.
1431 2656 1486 2687 So.
1519 2656 1638 2689 Mirum

176 2715 326 2747 namque,
339 2710 374 2736 ut
387 2705 528 2743 arbitror,
542 2706 772 2749 absurdumque
789 2708 820 2739 id
836 2708 927 2742 foret.
972 2708 1059 2740 Car..
1082 2707 1225 2740 Nimium
1248 2709 1387 2751 quidem.
1431 2711 1488 2742 So.
1513 2711 1588 2748 Sed,
1605 2715 1640 2742 ut

177 2759 418 2801 puto,vicissim
439 2760 526 2801 capit
546 2765 581 2791 et
605 2761 722 2793 amittit
745 2767 923 2804 utrumque.
968 2763 1055 2795 Cu.
1080 2761 1256 2796 Assentior.
1301 2763 1360 2795 So.
1382 2763 1495 2795 Robur
1513 2775 1640 2807 quoque

175 2813 487 2856 imbecillitatemque
513 2813 667 2847 similiter.
712 2815 800 2847 Cn..
837 2816 931 2848 Certe
959 2816 1112 2848 similiter.
1156 2817 1212 2848 So.
1244 2817 1455 2850 velocitatem
1482 2828 1584 2849 rursus
1609 2821 1643 2849 et

177 2868 367 2899 tarditatem.
411 2867 497 2900 Cn..
520 2867 626 2900 Certe.
669 2869 727 2900 So.
750 2869 868 2901 Nonne
882 2875 914 2900 et
929 2870 1012 2901 bona
1032 2869 1278 2913 felicitatemque
1300 2872 1457 2902 ethorum
1473 2872 1640 2909 contraria,

178 2922 260 2954 mala
270 2922 418 2955 videlicet
432 2927 527 2964 atque
541 2922 704 2959 miseriam,
720 2922 856 2955 vicissim
872 2923 988 2966 accipit
1013 2930 1144 2966 utraque
1163 2930 1196 2956 et
1210 2924 1344 2957 vicissim
1366 2925 1505 2956 amittit?
1552 2926 1639 2958 CAL.

179 2974 329 3008 Omnino.
377 2976 435 3008 So.
455 2976 566 3019 Siqua
580 2986 653 3019 ergo
667 2978 868 3021 reperiamus,
882 2989 901 3010 a
926 2977 1040 3021 quibus
1064 2979 1176 3022 aliquis
1200 2980 1349 3014 liberatur
1371 2979 1461 3010 simul
1486 2983 1518 3010 et
1534 2979 1640 3016 habet,
