1846 3268
228 283 310 321 438
830 279 1095 325 PLAToms
1624 285 1695 338 [7⁶

232 384 285 416 An
301 393 365 415 non
378 383 482 415 statim
497 383 562 415 nati
578 383 712 415 vidimus
724 387 756 415 et
767 382 941 414 audivimus
951 382 1092 425 aliosque
1106 393 1213 415 sensus
1223 384 1438 416 exercuimus?
1482 384 1560 418 Sin.
1583 385 1695 419 Omni-

233 448 287 471 n0.
332 438 389 470 So.
411 437 561 481 Oportuit
575 443 691 476 autem,
709 442 743 469 ut
757 436 903 475 diximus,
917 441 991 468 ante
1005 438 1072 469 haec
1087 437 1187 479 ipsius
1212 438 1341 480 aequalis
1361 438 1522 470 scientiam
1538 439 1693 473 babuisse.

231 492 313 525 Sus.
336 491 497 536 Oportuit.
540 493 597 526 So.
622 492 846 530 Quamobrem,
872 496 908 523 ut
921 491 1055 528 videtur,
1071 501 1199 523 necesse
1222 497 1283 533 est,
1303 497 1471 535 antequam
1487 503 1695 531 nasceremur,

232 556 301 578 eam
317 547 600 589 comprehendisse.
645 547 727 579 Sus.
749 546 801 578 Sic
826 551 967 588 apparet.
1011 546 1064 577 So.
1087 545 1217 585 Nonne,
1243 547 1351 578 sicam
1374 547 1476 579 sortiti
1492 554 1565 579 ante
1580 548 1694 580 nativi-

235 605 330 632 tatem
345 601 444 643 ipsam
454 600 522 642 jam
538 601 689 632 habentes
703 600 768 631 nati
784 611 901 637 sumus,
917 600 1061 632 scivimus
1076 605 1108 632 et
1120 605 1194 632 ante
1208 605 1308 632 ortum
1319 607 1412 643 atque
1423 602 1527 633 statim
1540 602 1619 641 nati,
1629 613 1694 634 non

234 655 334 686 solum
351 654 453 697 ipsum
469 655 590 697 aequale
605 654 768 697 majusque
782 659 815 686 et
829 654 943 693 minus,
959 665 1065 686 verum
1080 655 1174 686 etiam
1189 653 1330 696 ejusdem
1345 656 1466 697 generis
1479 656 1605 688 omnia?
1629 667 1694 688 non

234 708 321 740 enim
336 709 376 740 de
393 709 506 750 aequali
522 709 620 751 magis
646 719 731 741 nunc
746 708 836 740 nobis
851 714 898 740 est
913 719 1011 742 sermo
1034 719 1127 751 quam
1153 709 1194 740 de
1208 709 1277 750 ipso
1302 709 1442 751 pulchro,
1456 711 1495 741 de
1511 711 1580 752 ipso
1597 711 1693 749 bono,

232 763 274 794 de
290 763 358 805 ipso
369 763 459 805 justo
473 769 569 806 atque
584 769 705 802 sancto,
720 769 762 802 et,
783 770 816 794 ut
830 763 915 801 dico,
927 764 967 794 de
979 763 1135 801 erunibus,
1147 763 1262 805 quibus
1271 763 1397 805 proprie
1408 764 1467 796 hoc
1479 763 1594 806 ipsum,
1604 765 1690 807 quod

230 822 291 856 est,
307 817 510 860 assignamus,
526 823 558 850 et
571 817 865 860 interrogationibus
879 817 1104 859 interrogantes
1125 823 1158 849 et
1180 817 1434 859 responsionibus
1455 818 1692 860 respondentes,

230 877 265 903 ut
280 872 487 904 necessarium
503 873 543 904 sit
565 883 634 909 nos,
650 877 816 914 autequam
833 882 1038 908 nasceremur,
1065 873 1174 903 borum
1199 871 1338 902 omnium
1360 871 1519 905 scientiam
1535 871 1692 903 habuisse.

229 926 309 958 δικ.
332 925 391 957 Est
402 923 460 959 i'ta.
504 926 560 959 So.
584 926 632 958 Ac
647 927 685 964 si,
710 927 848 968 acceptis
863 926 1012 964 scientiis,
1034 937 1099 957 non
1114 936 1236 968 semper
1257 925 1519 964 oblivisceremur,
1534 931 1693 968 oporteret

230 985 263 1012 et
279 991 349 1012 curn
365 980 440 1022 ipsis
454 980 553 1018 nasci,
568 991 689 1022 semper
703 980 798 1012 etiam
815 991 870 1022 per
883 990 1006 1011 omnem
1022 979 1116 1011 vitam
1133 980 1221 1012 scire.
1265 979 1347 1010 Nam
1364 979 1441 1011 scire
1455 978 1488 1010 id
1503 985 1563 1018 est,
1578 990 1690 1022 accep-

232 1040 294 1065 tam
309 1034 389 1066 alicu
389 1034 443 1077 jus
457 1034 504 1065 rei
518 1035 681 1067 scientiam
701 1035 833 1066 retinere
849 1045 908 1066 nec
923 1034 1073 1068 amisisse.
1096 1045 1136 1065 an
1152 1044 1215 1065 non
1231 1034 1420 1065 oblivionem
1436 1033 1575 1065 scientim
1585 1032 1692 1075 jactu-

229 1098 293 1120 ram
319 1098 387 1120 esse
402 1087 560 1120 dicimus?
603 1088 681 1121 δικ.
705 1088 756 1119 Ita
782 1099 917 1130 prorsus,
931 1098 951 1119 o
966 1088 1120 1119 Socrates.
1163 1088 1219 1120 So.
1240 1087 1295 1118 Sin
1316 1095 1419 1119 autem
1442 1091 1602 1129 acceptam
1618 1091 1692 1119 ante

229 1147 330 1174 ortum
345 1143 506 1174 scientiam
523 1142 589 1174 nati
604 1143 762 1174 amisimus
775 1154 784 1182 ;
806 1142 923 1174 deinde
939 1152 1009 1173 vero
1023 1142 1093 1173 fre-ti
1109 1141 1250 1173 sensibus
1266 1141 1346 1172 circa
1358 1141 1441 1183 ipsas
1451 1141 1597 1173 scientias
1607 1141 1690 1179 illas,

228 1207 306 1239 quas
330 1202 403 1228 ante
428 1197 646 1238 habueramus,
674 1197 859 1239 recipimus:
899 1207 1004 1228 nonne
1032 1196 1080 1238 id,
1109 1197 1194 1238 quod
1225 1195 1344 1227 discere
1371 1194 1581 1237 appellamus,
1609 1201 1693 1227 esset

226 1251 389 1283 scientiam
406 1251 558 1293 propriam
576 1261 770 1293 recuperare,
785 1256 880 1292 atque
895 1250 928 1282 id
945 1250 1117 1282 Reminisci
1133 1250 1328 1281 nominantes
1340 1254 1424 1281 recte
1437 1248 1689 1282 nominaremus?

226 1306 307 1337 Suu.
328 1305 441 1337 Recte.
485 1306 542 1337 So.
565 1305 744 1366 Fieri>enim
760 1305 792 1336 id
812 1315 901 1347 posse
917 1304 1063 1347 apparuit
1077 1316 1085 1335 ι
1109 1304 1257 1336 videlicet
1270 1308 1305 1334 ut
1319 1313 1390 1335 cum
1403 1302 1472 1345 quis
1483 1302 1601 1344 aliquid
1616 1312 1687 1334 san-

225 1359 299 1391 serit
315 1361 361 1391 vel
387 1359 463 1402 [⁷6]
485 1360 622 1391 videndo
636 1359 698 1391 'vel
722 1359 882 1391 audiendo
906 1359 954 1390 vel
977 1359 1067 1391 aliter
1089 1358 1267 1395 sentiendo,
1290 1357 1376 1390 aliud
1399 1357 1550 1400 quiddam
1566 1367 1604 1389 cx
1626 1356 1688 1389 hoo

226 1419 387 1456 agnoscat,
403 1414 494 1456 cujus
509 1419 575 1446 erat
589 1414 716 1450 oblitus,
731 1414 784 1446 cui
799 1413 926 1455 quidem
941 1414 1000 1445 hoc
1015 1412 1247 1455 quodammodo
1258 1411 1499 1454 propinquabat,
1510 1411 1575 1442 sive
1585 1409 1687 1443 simile

223 1469 258 1500 id
281 1469 321 1500 sit
345 1468 410 1500 sive
435 1468 597 1500 dissimile.
641 1468 702 1506 Ita,
728 1468 813 1509 quod
835 1467 903 1509 jam
930 1467 1050 1509 pridem
1075 1467 1158 1503 dico,
1183 1477 1201 1498 e
1226 1466 1349 1497 duobus
1371 1465 1512 1497 alterum.
1534 1467 1591 1495 aut
1602 1463 1686 1496 enim

225 1522 360 1554 scientes
375 1521 439 1552 nati
453 1532 569 1558 sumus,
585 1520 760 1563 scimusque
775 1531 830 1562 per
844 1531 967 1553 omnem
983 1522 1077 1551 vitam
1093 1530 1222 1559 omnes3
1244 1524 1310 1560 aut,
1326 1529 1404 1560 quos
1422 1517 1538 1550 deinde
1553 1516 1686 1550 dicimus

224 1576 355 1612 discere,
369 1576 523 1607 duntaxat
535 1575 774 1606 reminiscuntur
788 1585 798 1615 ς
820 1580 914 1617 atque
929 1574 1096 1615 disciplina
1111 1573 1340 1606 reminiscentia
1353 1577 1411 1604 est.
1454 1571 1533 1603 Sm-
1555 1571 1606 1603 Sic
1618 1581 1683 1602 om-

222 1630 299 1662 nino
322 1640 355 1662 se
370 1640 417 1662 res
439 1630 545 1667 habet,
560 1640 579 1661 o
594 1629 748 1661 Socrates.
793 1629 848 1661 So.
871 1628 982 1661 Utrum
998 1628 1093 1670 igitur
1106 1627 1207 1670 eligis,
1224 1638 1242 1658 o
1258 1626 1411 1658 Simmia?
1435 1625 1484 1657 vel
1499 1635 1569 1659 cum
1585 1624 1686 1659 scien-

221 1683 268 1715 tia
283 1694 340 1715 nos
355 1694 422 1715 esse
437 1689 541 1721 natos,
556 1684 604 1715 vel
620 1683 776 1716 reminisci
792 1687 913 1726 postea,
927 1693 1058 1726 quorum
1074 1682 1158 1724 prius
1173 1681 1333 1714 scientiam
1349 1679 1582 1723 acceperimus?
1605 1679 1685 1712 Sus.

222 1737 374 1779 Ambigo,
390 1742 490 1769 utrum
504 1738 537 1770 in
554 1738 732 1780 praesentia,
753 1738 907 1776 Socrates,
933 1737 1058 1779 eligam.
1103 1737 1160 1770 So.
1184 1735 1273 1774 Quid
1289 1735 1382 1767 vero?
1405 1739 1536 1776 potesne
1557 1733 1686 1776 eligere,

223 1791 301 1834 quid
317 1791 358 1824 de
371 1792 432 1823 hoc
447 1792 590 1824 videatur
603 1793 682 1824 tibi?
727 1792 784 1825 Vir
798 1792 899 1824 sciens
913 1796 1058 1834 potestne
1073 1801 1191 1828 eorum,
1207 1800 1277 1831 quae
1290 1789 1360 1827 scit,
1382 1788 1510 1820 reddere
1520 1788 1685 1825 rationem.

224 1856 266 1877 an
289 1847 420 1878 contra?
465 1846 546 1879 Sus.
569 1846 708 1879 Necesse
734 1851 794 1888 est,
820 1857 839 1878 o
866 1846 1020 1882 Socrates,
1048 1855 1151 1887 posse.
1194 1843 1250 1875 So.
1272 1842 1324 1875 An
1355 1853 1427 1874 vero
1451 1842 1511 1874 tibi
1541 1841 1685 1875 videntur

221 1910 335 1932 >omnes
357 1900 508 1933 rationem
534 1902 575 1932 de
599 1901 659 1939 his,
686 1911 757 1943 quae
781 1901 876 1932 modo
903 1901 1121 1936 tractabamus,
1147 1898 1256 1930 afferre
1270 1897 1384 1939 posse?
1430 1897 1510 1929 Sus.
1531 1895 1684 1938 Optarem

223 1954 371 1997 equidem
385 1965 393 1986 ε
422 1955 478 1987 sed
493 1955 591 1986 multo
607 1955 704 1997 magis
720 1966 837 1993 vereor,
853 1965 892 1986 ne
907 1964 974 1987 cras
989 1954 1093 1985 nullus
1108 1953 1160 1985 hic
1171 1954 1264 1984 homo
1279 1952 1331 1989 sit,
1346 1951 1402 1993 qui
1417 1961 1472 1992 pro
1481 1949 1635 1991 dignitate
1648 1949 1683 1982 id

221 2009 301 2041 sciat
330 2009 463 2042 efficere.
507 2009 563 2040 So.
587 2008 663 2040 Non
691 2009 796 2051 igitur,
819 2020 837 2040 ο
863 2008 1005 2050 Simmia,
1029 2013 1120 2050 putas
1145 2017 1253 2039 omnes
1277 2007 1336 2037 hoc
1365 2003 1560 2046 intelligere?
1604 2004 1684 2036 Sur.

223 2062 324 2094 Nullo
339 2064 445 2094 modo.
488 2063 547 2096 So.
568 2063 827 2095 Reminiscuntur
840 2074 926 2106 ergo,
941 2073 1012 2105 quae
1025 2062 1196 2105 aliquando
1210 2060 1397 2092 didicerant.
1440 2058 1521 2090 Sur.
1544 2057 1684 2091 Necesse

223 2122 282 2150 est.
327 2117 384 2150 So.
409 2118 547 2155 Quando
563 2128 636 2150 vcro
651 2123 842 2160 acceperunt
862 2118 975 2149 animas
997 2122 1109 2148 nostrae
1129 2114 1312 2148 scientiam?
1334 2113 1495 2145 nonenim
1518 2117 1683 2155 postquam

223 2172 366 2204 homines
380 2172 446 2204 nati
471 2183 589 2206 sumus.
634 2172 713 2204 Suu.
737 2172 813 2204 Non
837 2177 930 2204 certe.
973 2171 1029 2203 So.
1053 2170 1135 2212 Ergo
1160 2170 1255 2212 prius.
1300 2169 1380 2200 δικ.
1404 2167 1464 2199 Ita.
1508 2167 1564 2199 So.
1585 2166 1684 2198 Erant

224 2226 330 2269 igitur,
345 2226 486 2264 Simmia,
501 2227 613 2258 animae
628 2227 722 2258 etiam
739 2227 835 2269 prius,
851 2236 943 2268 quam
960 2226 991 2256 in
1009 2225 1173 2256 humanam
1189 2224 1325 2266 speciem
1341 2221 1538 2258 devenirent,
1546 2229 1682 2252 seorsum

225 2290 243 2311 a
256 2290 398 2322 corpore,
412 2280 717 2323 intelligentiamque
732 2281 901 2312 habebant.
945 2279 1023 2310 δικ.
1046 2278 1118 2310 Nisi
1132 2278 1222 2314 forte,
1239 2288 1258 2309 o
1273 2277 1436 2313 Socrates,
1451 2276 1527 2307 dum
1542 2285 1684 2308 nascere·

225 2345 304 2373 mur,
319 2335 405 2376 ipsas
426 2335 572 2367 scientias
596 2335 818 2376 acceperimus.
841 2344 913 2365 nam
936 2334 970 2365 id
993 2333 1087 2365 etiarn
1111 2337 1235 2374 tempus
1259 2331 1410 2372 reliquum
1425 2333 1484 2361 est.
1527 2328 1584 2362 So.
1606 2327 1684 2360 Esto

223 2389 280 2426 sic,
297 2399 315 2419 ο
332 2388 442 2421 amice.
465 2389 520 2420 sed
547 2399 683 2431 quonam
699 2389 762 2420 alio
778 2393 919 2430 tempore
941 2398 994 2419 eas
1009 2386 1190 2418 amisimus?
1213 2396 1276 2417 non
1292 2385 1374 2416 enim
1390 2384 1540 2415 habentes
1550 2383 1616 2425 jam
1631 2393 1685 2422 eas

221 2442 389 2480 nascimur,
405 2446 439 2474 ut
453 2443 548 2474 modo
564 2443 799 2476 confitebamur.
846 2442 899 2473 An
915 2442 949 2474 in
965 2442 1076 2474 eodem
1103 2441 1273 2483 perdimus,
1288 2450 1351 2482 quo
1370 2443 1404 2470 et
1416 2438 1620 2479 accepimus?
1642 2448 1684 2470 an

223 2495 309 2527 aliud
333 2501 457 2538 tempus
481 2497 590 2529 afferre
616 2498 731 2540 potes?
776 2497 854 2529 Sim.
876 2496 988 2534 Nullo,
1014 2497 1168 2533 Socrates,
1195 2495 1302 2527 modu.
1323 2495 1378 2526 scd
1403 2493 1480 2525 nihil
1508 2503 1557 2524 rne
1580 2492 1685 2524 dicere

223 2549 353 2582 minime
375 2550 585 2583 advertebam.
631 2551 686 2583 So.
710 2549 761 2582 An
777 2561 850 2592 crgo
865 2550 910 2581 sic
931 2549 1021 2581 nobis
1037 2560 1068 2581 se
1085 2559 1132 2580 res
1147 2549 1253 2586 babet,
1270 2559 1288 2580 o
1312 2548 1438 2580 Simmia
1452 2549 1464 2580 ?
1507 2548 1540 2579 Si
1556 2547 1683 2590 quidem

220 2608 295 2635 sunt
317 2613 367 2644 ea,
381 2614 451 2645 quae
481 2604 622 2646 quotidie
648 2605 864 2647 praedicamus,
886 2604 1049 2646 pulchrum
1076 2603 1196 2635 scilicet
1219 2603 1369 2645 quiddam
1393 2608 1488 2644 atque
1510 2603 1628 2634 bonum
1652 2607 1686 2634 et

221 2656 323 2690 omnis
337 2656 492 2699 ejusmodi
507 2659 655 2696 essentia,
676 2659 716 2690 ad
731 2668 826 2700 quam
838 2658 943 2689 omnia
957 2657 1098 2688 sensibus
1115 2663 1263 2699 percepta
1278 2649 1535 2698 referimus,'quae
1549 2661 1583 2688 et
1597 2655 1694 2698 prius‘

223 2715 289 2743 erat
314 2715 420 2742 nostra
445 2715 478 2742 et
500 2716 648 2754 tanquam
671 2717 805 2743 nostram
833 2716 1006 2754 quaerentes
1030 2711 1205 2742 invenimus
1229 2716 1324 2753 atque
1349 2711 1388 2742 ad
1411 2709 1510 2753 ipsius
1525 2709 1683 2753 exemplar

222 2763 382 2796 referimus
393 2775 404 2805 ;
427 2775 552 2797 necesse
567 2771 627 2808 est,
654 2766 711 2804 ita,
728 2772 763 2797 ut
778 2771 811 2798 et
833 2766 901 2808 ipsa
922 2770 1008 2803 sunt,
1029 2770 1163 2796 nostram
1180 2775 1306 2808 quoque
1328 2765 1462 2797 animam
1477 2765 1563 2807 prius
1577 2764 1684 2800 etiam,

223 2829 318 2860 quam
333 2829 541 2860 nasceremur,
555 2820 720 2851 exstitisse.
765 2820 811 2851 At
826 2820 851 2852 si
866 2821 933 2852 baec
949 2829 1011 2851 non
1028 2825 1112 2857 sunt,
1126 2819 1237 2851 frustra
1254 2819 1360 2862 utique
1376 2819 1455 2850 ratio
1470 2820 1537 2850 hac
1554 2822 1684 2850 tractata

226 2877 319 2904 esset.
364 2871 418 2904 An
435 2883 497 2904 non
513 2873 558 2904 itu
573 2884 605 2905 se
621 2874 726 2912 babet,
742 2879 836 2916 atque
852 2885 907 2916 par
922 2874 1088 2906 necessitas
1103 2878 1162 2911 est,
1173 2874 1282 2916 etipsa
1299 2884 1365 2905 esse
1377 2879 1410 2905 ct
1421 2873 1538 2904 animas
1553 2876 1686 2909 amnas,

227 2931 396 2968 antequam
411 2937 626 2959 nasceremur:
650 2933 682 2959 et
699 2928 756 2960 nisi
773 2929 840 2971 ipsa
857 2934 942 2970 sunt,
962 2938 1064 2969 neque
1084 2927 1151 2960 haze
1172 2928 1280 2970 utique
1296 2928 1391 2959 sunt?
1436 2926 1515 2958 Sua.
1537 2925 1684 2958 Mirifice.

229 2992 248 3012 o
263 2981 418 3021 Socrates,
440 2982 549 3014 eadem
566 2982 640 3015 mihi
666 2982 786 3015 videtur
801 2994 868 3015 esec
891 2985 1080 3017 necessitas:
1105 2988 1196 3025 atque
1214 2981 1417 3024 pulcherrime
1440 2981 1501 3013 buc
1527 2980 1606 3013 ratio
1629 2991 1686 3012 nos

1605 3033 1617 3045 κ
