1846 3268
277 268 357 312 144
880 274 1148 317 PLATONIS
1673 281 1746 335 [39

272 374 388 414 lacere,
402 380 497 419 atque
511 376 552 408 de
565 376 646 415 aliis,
662 377 702 409 ds
717 375 830 419 quibus
854 387 905 410 me
928 380 1072 422 quotidie
1093 380 1274 424 loquentem
1290 389 1346 412 vos
1368 379 1497 421 auditis,
1513 387 1609 425 atque
1629 383 1676 416 ita
1689 394 1742 418 mo

273 429 379 472 ipsum
398 430 539 473 aliosque
560 431 701 469 scrutari,
717 431 876 475 vitamque
900 432 1162 467 inconsideratam
1182 435 1391 477 respuendam
1415 446 1483 468 esse
1503 446 1653 478 censet-123
1674 439 1744 471 ham

274 483 371 515 etiam
386 485 486 516 multo
501 485 602 516 minus
618 485 695 517 mihi
709 487 852 518 credetis.
897 487 976 519 Haec
991 498 1078 526 vero,
1101 499 1121 519 o
1138 488 1194 519 viri
1217 489 1440 528 Athenienses,
1478 490 1525 522 ita
1544 495 1580 522 ut
1602 491 1688 530 dico,
1712 502 1745 525 se

273 534 414 579 habent3
437 539 491 570 sed
508 540 592 571 haud
608 540 701 572 facile
723 541 904 582 persuaderi
920 547 1064 584 possunt.
1108 542 1151 573 Et
1165 542 1256 573 simul
1274 553 1435 585 nunquam
1450 545 1534 576 malo
1548 543 1671 588 dignari
1692 557 1743 579 mo

273 592 435 625 consuevi.
481 593 576 630 Quod
593 593 619 625 si
635 593 710 625 mihi
727 594 830 626 forent
844 596 1000 637 pecuniae,
1020 595 1181 638 judicium
1198 597 1342 638 pecuniis
1358 597 1476 636 licerer,
1497 604 1577 641 quot
1590 609 1744 642 pensurus

272 646 393 686 forem3
420 657 523 689 neque
547 647 671 679 obesset
700 648 775 680 mihi
800 649 868 681 illas
893 650 1047 682 amittere.
1101 650 1198 683 Nune
1225 661 1299 682 vero
1328 662 1392 682 non
1414 653 1529 684 adsunt
1543 663 1552 692 ;
1574 654 1635 685 nisi
1653 654 1746 693 forte,

273 705 427 742 quantum
443 701 532 732 valeo
556 701 688 743 solvere,
715 703 793 734 tanti
814 703 959 736 aestimari
981 704 1095 736 velitis.
1118 715 1247 747 possum
1264 715 1338 736 vero
1357 706 1452 737 ferme
1475 707 1595 749 argenti
1615 707 1746 740 minam.

271 754 354 785 tanti
379 764 453 796 ergo
469 753 626 796 judicium
649 755 781 789 aestimo.
825 757 920 789 Plato
942 763 1047 790 autem
1072 758 1135 795 hio,
1163 769 1184 790 ο
1202 758 1259 790 viri
1286 758 1510 797 Athenienses,
1533 765 1566 792 et
1588 761 1688 799 Crito,
1713 769 1747 795 et

274 807 467 847 Critobulus,
483 813 515 841 et
529 808 747 852 Apollodorus
758 810 877 853 jubent
902 822 952 844 me
977 812 1105 854 triginta
1121 812 1213 843 minis
1229 812 1326 845 liceri.
1348 812 1411 855 ipsi
1427 823 1501 845 vero
1517 805 1640 846 tantum
1657 816 1747 848 vobis

267 859 453 905 'promittere
469 864 568 905 parati
592 870 676 896 sunt.
700 864 796 897 liceor
817 876 892 909 ergo
912 866 1003 899 tanti.
1028 866 1230 908 promissores
1244 877 1318 898 vero
1343 867 1463 908 argenti
1488 867 1582 910 hujus
1607 868 1641 902 hi
1656 870 1746 901 vobis

272 922 366 949 erunt
379 917 579 952 sufficientes.
624 918 698 950 Non
713 919 804 951 multi
819 921 967 962 temporis
983 921 1093 963 gratia.
1109 931 1129 951 o
1145 921 1202 952 viri
1218 920 1442 959 Athenienses,
1468 922 1655 955 criminandi
1678 934 1745 955 ma-

269 972 379 1003 teriam
397 973 572 1014 praebuistis
589 973 765 1006 volentibus
780 974 939 1006 civitatem
952 975 1140 1017 vituperare,
1157 975 1235 1017 quia
1250 974 1372 1007 scilicet
1384 976 1544 1008 Socratem
1555 977 1746 1018 occideritis,

270 1026 372 1058 virum
387 1025 572 1069 sapientem.
595 1025 703 1059 dicent
717 1029 800 1059 enim
817 1029 875 1070 illi,
890 1028 965 1061 licet
975 1039 1039 1060 non
1056 1029 1126 1066 sim,
1142 1040 1193 1060 me
1215 1029 1405 1071 sapientem,
1430 1030 1484 1071 qui
1500 1039 1555 1062 vos
1570 1031 1745 1073 vituperare

271 1080 392 1112 volent.
437 1081 470 1112 Si
485 1091 559 1124 ergo
575 1082 667 1114 breve
683 1087 807 1125 tempus
819 1083 1106 1125 exspectavissetis‚
1122 1083 1240 1125 absque
1259 1089 1359 1114 vestra
1373 1093 1467 1125 opera
1482 1093 1532 1116 me
1541 1085 1746 1127 contingebat

272 1135 362 1167 mori.
405 1135 523 1168 Videte
538 1141 663 1168 aetatem
687 1148 800 1175 meam,
823 1148 917 1180 quarn
934 1137 1042 1180 procul
1065 1137 1133 1180 jam
1158 1138 1200 1170 sit
1227 1147 1246 1169 a
1261 1138 1336 1175 vita,
1351 1138 1441 1169 morti
1457 1147 1530 1170 vero
1555 1132 1746 1182 propinqua.

270 1189 390 1231 Neque
404 1201 478 1221 vero
493 1191 561 1223 haec
576 1192 722 1223 adversus
736 1202 791 1223 vos
814 1202 923 1223 ornnes
938 1191 1022 1230 dico,
1041 1193 1096 1223 sed
1113 1193 1261 1223 adversus
1286 1202 1341 1223 eos
1356 1196 1491 1230 tantum,
1511 1193 1566 1234 qui
1581 1203 1631 1225 me
1645 1198 1745 1226 morte

273 1244 473 1276 damnarunt.
518 1244 604 1277 Dico
618 1245 712 1277 etiarn
728 1247 796 1278 haec
810 1247 850 1278 ad
873 1247 930 1278 hos
951 1246 1049 1289 ipsos.
1094 1246 1211 1278 Forsan
1228 1247 1357 1288 putatis,
1374 1256 1436 1286 me,
1449 1246 1506 1278 viri
1521 1245 1746 1291 Athenienses,

271 1298 304 1330 in
316 1298 441 1340 judicio
463 1299 638 1332 concidisse
653 1301 763 1332 talium
779 1302 940 1333 verborum
957 1300 1079 1343 inopia,
1094 1301 1209 1342 quibus
1231 1301 1339 1342 utique
1359 1300 1578 1341 persuasissem
1594 1302 1694 1340 vobis,
1717 1304 1744 1335 si

273 1353 380 1384 omnia
393 1354 542 1386 facienda
555 1355 754 1397 dicendaque
774 1354 977 1397 putavissem,
999 1355 1114 1396 quibus
1129 1365 1148 1386 a
1163 1354 1252 1386 vobis
1266 1354 1453 1387 absolverer.
1499 1354 1609 1398 Longe
1622 1366 1695 1388 vero
1710 1368 1744 1389 se

273 1417 327 1439 res
340 1407 431 1455 aliter
444 1408 559 1441 habet.'
594 1409 688 1442 Certe
703 1410 978 1452 obpaupertatem
990 1410 1157 1440 damnatus
1173 1419 1254 1446 sum,
1269 1418 1334 1439 non
1348 1409 1510 1440 verborum
1526 1410 1666 1452 quidem,
1688 1413 1744 1443 sed

273 1462 416 1495 audaciae
430 1467 525 1506 atque
544 1463 761 1506 impudentias,
776 1468 810 1496 et
823 1465 898 1507 quia
914 1463 989 1495 talia
1004 1463 1089 1506 apud
1105 1474 1161 1494 vos
1175 1462 1280 1494 dicere
1301 1462 1402 1501 nolui,
1415 1463 1521 1505 qualia
1532 1465 1623 1496 vobi·
1633 1466 1744 1498 auditu

275 1517 450 1560 gratissima
466 1518 685 1560 contigissent,
698 1519 900 1550 audientibus
916 1518 1064 1550 videlicet
1080 1529 1129 1549 me
1152 1517 1320 1549 deflentem
1345 1522 1439 1560 atque
1455 1517 1690 1558 lamentantem,
1712 1525 1748 1556 et.

274 1571 336 1604 alia
351 1572 520 1605 facientem
534 1574 634 1606 multa
648 1579 743 1616 atque
754 1573 925 1611 dicentem,
938 1578 973 1605 ut
984 1573 1062 1610 dixi,
1075 1583 1125 1604 me
1142 1571 1275 1614 indigna
1288 1583 1297 1612 3
1313 1572 1420 1614 qualia
1434 1573 1613 1615 frequenter
1621 1575 1660 1606 ab
1675 1575 1745 1607 aliis

277 1627 386 1659 audire
397 1628 614 1663 consuevistis.
659 1629 722 1661 Sed
739 1639 843 1671 neque
854 1629 894 1660 ab
904 1628 996 1660 initio
1008 1626 1130 1664 censui,
1143 1628 1268 1667 decere,
1284 1627 1326 1658 ob
1341 1627 1514 1669 periculum
1526 1626 1745 1670 devitandum,

275 1681 426 1714 illiberale
451 1681 571 1725 aliquid
587 1682 711 1723 facere5
735 1693 838 1725 neque
861 1692 946 1714 nunc
967 1691 1016 1713 me
1043 1680 1188 1723 poenitet,
1213 1681 1273 1712 hac
1298 1680 1491 1712 defensioni·
1511 1681 1632 1714 ratione
1653 1693 1743 1714 usum

273 1736 381 1769 fuisse.
405 1737 487 1768 malo
503 1738 663 1780 equidem,
675 1736 732 1768 tali
744 1737 880 1779 quadam
897 1735 1081 1768 defensione
1094 1735 1203 1774 fretus,
1225 1740 1355 1767 mortem
1371 1735 1468 1777 obire,
1483 1745 1576 1777 quam
1591 1738 1746 1770 contraria

275 1791 485 1834 supervivere.
530 1791 645 1834 Neque
661 1792 744 1824 enirn
770 1792 805 1824 in
824 1791 962 1834 judicio,
982 1800 1087 1833 neque
1110 1790 1143 1821 in
1165 1789 1261 1828 bello,
1287 1789 1363 1832 [39]
1386 1789 1438 1821 vel
1459 1790 1548 1829 mihi,
1566 1790 1617 1823 vel
1641 1791 1743 1830 alteri,

270 1846 389 1888 omnia,
404 1847 518 1889 quibus
531 1846 664 1878 vitemus
680 1851 822 1885 mortem,
851 1850 926 1878 sunt
945 1845 1103 1877 facienda.
1126 1843 1243 1876 namin
1262 1844 1377 1887 proeliis
1394 1854 1481 1887 saepe
1499 1850 1623 1877 constat
1638 1846 1744 1879 interi-

272 1905 339 1932 tum
355 1901 456 1939 vitari,
472 1901 499 1933 si
514 1902 596 1944 quis,
609 1901 741 1944 abjectis
756 1901 860 1939 armis,
877 1901 1011 1943 supplex
1026 1901 1066 1931 ad
1081 1900 1282 1942 insequentes
1298 1909 1333 1930 se
1346 1903 1518 1931 convertat.
1563 1899 1639 1932 Alia
1661 1911 1740 1943 quo-

271 1966 335 1999 que
358 1956 392 1987 in
417 1956 548 1998 singulis
574 1956 722 1999 periculis
746 1957 999 1988 machinamenta
1019 1960 1103 1993 sunt,
1125 1955 1239 1997 quibus
1266 1953 1427 1986 interitum
1454 1954 1526 1997 quis
1550 1955 1695 1998 effugiat,
1715 1956 1742 1989 ἀ

271 2021 365 2053 quem
380 2021 445 2042 non
460 2011 579 2053 pudeat
593 2011 696 2043 facere
711 2011 862 2054 quaslibet
882 2016 977 2053 atque
1006 2011 1126 2043 dicere.
1170 2009 1234 2043 Sed
1258 2009 1467 2046 considerate,
1491 2019 1510 2040 o
1525 2009 1583 2041 viri
1607 2010 1743 2042 Atheni·

270 2074 374 2103 enses,
397 2066 482 2097 haud
495 2065 526 2097 id
541 2066 670 2108 quidem
681 2065 808 2097 difficile
819 2075 898 2103 esse,
915 2069 1046 2096 mortem
1062 2064 1216 2106 effugere,
1231 2064 1285 2095 sed
1305 2061 1404 2094 multo
1421 2061 1590 2101 difficilius,
1605 2063 1742 2106 pravita-

269 2124 346 2152 tem.
368 2119 508 2152 velocius
522 2120 606 2152 euim
622 2120 676 2151 illa
689 2120 796 2161 currit,
807 2129 901 2162 quam
918 2129 1010 2151 mors.
1055 2118 1158 2161 Atqui
1177 2128 1237 2160 ego
1253 2127 1350 2155 nunc,
1360 2121 1471 2160 utpote
1481 2118 1522 2149 ob
1534 2122 1741 2157 senectutem,

267 2175 387 2206 tardior
408 2185 427 2206 a
452 2174 580 2206 tardiori
604 2181 715 2217 captus
739 2185 830 2215 sum;
853 2179 1049 2206 accusatores
1070 2179 1176 2204 autem
1200 2173 1275 2210 mei,
1306 2177 1417 2214 utpote
1429 2173 1631 2205 vehementes
1645 2178 1742 2216 atquo

268 2230 404 2267 veloces,
420 2229 460 2261 ab
473 2239 522 2267 ea,
538 2239 608 2271 quse
622 2228 760 2260 velocior
774 2233 833 2265 est,
846 2227 1009 2270 pravitate.
1056 2226 1099 2258 Et
1119 2236 1206 2258 nunc
1221 2227 1350 2268 quidem
1365 2236 1425 2268 ego
1440 2227 1521 2258 abeo
1541 2228 1708 2259 damnatus
1722 2238 1742 2259 a

269 2283 372 2321 vobis,
385 2289 514 2315 mortem
531 2283 689 2315 subiturus
706 2294 714 2318 ³
736 2282 790 2314 isti
806 2292 878 2314 vero
893 2292 912 2314 a
923 2282 1052 2313 veritate
1079 2281 1149 2323 ipsa
1163 2281 1319 2317 damnati,
1346 2281 1495 2323 pravitati
1514 2280 1740 2325 injustitioeque

269 2338 409 2370 obnoxii.
432 2342 526 2380 atque
542 2349 602 2380 ego
617 2338 744 2380 quidem
759 2347 862 2380 poenae
879 2337 1058 2379 acquiesco,
1078 2340 1110 2367 et
1124 2335 1190 2367 isti.
1237 2335 1316 2367 Haec
1340 2335 1440 2376 igitur
1455 2334 1534 2366 forte
1549 2335 1596 2366 sic
1611 2340 1740 2377 oporte-

262 2391 325 2424 >bat
338 2403 370 2424 se
387 2392 501 2424 habere
515 2403 526 2432 3
548 2392 754 2435 arbitrorque,
769 2402 807 2423 ea
821 2392 934 2423 habere
951 2402 983 2422 se
999 2390 1206 2422 mediocriter.
1255 2389 1333 2421 Post
1347 2389 1415 2421 haec
1437 2394 1542 2420 autem
1559 2390 1660 2428 vobis,
1683 2390 1739 2432 qui

215 2468 220 2473 -
266 2457 319 2478 me
334 2446 580 2484 condemnastis,
596 2446 690 2489 cupio
706 2446 858 2478 divinare.
880 2455 953 2477 nam
976 2445 1051 2477 illuc
1078 2444 1154 2475 mihi
1173 2443 1239 2486 jam
1257 2449 1443 2486 perventum
1470 2449 1531 2486 est,
1556 2443 1612 2476 ubi
1635 2444 1741 2477 solent

266 2501 412 2533 homines
427 2501 581 2538 divinare,
595 2501 722 2542 quando
737 2500 887 2532 videlicet
913 2506 986 2531 sunt
1010 2509 1109 2542 prope
1125 2504 1267 2531 mortem.
1313 2498 1458 2530 Praedico
1473 2498 1622 2540 equidem
1636 2498 1740 2536 vobis,

266 2566 287 2588 o
302 2555 361 2587 viri
373 2554 596 2596 Athenienses,
606 2555 633 2586 si
647 2565 697 2586 me
713 2554 942 2594 interfeceritis,
953 2553 1142 2596 supplicium
1159 2552 1247 2584 vobis
1263 2552 1370 2583 statim
1395 2556 1469 2594 post
1484 2557 1613 2584 mortem
1638 2562 1739 2585 meam

266 2620 334 2642 esse
350 2614 525 2647 venturum,
547 2620 584 2641 ac
608 2620 664 2651 per
688 2609 802 2642 Jovem
818 2609 918 2640 multo
934 2608 1041 2639 durius
1067 2618 1118 2644 eo,
1142 2617 1205 2649 quo
1229 2617 1279 2638 me
1294 2606 1472 2638 affeceritis.
1494 2616 1580 2639 nime
1595 2607 1678 2638 enim
1705 2606 1739 2638 id

265 2664 388 2706 egistis,
403 2669 551 2706 putantes
567 2664 696 2696 liberare
713 2675 779 2701 vos,
795 2673 857 2706 quo
870 2663 974 2695 minus
997 2662 1148 2694 rationem
1164 2662 1236 2692 vitas
1251 2665 1363 2692 vestras
1374 2661 1578 2703 redarguenti
1588 2661 1737 2703 cuiquam

263 2718 395 2750 reddere
410 2717 657 2759 compellamini.
701 2718 742 2749 Id
757 2728 829 2750 vero
844 2723 953 2751 contra
969 2716 1097 2749 omnino
1115 2714 1203 2747 vobis
1219 2715 1353 2747 accidet.
1399 2714 1480 2746 Nam
1495 2713 1599 2757 plures
1614 2714 1737 2746 futuros

263 2772 406 2815 arbitror,
433 2772 488 2814 qui
503 2783 557 2803 vos
573 2773 773 2815 redarguant,
798 2783 878 2815 quos
902 2782 961 2814 ego
983 2771 1234 2812 compesce-bam,
1257 2768 1317 2801 etsi
1332 2779 1388 2801 vos
1401 2769 1434 2801 id
1449 2778 1513 2800 non
1527 2768 1734 2801 sentiebatis:
1751 2797 1760 2802 .

263 2832 415 2869 tantoque
431 2826 476 2858 illi
492 2826 666 2859 infestiores
681 2832 784 2864 erunt,
801 2831 920 2870 quanto
948 2832 981 2858 et
1000 2826 1165 2868 juniores3
1187 2825 1324 2867 ideoque
1341 2834 1396 2855 vos
1417 2822 1540 2865 gravius
1558 2822 1590 2854 id
1616 2821 1735 2854 feretis.

264 2881 425 2919 Profecto,
438 2881 463 2913 si
480 2882 598 2924 putatis
615 2892 668 2923 per
683 2881 934 2913 interfectionem
949 2881 1111 2912 hominum
1136 2890 1154 2911 a
1169 2878 1400 2920 vituperatione
1414 2887 1469 2908 vos
1491 2876 1664 2916 absolvere,
1686 2875 1735 2907 ni-

263 2935 362 2967 mium
377 2935 534 2967 aberratis.
580 2934 656 2966 Non
679 2935 762 2967 enim
782 2940 830 2966 est
851 2935 919 2967 haec
936 2935 1077 2966 liberatio
1093 2934 1140 2965 vel
1159 2933 1262 2964 valida
1277 2933 1364 2970 satis,
1379 2931 1428 2963 vel
1444 2932 1587 2963 honesta.
1610 2930 1666 2962 sed
1682 2929 1736 2961 ins

266 2996 328 3022 tam
339 2989 499 3029 facillima,
516 3000 609 3033 quam
627 2989 748 3032 optima
764 2994 823 3027 est,
840 2999 904 3021 non
921 2990 1094 3022 disturbare
1110 2988 1238 3030 quidem
1251 2986 1341 3025 alios,
1364 2986 1419 3018 sed
1442 2995 1474 3017 se
1491 2987 1591 3027 ipsum
1607 2993 1736 3027 compa-
