<?xml version="1.0" encoding="UTF-8"?>
<!DOCTYPE html PUBLIC "-//W3C//DTD XHTML 1.0 Transitional//EN"
    "http://www.w3.org/TR/xhtml1/DTD/xhtml1-transitional.dtd">
<html xmlns="http://www.w3.org/1999/xhtml" xml:lang="en" lang="en">
 <head>
  <title>
</title>
<meta http-equiv="Content-Type" content="text/html;charset=utf-8" />
  <meta name='ocr-system' content='tesseract 3.04.00' />
  <meta name='ocr-capabilities' content='ocr_page ocr_carea ocr_par ocr_line ocrx_word'/>
</head>
<body>
  <div class='ocr_page' id='page_1' title='image "./platonisetquaeve10plat_0219.png"; bbox 0 0 1846 3268; ppageno 0'>
   <div class='ocr_carea' id='block_1_1' title="bbox 155 288 1634 347">
    <p class='ocr_par' dir='ltr' id='par_1_1' title="bbox 155 288 1634 347">
     <span class='ocr_line' id='line_1_1' title="bbox 155 288 1634 347; baseline 0 -12"><span class='ocrx_word' id='word_1_1' title='bbox 155 294 253 347; x_wconf 78' lang='grc'><strong>489]</strong></span> <span class='ocrx_word' id='word_1_2' title='bbox 768 288 1031 335; x_wconf 75' lang='lat' dir='ltr'><strong>GORGIAS.</strong></span> <span class='ocrx_word' id='word_1_3' title='bbox 1556 297 1634 336; x_wconf 78' lang='lat'>209</span> 
     </span>
    </p>
   </div>
   <div class='ocr_carea' id='block_1_2' title="bbox 147 395 1650 3031">
    <p class='ocr_par' dir='ltr' id='par_1_2' title="bbox 147 395 1650 3031">
     <span class='ocr_line' id='line_1_2' title="bbox 158 395 1650 440; baseline -0.003 -9"><span class='ocrx_word' id='word_1_4' title='bbox 158 408 275 439; x_wconf 77' lang='lat' dir='ltr'>enses;</span> <span class='ocrx_word' id='word_1_5' title='bbox 297 398 436 440; x_wconf 79' lang='lat' dir='ltr'>mihique</span> <span class='ocrx_word' id='word_1_6' title='bbox 460 402 494 429; x_wconf 66' lang='lat' dir='ltr'>es</span> <span class='ocrx_word' id='word_1_7' title='bbox 519 395 701 428; x_wconf 65' lang='lat' dir='ltr'>benevolus.</span> <span class='ocrx_word' id='word_1_8' title='bbox 723 396 809 438; x_wconf 88' lang='lat' dir='ltr'>quod</span> <span class='ocrx_word' id='word_1_9' title='bbox 836 402 900 438; x_wconf 83' lang='lat' dir='ltr'>qua</span> <span class='ocrx_word' id='word_1_10' title='bbox 924 397 1106 439; x_wconf 83' lang='lat' dir='ltr'>conjectura</span> <span class='ocrx_word' id='word_1_11' title='bbox 1129 396 1283 439; x_wconf 82' lang='lat' dir='ltr'>intelligo,</span> <span class='ocrx_word' id='word_1_12' title='bbox 1300 395 1357 429; x_wconf 80' lang='lat' dir='ltr'>{ibi</span> <span class='ocrx_word' id='word_1_13' title='bbox 1382 396 1497 430; x_wconf 81' lang='lat' dir='ltr'>dicam.</span> <span class='ocrx_word' id='word_1_14' title='bbox 1542 397 1650 430; x_wconf 21' lang='lat' dir='ltr'>Novi*</span> 
     </span>
     <span class='ocr_line' id='line_1_3' title="bbox 155 451 1629 496; baseline -0.001 -11"><span class='ocrx_word' id='word_1_15' title='bbox 155 454 316 496; x_wconf 85' lang='lat' dir='ltr'>equidem,</span> <span class='ocrx_word' id='word_1_16' title='bbox 333 464 352 484; x_wconf 92' lang='lat' dir='ltr'>o</span> <span class='ocrx_word' id='word_1_17' title='bbox 368 451 526 488; x_wconf 72' lang='lat' dir='ltr'>Callicles,</span> <span class='ocrx_word' id='word_1_18' title='bbox 542 457 678 493; x_wconf 82' lang='lat' dir='ltr'>quatuor</span> <span class='ocrx_word' id='word_1_19' title='bbox 693 459 749 482; x_wconf 87' lang='lat' dir='ltr'>vos</span> <span class='ocrx_word' id='word_1_20' title='bbox 772 451 804 481; x_wconf 89' lang='lat' dir='ltr'>in</span> <span class='ocrx_word' id='word_1_21' title='bbox 831 452 996 493; x_wconf 70' lang='lat' dir='ltr'>sapientias</span> <span class='ocrx_word' id='word_1_22' title='bbox 1020 453 1124 484; x_wconf 84' lang='lat' dir='ltr'>studio</span> <span class='ocrx_word' id='word_1_23' title='bbox 1147 452 1263 490; x_wconf 81' lang='lat' dir='ltr'>socios,</span> <span class='ocrx_word' id='word_1_24' title='bbox 1279 458 1311 484; x_wconf 85' lang='lat' dir='ltr'>te</span> <span class='ocrx_word' id='word_1_25' title='bbox 1335 452 1455 484; x_wconf 82' lang='lat' dir='ltr'>scilicet</span> <span class='ocrx_word' id='word_1_26' title='bbox 1470 457 1503 483; x_wconf 88' lang='lat' dir='ltr'>et</span> <span class='ocrx_word' id='word_1_27' title='bbox 1515 452 1629 484; x_wconf 87' lang='lat' dir='ltr'>Tisan-</span> 
     </span>
     <span class='ocr_line' id='line_1_4' title="bbox 157 503 1627 550; baseline -0.001 -11"><span class='ocrx_word' id='word_1_28' title='bbox 157 508 246 539; x_wconf 87' lang='lat' dir='ltr'>drum</span> <span class='ocrx_word' id='word_1_29' title='bbox 266 507 479 548; x_wconf 83' lang='lat' dir='ltr'>Aphidnae&#39;um</span> <span class='ocrx_word' id='word_1_30' title='bbox 506 510 538 536; x_wconf 84' lang='lat' dir='ltr'>et</span> <span class='ocrx_word' id='word_1_31' title='bbox 556 505 735 535; x_wconf 85' lang='lat' dir='ltr'>Andronem</span> <span class='ocrx_word' id='word_1_32' title='bbox 754 503 960 537; x_wconf 82' lang='lat' dir='ltr'>Androtionis</span> <span class='ocrx_word' id='word_1_33' title='bbox 986 506 1270 550; x_wconf 78' lang='lat' dir='ltr'>Nausicydemque</span> <span class='ocrx_word' id='word_1_34' title='bbox 1284 506 1507 548; x_wconf 87' lang='lat' dir='ltr'>Cholargeum.</span> <span class='ocrx_word' id='word_1_35' title='bbox 1531 512 1627 547; x_wconf 75' lang='lat' dir='ltr'>atque</span> 
     </span>
     <span class='ocr_line' id='line_1_5' title="bbox 155 558 1624 602; baseline -0.001 -10"><span class='ocrx_word' id='word_1_36' title='bbox 155 561 263 592; x_wconf 78' lang='lat' dir='ltr'>audivi</span> <span class='ocrx_word' id='word_1_37' title='bbox 281 560 463 602; x_wconf 79' lang='lat' dir='ltr'>aliquando,</span> <span class='ocrx_word' id='word_1_38' title='bbox 478 569 548 590; x_wconf 92' lang='lat' dir='ltr'>cum</span> <span class='ocrx_word' id='word_1_39' title='bbox 572 558 653 589; x_wconf 78' lang='lat' dir='ltr'>inter</span> <span class='ocrx_word' id='word_1_40' title='bbox 670 569 723 588; x_wconf 87' lang='lat' dir='ltr'>vos</span> <span class='ocrx_word' id='word_1_41' title='bbox 749 558 927 599; x_wconf 79' lang='lat' dir='ltr'>agitaretur,</span> <span class='ocrx_word' id='word_1_42' title='bbox 954 570 1118 601; x_wconf 77' lang='lat' dir='ltr'>quousque</span> <span class='ocrx_word' id='word_1_43' title='bbox 1142 559 1305 601; x_wconf 80' lang='lat' dir='ltr'>sapientiae</span> <span class='ocrx_word' id='word_1_44' title='bbox 1322 560 1513 591; x_wconf 85' lang='lat' dir='ltr'>studendum</span> <span class='ocrx_word' id='word_1_45' title='bbox 1528 560 1624 596; x_wconf 84' lang='lat' dir='ltr'>foret,</span> 
     </span>
     <span class='ocr_line' id='line_1_6' title="bbox 154 612 1626 656; baseline -0.001 -11"><span class='ocrx_word' id='word_1_46' title='bbox 154 614 311 656; x_wconf 83' lang='lat' dir='ltr'>ejusmodi</span> <span class='ocrx_word' id='word_1_47' title='bbox 327 614 413 654; x_wconf 88' lang='lat' dir='ltr'>apud</span> <span class='ocrx_word' id='word_1_48' title='bbox 429 624 483 644; x_wconf 91' lang='lat' dir='ltr'>vos</span> <span class='ocrx_word' id='word_1_49' title='bbox 504 612 614 644; x_wconf 80' lang='lat' dir='ltr'>vicisse</span> <span class='ocrx_word' id='word_1_50' title='bbox 626 612 826 644; x_wconf 86' lang='lat' dir='ltr'>sententiam.</span> <span class='ocrx_word' id='word_1_51' title='bbox 871 612 946 643; x_wconf 91' lang='lat' dir='ltr'>Non</span> <span class='ocrx_word' id='word_1_52' title='bbox 962 623 1030 644; x_wconf 83' lang='lat' dir='ltr'>esse</span> <span class='ocrx_word' id='word_1_53' title='bbox 1051 614 1091 644; x_wconf 87' lang='lat' dir='ltr'>ad</span> <span class='ocrx_word' id='word_1_54' title='bbox 1108 619 1249 645; x_wconf 79' lang='lat' dir='ltr'><strong>exactam</strong></span> <span class='ocrx_word' id='word_1_55' title='bbox 1266 613 1474 655; x_wconf 61' lang='lat' dir='ltr'>philosophias</span> <span class='ocrx_word' id='word_1_56' title='bbox 1490 614 1626 655; x_wconf 78' lang='lat' dir='ltr'>diligen-</span> 
     </span>
     <span class='ocr_line' id='line_1_7' title="bbox 154 666 1626 709; baseline 0 -10"><span class='ocrx_word' id='word_1_57' title='bbox 154 668 227 699; x_wconf 87' lang='lat' dir='ltr'>tiam</span> <span class='ocrx_word' id='word_1_58' title='bbox 243 668 511 707; x_wconf 84' lang='lat' dir='ltr'>contendendum,</span> <span class='ocrx_word' id='word_1_59' title='bbox 524 667 579 698; x_wconf 89' lang='lat' dir='ltr'>sed</span> <span class='ocrx_word' id='word_1_60' title='bbox 596 666 771 697; x_wconf 86' lang='lat' dir='ltr'>cavendum</span> <span class='ocrx_word' id='word_1_61' title='bbox 786 677 865 706; x_wconf 87' lang='lat' dir='ltr'>esse,</span> <span class='ocrx_word' id='word_1_62' title='bbox 880 677 920 698; x_wconf 93' lang='lat' dir='ltr'>ne</span> <span class='ocrx_word' id='word_1_63' title='bbox 935 667 1018 698; x_wconf 78' lang='lat' dir='ltr'>ultra</span> <span class='ocrx_word' id='word_1_64' title='bbox 1030 678 1123 709; x_wconf 79' lang='lat' dir='ltr'>quam</span> <span class='ocrx_word' id='word_1_65' title='bbox 1141 668 1254 699; x_wconf 87' lang='lat' dir='ltr'>deceat</span> <span class='ocrx_word' id='word_1_66' title='bbox 1269 668 1428 709; x_wconf 80' lang='lat' dir='ltr'>sapientes</span> <span class='ocrx_word' id='word_1_67' title='bbox 1442 668 1530 705; x_wconf 83' lang='lat' dir='ltr'>sacti,</span> <span class='ocrx_word' id='word_1_68' title='bbox 1545 668 1626 699; x_wconf 86' lang='lat' dir='ltr'>clam</span> 
     </span>
     <span class='ocr_line' id='line_1_8' title="bbox 155 720 1627 764; baseline 0.001 -12"><span class='ocrx_word' id='word_1_69' title='bbox 155 732 212 753; x_wconf 87' lang='lat' dir='ltr'>vos</span> <span class='ocrx_word' id='word_1_70' title='bbox 225 721 312 764; x_wconf 84' lang='lat' dir='ltr'>ipsos</span> <span class='ocrx_word' id='word_1_71' title='bbox 326 720 550 762; x_wconf 77' lang='lat' dir='ltr'>depravaretis.</span> <span class='ocrx_word' id='word_1_72' title='bbox 595 720 675 751; x_wconf 87' lang='lat' dir='ltr'>Cum</span> <span class='ocrx_word' id='word_1_73' title='bbox 693 720 787 761; x_wconf 86' lang='lat' dir='ltr'>igitur</span> <span class='ocrx_word' id='word_1_74' title='bbox 807 721 903 751; x_wconf 86' lang='lat' dir='ltr'>audio</span> <span class='ocrx_word' id='word_1_75' title='bbox 929 721 1012 751; x_wconf 77' lang='lat' dir='ltr'>idom</span> <span class='ocrx_word' id='word_1_76' title='bbox 1037 727 1069 753; x_wconf 90' lang='lat' dir='ltr'>te</span> <span class='ocrx_word' id='word_1_77' title='bbox 1091 721 1166 752; x_wconf 86' lang='lat' dir='ltr'>mihi</span> <span class='ocrx_word' id='word_1_78' title='bbox 1193 722 1358 752; x_wconf 89' lang='lat' dir='ltr'>consilium</span> <span class='ocrx_word' id='word_1_79' title='bbox 1385 723 1525 759; x_wconf 86' lang='lat' dir='ltr'>dantem,</span> <span class='ocrx_word' id='word_1_80' title='bbox 1541 723 1627 763; x_wconf 90' lang='lat' dir='ltr'>quod</span> 
     </span>
     <span class='ocr_line' id='line_1_9' title="bbox 154 774 1627 815; baseline 0.001 -9"><span class='ocrx_word' id='word_1_81' title='bbox 154 775 346 807; x_wconf 79' lang='lat' dir='ltr'>amicissimis</span> <span class='ocrx_word' id='word_1_82' title='bbox 362 775 422 806; x_wconf 81' lang='lat' dir='ltr'>tuis</span> <span class='ocrx_word' id='word_1_83' title='bbox 447 775 576 814; x_wconf 83' lang='lat' dir='ltr'>dedisti,</span> <span class='ocrx_word' id='word_1_84' title='bbox 603 774 759 805; x_wconf 83' lang='lat' dir='ltr'>sufficiens</span> <span class='ocrx_word' id='word_1_85' title='bbox 783 780 999 815; x_wconf 80' lang='lat' dir='ltr'>argumentum</span> <span class='ocrx_word' id='word_1_86' title='bbox 1025 780 1071 806; x_wconf 84' lang='lat' dir='ltr'>est</span> <span class='ocrx_word' id='word_1_87' title='bbox 1087 776 1151 806; x_wconf 88' lang='lat' dir='ltr'>veri</span> <span class='ocrx_word' id='word_1_88' title='bbox 1167 775 1279 806; x_wconf 84' lang='lat' dir='ltr'>amoris</span> <span class='ocrx_word' id='word_1_89' title='bbox 1295 786 1368 815; x_wconf 77' lang='lat' dir='ltr'>erga</span> <span class='ocrx_word' id='word_1_90' title='bbox 1384 786 1432 806; x_wconf 89' lang='lat' dir='ltr'>me</span> <span class='ocrx_word' id='word_1_91' title='bbox 1447 776 1504 807; x_wconf 88' lang='lat' dir='ltr'>tui.</span> <span class='ocrx_word' id='word_1_92' title='bbox 1549 776 1627 807; x_wconf 88' lang='lat' dir='ltr'>Pro-</span> 
     </span>
     <span class='ocr_line' id='line_1_10' title="bbox 154 828 1627 871; baseline 0 -11"><span class='ocrx_word' id='word_1_93' title='bbox 154 829 229 861; x_wconf 85' lang='lat' dir='ltr'>inde</span> <span class='ocrx_word' id='word_1_94' title='bbox 243 830 327 871; x_wconf 90' lang='lat' dir='ltr'>quod</span> <span class='ocrx_word' id='word_1_95' title='bbox 344 829 483 860; x_wconf 79' lang='lat' dir='ltr'>audaciae</span> <span class='ocrx_word' id='word_1_96' title='bbox 496 828 570 860; x_wconf 87' lang='lat' dir='ltr'>satis</span> <span class='ocrx_word' id='word_1_97' title='bbox 586 829 696 868; x_wconf 84' lang='lat' dir='ltr'>habes,</span> <span class='ocrx_word' id='word_1_98' title='bbox 707 839 766 860; x_wconf 90' lang='lat' dir='ltr'>nec</span> <span class='ocrx_word' id='word_1_99' title='bbox 783 834 813 859; x_wconf 88' lang='lat' dir='ltr'>te</span> <span class='ocrx_word' id='word_1_100' title='bbox 830 829 930 870; x_wconf 86' lang='lat' dir='ltr'>pudor</span> <span class='ocrx_word' id='word_1_101' title='bbox 950 829 1095 869; x_wconf 87' lang='lat' dir='ltr'>impedit,</span> <span class='ocrx_word' id='word_1_102' title='bbox 1112 835 1145 860; x_wconf 86' lang='lat' dir='ltr'>et</span> <span class='ocrx_word' id='word_1_103' title='bbox 1171 834 1205 860; x_wconf 92' lang='lat' dir='ltr'>tu</span> <span class='ocrx_word' id='word_1_104' title='bbox 1230 829 1298 871; x_wconf 86' lang='lat' dir='ltr'>ipse</span> <span class='ocrx_word' id='word_1_105' title='bbox 1315 829 1458 870; x_wconf 83' lang='lat' dir='ltr'>affirmas,</span> <span class='ocrx_word' id='word_1_106' title='bbox 1480 834 1513 860; x_wconf 80' lang='lat' dir='ltr'>et</span> <span class='ocrx_word' id='word_1_107' title='bbox 1528 830 1627 861; x_wconf 82' lang='lat' dir='ltr'>oratio</span> 
     </span>
     <span class='ocr_line' id='line_1_11' title="bbox 154 882 1626 928; baseline 0.001 -14"><span class='ocrx_word' id='word_1_108' title='bbox 154 894 247 925; x_wconf 86' lang='lat' dir='ltr'>quam</span> <span class='ocrx_word' id='word_1_109' title='bbox 265 883 358 925; x_wconf 87' lang='lat' dir='ltr'>paulo</span> <span class='ocrx_word' id='word_1_110' title='bbox 375 887 447 928; x_wconf 83' lang='lat' dir='ltr'>ante</span> <span class='ocrx_word' id='word_1_111' title='bbox 462 883 512 914; x_wconf 91' lang='lat' dir='ltr'>hic</span> <span class='ocrx_word' id='word_1_112' title='bbox 529 882 676 919; x_wconf 81' lang='lat' dir='ltr'>habuisti,</span> <span class='ocrx_word' id='word_1_113' title='bbox 702 883 757 912; x_wconf 81' lang='lat' dir='ltr'>tibi</span> <span class='ocrx_word' id='word_1_114' title='bbox 785 883 926 924; x_wconf 83' lang='lat' dir='ltr'>perhibet</span> <span class='ocrx_word' id='word_1_115' title='bbox 951 883 1177 915; x_wconf 83' lang='lat' dir='ltr'>testimonium.</span> <span class='ocrx_word' id='word_1_116' title='bbox 1223 884 1304 916; x_wconf 89' lang='lat' dir='ltr'>Cum</span> <span class='ocrx_word' id='word_1_117' title='bbox 1328 883 1396 914; x_wconf 87' lang='lat' dir='ltr'>haec</span> <span class='ocrx_word' id='word_1_118' title='bbox 1422 883 1518 925; x_wconf 85' lang='lat' dir='ltr'>igitur</span> <span class='ocrx_word' id='word_1_119' title='bbox 1532 884 1576 914; x_wconf 86' lang='lat' dir='ltr'>ita</span> <span class='ocrx_word' id='word_1_120' title='bbox 1593 895 1626 915; x_wconf 80' lang='lat' dir='ltr'>se.</span> 
     </span>
     <span class='ocr_line' id='line_1_12' title="bbox 153 935 1624 979; baseline 0 -11"><span class='ocrx_word' id='word_1_121' title='bbox 153 938 302 976; x_wconf 81' lang='lat' dir='ltr'><strong>habeant,</strong></span> <span class='ocrx_word' id='word_1_122' title='bbox 317 938 344 968; x_wconf 85' lang='lat' dir='ltr'>si</span> <span class='ocrx_word' id='word_1_123' title='bbox 359 937 433 979; x_wconf 87' lang='lat' dir='ltr'>quid</span> <span class='ocrx_word' id='word_1_124' title='bbox 451 943 484 968; x_wconf 89' lang='lat' dir='ltr'>tu</span> <span class='ocrx_word' id='word_1_125' title='bbox 501 937 576 968; x_wconf 88' lang='lat' dir='ltr'>mihi</span> <span class='ocrx_word' id='word_1_126' title='bbox 591 935 623 967; x_wconf 91' lang='lat' dir='ltr'>in</span> <span class='ocrx_word' id='word_1_127' title='bbox 640 937 833 978; x_wconf 86' lang='lat' dir='ltr'>disputando</span> <span class='ocrx_word' id='word_1_128' title='bbox 849 937 1051 974; x_wconf 82' lang='lat' dir='ltr'>concesseris,</span> <span class='ocrx_word' id='word_1_129' title='bbox 1075 937 1151 968; x_wconf 87' lang='lat' dir='ltr'>satis</span> <span class='ocrx_word' id='word_1_130' title='bbox 1170 937 1238 979; x_wconf 86' lang='lat' dir='ltr'>jam</span> <span class='ocrx_word' id='word_1_131' title='bbox 1254 937 1345 968; x_wconf 90' lang='lat' dir='ltr'>nobis</span> <span class='ocrx_word' id='word_1_132' title='bbox 1360 937 1524 979; x_wconf 84' lang='lat' dir='ltr'>probatum</span> <span class='ocrx_word' id='word_1_133' title='bbox 1541 938 1600 968; x_wconf 83' lang='lat' dir='ltr'>erit</span> <span class='ocrx_word' id='word_1_134' title='bbox 1614 948 1624 976; x_wconf 91' lang='lat'>;</span> 
     </span>
     <span class='ocr_line' id='line_1_13' title="bbox 154 990 1625 1033; baseline 0 -11"><span class='ocrx_word' id='word_1_135' title='bbox 154 1001 257 1033; x_wconf 87' lang='lat' dir='ltr'>neque</span> <span class='ocrx_word' id='word_1_136' title='bbox 273 991 430 1032; x_wconf 81' lang='lat' dir='ltr'>oportebit</span> <span class='ocrx_word' id='word_1_137' title='bbox 443 991 482 1022; x_wconf 90' lang='lat' dir='ltr'>ad</span> <span class='ocrx_word' id='word_1_138' title='bbox 496 1001 625 1022; x_wconf 85' lang='lat' dir='ltr'>examen</span> <span class='ocrx_word' id='word_1_139' title='bbox 641 991 728 1022; x_wconf 88' lang='lat' dir='ltr'>aliud</span> <span class='ocrx_word' id='word_1_140' title='bbox 744 991 775 1021; x_wconf 93' lang='lat' dir='ltr'>id</span> <span class='ocrx_word' id='word_1_141' title='bbox 801 991 913 1022; x_wconf 80' lang='lat' dir='ltr'>referre</span> <span class='ocrx_word' id='word_1_142' title='bbox 927 1002 934 1021; x_wconf 90' lang='lat'>:</span> <span class='ocrx_word' id='word_1_143' title='bbox 959 991 1099 1032; x_wconf 90' lang='lat' dir='ltr'>alioquin</span> <span class='ocrx_word' id='word_1_144' title='bbox 1124 995 1158 1022; x_wconf 85' lang='lat' dir='ltr'>tu</span> <span class='ocrx_word' id='word_1_145' title='bbox 1175 990 1250 1021; x_wconf 86' lang='lat' dir='ltr'>mihi</span> <span class='ocrx_word' id='word_1_146' title='bbox 1266 1002 1426 1033; x_wconf 89' lang='lat' dir='ltr'>nunquam</span> <span class='ocrx_word' id='word_1_147' title='bbox 1441 991 1474 1022; x_wconf 86' lang='lat' dir='ltr'>id</span> <span class='ocrx_word' id='word_1_148' title='bbox 1492 1002 1625 1023; x_wconf 86' lang='lat' dir='ltr'>conces-</span> 
     </span>
     <span class='ocr_line' id='line_1_14' title="bbox 153 1044 1627 1087; baseline 0.001 -12"><span class='ocrx_word' id='word_1_149' title='bbox 153 1045 257 1082; x_wconf 79' lang='lat' dir='ltr'>sisses,</span> <span class='ocrx_word' id='word_1_150' title='bbox 270 1045 320 1076; x_wconf 85' lang='lat' dir='ltr'>vel</span> <span class='ocrx_word' id='word_1_151' title='bbox 336 1045 498 1087; x_wconf 82' lang='lat' dir='ltr'>sapientiae</span> <span class='ocrx_word' id='word_1_152' title='bbox 514 1046 642 1077; x_wconf 82' lang='lat' dir='ltr'>defectu</span> <span class='ocrx_word' id='word_1_153' title='bbox 659 1044 708 1075; x_wconf 90' lang='lat' dir='ltr'>vel</span> <span class='ocrx_word' id='word_1_154' title='bbox 728 1045 917 1076; x_wconf 89' lang='lat' dir='ltr'>verecundia</span> <span class='ocrx_word' id='word_1_155' title='bbox 942 1045 1098 1076; x_wconf 84' lang='lat' dir='ltr'>adductus</span> <span class='ocrx_word' id='word_1_156' title='bbox 1114 1045 1163 1076; x_wconf 83' lang='lat' dir='ltr'>vel</span> <span class='ocrx_word' id='word_1_157' title='bbox 1186 1045 1366 1086; x_wconf 82' lang='lat' dir='ltr'>decipiendi</span> <span class='ocrx_word' id='word_1_158' title='bbox 1382 1055 1485 1077; x_wconf 78' lang='lat' dir='ltr'>causa.</span> <span class='ocrx_word' id='word_1_159' title='bbox 1507 1045 1627 1076; x_wconf 83' lang='lat' dir='ltr'>amicus</span> 
     </span>
     <span class='ocr_line' id='line_1_15' title="bbox 154 1097 1624 1140; baseline 0 -10"><span class='ocrx_word' id='word_1_160' title='bbox 154 1099 237 1130; x_wconf 88' lang='lat' dir='ltr'>enim</span> <span class='ocrx_word' id='word_1_161' title='bbox 254 1099 329 1130; x_wconf 80' lang='lat' dir='ltr'>mihi</span> <span class='ocrx_word' id='word_1_162' title='bbox 345 1110 392 1139; x_wconf 86' lang='lat' dir='ltr'>es,</span> <span class='ocrx_word' id='word_1_163' title='bbox 408 1105 442 1130; x_wconf 89' lang='lat' dir='ltr'>ut</span> <span class='ocrx_word' id='word_1_164' title='bbox 456 1099 526 1140; x_wconf 87' lang='lat' dir='ltr'>ipse</span> <span class='ocrx_word' id='word_1_165' title='bbox 551 1099 608 1130; x_wconf 84' lang='lat' dir='ltr'>ais.</span> <span class='ocrx_word' id='word_1_166' title='bbox 653 1097 777 1130; x_wconf 83' lang='lat' dir='ltr'>Revera</span> <span class='ocrx_word' id='word_1_167' title='bbox 793 1099 886 1140; x_wconf 83' lang='lat' dir='ltr'>igitur</span> <span class='ocrx_word' id='word_1_168' title='bbox 902 1109 971 1130; x_wconf 78' lang='lat' dir='ltr'>mea</span> <span class='ocrx_word' id='word_1_169' title='bbox 986 1103 1103 1140; x_wconf 87' lang='lat' dir='ltr'>tuaque</span> <span class='ocrx_word' id='word_1_170' title='bbox 1118 1098 1276 1131; x_wconf 85' lang='lat' dir='ltr'>confessio</span> <span class='ocrx_word' id='word_1_171' title='bbox 1293 1099 1387 1130; x_wconf 89' lang='lat' dir='ltr'>finem</span> <span class='ocrx_word' id='word_1_172' title='bbox 1398 1098 1466 1140; x_wconf 87' lang='lat' dir='ltr'>jam</span> <span class='ocrx_word' id='word_1_173' title='bbox 1481 1099 1624 1131; x_wconf 83' lang='lat' dir='ltr'>veritatis</span> 
     </span>
     <span class='ocr_line' id='line_1_16' title="bbox 156 1152 1624 1195; baseline 0.001 -12"><span class='ocrx_word' id='word_1_174' title='bbox 156 1153 296 1185; x_wconf 78' lang='lat' dir='ltr'>habebit.</span> <span class='ocrx_word' id='word_1_175' title='bbox 340 1152 460 1184; x_wconf 85' lang='lat' dir='ltr'>Harum</span> <span class='ocrx_word' id='word_1_176' title='bbox 475 1163 548 1184; x_wconf 88' lang='lat' dir='ltr'>vero</span> <span class='ocrx_word' id='word_1_177' title='bbox 563 1152 772 1184; x_wconf 78' lang='lat' dir='ltr'>consideratio</span> <span class='ocrx_word' id='word_1_178' title='bbox 789 1163 900 1190; x_wconf 86' lang='lat' dir='ltr'>rerum,</span> <span class='ocrx_word' id='word_1_179' title='bbox 916 1152 948 1183; x_wconf 90' lang='lat' dir='ltr'>in</span> <span class='ocrx_word' id='word_1_180' title='bbox 965 1153 1078 1195; x_wconf 86' lang='lat' dir='ltr'>quibus</span> <span class='ocrx_word' id='word_1_181' title='bbox 1094 1163 1143 1184; x_wconf 91' lang='lat' dir='ltr'>me</span> <span class='ocrx_word' id='word_1_182' title='bbox 1169 1152 1241 1194; x_wconf 86' lang='lat' dir='ltr'>ipse</span> <span class='ocrx_word' id='word_1_183' title='bbox 1262 1153 1453 1195; x_wconf 83' lang='lat' dir='ltr'>corripuisti,</span> <span class='ocrx_word' id='word_1_184' title='bbox 1470 1153 1624 1190; x_wconf 82' lang='lat' dir='ltr'>omnium,</span> 
     </span>
     <span class='ocr_line' id='line_1_17' title="bbox 155 1206 1622 1249; baseline 0.001 -12"><span class='ocrx_word' id='word_1_185' title='bbox 155 1218 174 1237; x_wconf 93' lang='lat' dir='ltr'>o</span> <span class='ocrx_word' id='word_1_186' title='bbox 190 1206 350 1242; x_wconf 79' lang='lat' dir='ltr'>Callicles,</span> <span class='ocrx_word' id='word_1_187' title='bbox 364 1207 569 1248; x_wconf 87' lang='lat' dir='ltr'>pulcherrima</span> <span class='ocrx_word' id='word_1_188' title='bbox 584 1212 644 1247; x_wconf 81' lang='lat' dir='ltr'>est,</span> <span class='ocrx_word' id='word_1_189' title='bbox 661 1207 796 1245; x_wconf 86' lang='lat' dir='ltr'>Qualem</span> <span class='ocrx_word' id='word_1_190' title='bbox 812 1218 880 1239; x_wconf 76' lang='lat' dir='ltr'>esse</span> <span class='ocrx_word' id='word_1_191' title='bbox 896 1207 995 1238; x_wconf 89' lang='lat' dir='ltr'>virum</span> <span class='ocrx_word' id='word_1_192' title='bbox 1011 1207 1123 1238; x_wconf 87' lang='lat' dir='ltr'>deceat</span> <span class='ocrx_word' id='word_1_193' title='bbox 1138 1218 1148 1246; x_wconf 83' lang='lat'><em>3</em></span> <span class='ocrx_word' id='word_1_194' title='bbox 1170 1207 1310 1249; x_wconf 89' lang='lat' dir='ltr'>quidque</span> <span class='ocrx_word' id='word_1_195' title='bbox 1325 1212 1358 1238; x_wconf 91' lang='lat' dir='ltr'>et</span> <span class='ocrx_word' id='word_1_196' title='bbox 1380 1218 1543 1249; x_wconf 86' lang='lat' dir='ltr'>quousque</span> <span class='ocrx_word' id='word_1_197' title='bbox 1558 1212 1622 1238; x_wconf 83' lang='lat' dir='ltr'>tarn</span> 
     </span>
     <span class='ocr_line' id='line_1_18' title="bbox 155 1260 1624 1303; baseline 0.001 -13"><span class='ocrx_word' id='word_1_198' title='bbox 155 1260 189 1291; x_wconf 86' lang='lat' dir='ltr'>in</span> <span class='ocrx_word' id='word_1_199' title='bbox 211 1260 379 1302; x_wconf 84' lang='lat' dir='ltr'>juventute</span> <span class='ocrx_word' id='word_1_200' title='bbox 404 1260 500 1303; x_wconf 86' lang='grc'>[488]</span> <span class='ocrx_word' id='word_1_201' title='bbox 525 1271 618 1303; x_wconf 88' lang='lat' dir='ltr'>quam</span> <span class='ocrx_word' id='word_1_202' title='bbox 642 1261 676 1292; x_wconf 89' lang='lat' dir='ltr'>in</span> <span class='ocrx_word' id='word_1_203' title='bbox 701 1266 862 1292; x_wconf 85' lang='lat' dir='ltr'>senectute</span> <span class='ocrx_word' id='word_1_204' title='bbox 889 1271 1029 1292; x_wconf 87' lang='lat' dir='ltr'>exercere</span> <span class='ocrx_word' id='word_1_205' title='bbox 1055 1260 1234 1292; x_wconf 85' lang='lat' dir='ltr'>conveniat.</span> <span class='ocrx_word' id='word_1_206' title='bbox 1279 1260 1349 1302; x_wconf 89' lang='lat' dir='ltr'>Ego</span> <span class='ocrx_word' id='word_1_207' title='bbox 1363 1271 1436 1292; x_wconf 87' lang='lat' dir='ltr'>vero</span> <span class='ocrx_word' id='word_1_208' title='bbox 1459 1261 1484 1292; x_wconf 88' lang='lat' dir='ltr'>si</span> <span class='ocrx_word' id='word_1_209' title='bbox 1499 1261 1575 1302; x_wconf 92' lang='lat' dir='ltr'>quid</span> <span class='ocrx_word' id='word_1_210' title='bbox 1590 1261 1624 1292; x_wconf 90' lang='lat' dir='ltr'>in</span> 
     </span>
     <span class='ocr_line' id='line_1_19' title="bbox 154 1314 1624 1358; baseline 0 -13"><span class='ocrx_word' id='word_1_211' title='bbox 154 1314 219 1345; x_wconf 86' lang='lat' dir='ltr'>vita</span> <span class='ocrx_word' id='word_1_212' title='bbox 234 1325 302 1346; x_wconf 88' lang='lat' dir='ltr'>mea</span> <span class='ocrx_word' id='word_1_213' title='bbox 316 1315 418 1345; x_wconf 89' lang='lat' dir='ltr'>minus</span> <span class='ocrx_word' id='word_1_214' title='bbox 434 1321 516 1346; x_wconf 82' lang='lat' dir='ltr'>recte</span> <span class='ocrx_word' id='word_1_215' title='bbox 533 1326 605 1358; x_wconf 84' lang='lat' dir='ltr'>ag0,</span> <span class='ocrx_word' id='word_1_216' title='bbox 622 1320 739 1347; x_wconf 81' lang='lat' dir='ltr'>certum</span> <span class='ocrx_word' id='word_1_217' title='bbox 755 1315 869 1346; x_wconf 87' lang='lat' dir='ltr'>habeto</span> <span class='ocrx_word' id='word_1_218' title='bbox 893 1325 942 1346; x_wconf 89' lang='lat' dir='ltr'>me</span> <span class='ocrx_word' id='word_1_219' title='bbox 967 1325 1030 1346; x_wconf 89' lang='lat' dir='ltr'>non</span> <span class='ocrx_word' id='word_1_220' title='bbox 1051 1320 1166 1357; x_wconf 81' lang='lat' dir='ltr'>sponte</span> <span class='ocrx_word' id='word_1_221' title='bbox 1190 1325 1271 1352; x_wconf 82' lang='lat' dir='ltr'>mea,</span> <span class='ocrx_word' id='word_1_222' title='bbox 1288 1315 1343 1346; x_wconf 88' lang='lat' dir='ltr'>sed</span> <span class='ocrx_word' id='word_1_223' title='bbox 1370 1315 1494 1346; x_wconf 83' lang='lat' dir='ltr'>inscitia</span> <span class='ocrx_word' id='word_1_224' title='bbox 1518 1314 1624 1356; x_wconf 85' lang='lat' dir='ltr'>potius</span> 
     </span>
     <span class='ocr_line' id='line_1_20' title="bbox 154 1367 1624 1411; baseline 0 -12"><span class='ocrx_word' id='word_1_225' title='bbox 154 1369 303 1399; x_wconf 82' lang='lat' dir='ltr'>aberrare.</span> <span class='ocrx_word' id='word_1_226' title='bbox 348 1368 559 1406; x_wconf 86' lang='lat' dir='ltr'>Quamobrem</span> <span class='ocrx_word' id='word_1_227' title='bbox 577 1373 623 1406; x_wconf 84' lang='lat' dir='ltr'>tu,</span> <span class='ocrx_word' id='word_1_228' title='bbox 638 1369 903 1411; x_wconf 84' lang='lat' dir='ltr'>quemadmodum</span> <span class='ocrx_word' id='word_1_229' title='bbox 920 1369 1088 1401; x_wconf 84' lang='lat' dir='ltr'>admonere</span> <span class='ocrx_word' id='word_1_230' title='bbox 1104 1369 1240 1411; x_wconf 83' lang='lat' dir='ltr'>coepisti,</span> <span class='ocrx_word' id='word_1_231' title='bbox 1257 1379 1353 1411; x_wconf 86' lang='lat' dir='ltr'>perge</span> <span class='ocrx_word' id='word_1_232' title='bbox 1375 1379 1496 1411; x_wconf 81' lang='lat' dir='ltr'>quaeso,</span> <span class='ocrx_word' id='word_1_233' title='bbox 1512 1367 1624 1410; x_wconf 82' lang='lat' dir='ltr'>plane—</span> 
     </span>
     <span class='ocr_line' id='line_1_21' title="bbox 154 1421 1622 1465; baseline 0 -13"><span class='ocrx_word' id='word_1_234' title='bbox 154 1432 215 1464; x_wconf 85' lang='lat' dir='ltr'>que</span> <span class='ocrx_word' id='word_1_235' title='bbox 232 1421 307 1453; x_wconf 84' lang='lat' dir='ltr'>mihi</span> <span class='ocrx_word' id='word_1_236' title='bbox 322 1422 500 1453; x_wconf 81' lang='lat' dir='ltr'>demonstra</span> <span class='ocrx_word' id='word_1_237' title='bbox 514 1423 663 1464; x_wconf 86' lang='lat' dir='ltr'>quidnam</span> <span class='ocrx_word' id='word_1_238' title='bbox 680 1428 728 1454; x_wconf 90' lang='lat' dir='ltr'>est</span> <span class='ocrx_word' id='word_1_239' title='bbox 743 1423 840 1464; x_wconf 86' lang='lat' dir='ltr'>istud,</span> <span class='ocrx_word' id='word_1_240' title='bbox 857 1423 943 1464; x_wconf 93' lang='lat' dir='ltr'>quod</span> <span class='ocrx_word' id='word_1_241' title='bbox 958 1423 1035 1454; x_wconf 89' lang='lat' dir='ltr'>mihi</span> <span class='ocrx_word' id='word_1_242' title='bbox 1051 1424 1255 1465; x_wconf 86' lang='lat' dir='ltr'>quaerendum</span> <span class='ocrx_word' id='word_1_243' title='bbox 1272 1428 1332 1461; x_wconf 84' lang='lat' dir='ltr'>est,</span> <span class='ocrx_word' id='word_1_244' title='bbox 1347 1428 1380 1454; x_wconf 90' lang='lat' dir='ltr'>et</span> <span class='ocrx_word' id='word_1_245' title='bbox 1395 1433 1459 1464; x_wconf 83' lang='lat' dir='ltr'>qua</span> <span class='ocrx_word' id='word_1_246' title='bbox 1471 1423 1524 1454; x_wconf 84' lang='lat' dir='ltr'>via</span> <span class='ocrx_word' id='word_1_247' title='bbox 1544 1433 1622 1454; x_wconf 87' lang='lat' dir='ltr'>con-</span> 
     </span>
     <span class='ocr_line' id='line_1_22' title="bbox 156 1468 1625 1519; baseline 0 -12"><span class='ocrx_word' id='word_1_248' title='bbox 156 1468 246 1518; x_wconf 81' lang='lat' dir='ltr'>sequi</span> <span class='ocrx_word' id='word_1_249' title='bbox 262 1476 393 1509; x_wconf 84' lang='lat' dir='ltr'>valeam.</span> <span class='ocrx_word' id='word_1_250' title='bbox 440 1476 537 1514; x_wconf 87' lang='lat' dir='ltr'>Quod</span> <span class='ocrx_word' id='word_1_251' title='bbox 553 1477 576 1507; x_wconf 86' lang='lat' dir='ltr'>si</span> <span class='ocrx_word' id='word_1_252' title='bbox 593 1487 643 1508; x_wconf 87' lang='lat' dir='ltr'>me</span> <span class='ocrx_word' id='word_1_253' title='bbox 657 1477 906 1508; x_wconf 79' lang='lat' dir='ltr'>consentientem</span> <span class='ocrx_word' id='word_1_254' title='bbox 929 1477 986 1508; x_wconf 87' lang='lat' dir='ltr'>tibi</span> <span class='ocrx_word' id='word_1_255' title='bbox 1008 1487 1093 1509; x_wconf 92' lang='lat' dir='ltr'>nunc</span> <span class='ocrx_word' id='word_1_256' title='bbox 1114 1477 1254 1514; x_wconf 84' lang='lat' dir='ltr'>habebis,</span> <span class='ocrx_word' id='word_1_257' title='bbox 1271 1481 1381 1519; x_wconf 85' lang='lat' dir='ltr'>postea</span> <span class='ocrx_word' id='word_1_258' title='bbox 1396 1487 1468 1508; x_wconf 87' lang='lat' dir='ltr'>vero</span> <span class='ocrx_word' id='word_1_259' title='bbox 1483 1487 1554 1519; x_wconf 84' lang='lat' dir='ltr'>quae</span> <span class='ocrx_word' id='word_1_260' title='bbox 1574 1487 1625 1507; x_wconf 87' lang='lat' dir='ltr'>as-</span> 
     </span>
     <span class='ocr_line' id='line_1_23' title="bbox 153 1531 1623 1574; baseline 0 -13"><span class='ocrx_word' id='word_1_261' title='bbox 153 1540 261 1562; x_wconf 81' lang='lat' dir='ltr'>sensus</span> <span class='ocrx_word' id='word_1_262' title='bbox 285 1531 409 1571; x_wconf 83' lang='lat' dir='ltr'>suerim,</span> <span class='ocrx_word' id='word_1_263' title='bbox 433 1531 536 1562; x_wconf 88' lang='lat' dir='ltr'>minus</span> <span class='ocrx_word' id='word_1_264' title='bbox 563 1536 708 1573; x_wconf 83' lang='lat' dir='ltr'>praestare</span> <span class='ocrx_word' id='word_1_265' title='bbox 730 1532 960 1574; x_wconf 78' lang='lat' dir='ltr'>deprehendas,</span> <span class='ocrx_word' id='word_1_266' title='bbox 988 1533 1150 1563; x_wconf 87' lang='lat' dir='ltr'>socordem</span> <span class='ocrx_word' id='word_1_267' title='bbox 1179 1531 1308 1563; x_wconf 88' lang='lat' dir='ltr'>omnino</span> <span class='ocrx_word' id='word_1_268' title='bbox 1334 1531 1544 1573; x_wconf 88' lang='lat' dir='ltr'>ignavumque</span> <span class='ocrx_word' id='word_1_269' title='bbox 1572 1540 1623 1561; x_wconf 85' lang='lat' dir='ltr'>me</span> 
     </span>
     <span class='ocr_line' id='line_1_24' title="bbox 152 1585 1624 1628; baseline 0 -12"><span class='ocrx_word' id='word_1_270' title='bbox 152 1589 276 1628; x_wconf 85' lang='lat' dir='ltr'>putato,</span> <span class='ocrx_word' id='word_1_271' title='bbox 291 1595 394 1628; x_wconf 88' lang='lat' dir='ltr'>neque</span> <span class='ocrx_word' id='word_1_272' title='bbox 411 1585 539 1617; x_wconf 88' lang='lat' dir='ltr'>ulterius</span> <span class='ocrx_word' id='word_1_273' title='bbox 555 1586 586 1617; x_wconf 89' lang='lat' dir='ltr'>in</span> <span class='ocrx_word' id='word_1_274' title='bbox 602 1597 651 1617; x_wconf 90' lang='lat' dir='ltr'>me</span> <span class='ocrx_word' id='word_1_275' title='bbox 665 1586 701 1616; x_wconf 89' lang='lat' dir='ltr'>in</span> <span class='ocrx_word' id='word_1_276' title='bbox 717 1587 938 1623; x_wconf 84' lang='lat' dir='ltr'>ammonendo,</span> <span class='ocrx_word' id='word_1_277' title='bbox 957 1587 1047 1628; x_wconf 87' lang='lat' dir='ltr'>quasi</span> <span class='ocrx_word' id='word_1_278' title='bbox 1061 1586 1190 1617; x_wconf 88' lang='lat' dir='ltr'>omnino</span> <span class='ocrx_word' id='word_1_279' title='bbox 1208 1586 1344 1628; x_wconf 80' lang='lat' dir='ltr'>perdito,</span> <span class='ocrx_word' id='word_1_280' title='bbox 1360 1596 1486 1627; x_wconf 82' lang='lat' dir='ltr'>operam</span> <span class='ocrx_word' id='word_1_281' title='bbox 1499 1585 1624 1627; x_wconf 84' lang='lat' dir='ltr'>perdas.</span> 
     </span>
     <span class='ocr_line' id='line_1_25' title="bbox 154 1638 1620 1682; baseline -0.001 -12"><span class='ocrx_word' id='word_1_282' title='bbox 154 1639 294 1671; x_wconf 87' lang='lat' dir='ltr'>Resume</span> <span class='ocrx_word' id='word_1_283' title='bbox 310 1650 381 1671; x_wconf 89' lang='lat' dir='ltr'>vero</span> <span class='ocrx_word' id='word_1_284' title='bbox 396 1639 473 1671; x_wconf 84' lang='lat' dir='ltr'>mihi</span> <span class='ocrx_word' id='word_1_285' title='bbox 488 1640 528 1671; x_wconf 81' lang='lat' dir='ltr'>ab</span> <span class='ocrx_word' id='word_1_286' title='bbox 544 1640 646 1676; x_wconf 89' lang='lat' dir='ltr'>initio,</span> <span class='ocrx_word' id='word_1_287' title='bbox 662 1640 926 1682; x_wconf 81' lang='lat' dir='ltr'>quemadmodum</span> <span class='ocrx_word' id='word_1_288' title='bbox 952 1645 987 1671; x_wconf 85' lang='lat' dir='ltr'>tu</span> <span class='ocrx_word' id='word_1_289' title='bbox 1011 1645 1043 1671; x_wconf 88' lang='lat' dir='ltr'>et</span> <span class='ocrx_word' id='word_1_290' title='bbox 1068 1639 1223 1671; x_wconf 86' lang='lat' dir='ltr'>Pindarus</span> <span class='ocrx_word' id='word_1_291' title='bbox 1249 1639 1400 1671; x_wconf 86' lang='lat' dir='ltr'>dicebatis</span> <span class='ocrx_word' id='word_1_292' title='bbox 1414 1651 1427 1670; x_wconf 51' lang='lat'>=¹</span> <span class='ocrx_word' id='word_1_293' title='bbox 1445 1638 1465 1670; x_wconf 91' lang='lat' dir='ltr'>J</span> <span class='ocrx_word' id='word_1_294' title='bbox 1469 1645 1570 1670; x_wconf 82' lang='lat' dir='ltr'>ustum</span> <span class='ocrx_word' id='word_1_295' title='bbox 1585 1638 1620 1669; x_wconf 87' lang='lat' dir='ltr'>id</span> 
     </span>
     <span class='ocr_line' id='line_1_26' title="bbox 153 1692 1622 1736; baseline -0.001 -12"><span class='ocrx_word' id='word_1_296' title='bbox 153 1703 221 1725; x_wconf 83' lang='lat' dir='ltr'>esse</span> <span class='ocrx_word' id='word_1_297' title='bbox 235 1698 357 1730; x_wconf 83' lang='lat' dir='ltr'>natura,</span> <span class='ocrx_word' id='word_1_298' title='bbox 373 1693 581 1735; x_wconf 86' lang='lat' dir='ltr'>potentiorem</span> <span class='ocrx_word' id='word_1_299' title='bbox 608 1704 663 1735; x_wconf 87' lang='lat' dir='ltr'>per</span> <span class='ocrx_word' id='word_1_300' title='bbox 678 1694 739 1724; x_wconf 91' lang='lat' dir='ltr'>vim</span> <span class='ocrx_word' id='word_1_301' title='bbox 766 1694 886 1725; x_wconf 83' lang='lat' dir='ltr'>auferre</span> <span class='ocrx_word' id='word_1_302' title='bbox 909 1705 948 1725; x_wconf 92' lang='lat' dir='ltr'>ea</span> <span class='ocrx_word' id='word_1_303' title='bbox 973 1704 1045 1736; x_wconf 69' lang='lat' dir='ltr'>quas</span> <span class='ocrx_word' id='word_1_304' title='bbox 1068 1693 1304 1726; x_wconf 88' lang='lat' dir='ltr'>imbecilliorum</span> <span class='ocrx_word' id='word_1_305' title='bbox 1319 1698 1403 1730; x_wconf 84' lang='lat' dir='ltr'>sunt,</span> <span class='ocrx_word' id='word_1_306' title='bbox 1419 1698 1451 1725; x_wconf 89' lang='lat' dir='ltr'>et</span> <span class='ocrx_word' id='word_1_307' title='bbox 1466 1692 1622 1724; x_wconf 84' lang='lat' dir='ltr'>dominari</span> 
     </span>
     <span class='ocr_line' id='line_1_27' title="bbox 154 1746 1619 1790; baseline 0.002 -13"><span class='ocrx_word' id='word_1_308' title='bbox 154 1747 313 1778; x_wconf 82' lang='lat' dir='ltr'>meliorem</span> <span class='ocrx_word' id='word_1_309' title='bbox 328 1747 486 1786; x_wconf 88' lang='lat' dir='ltr'>deteriori,</span> <span class='ocrx_word' id='word_1_310' title='bbox 502 1747 635 1789; x_wconf 89' lang='lat' dir='ltr'>plusque</span> <span class='ocrx_word' id='word_1_311' title='bbox 662 1748 775 1779; x_wconf 88' lang='lat' dir='ltr'>habere</span> <span class='ocrx_word' id='word_1_312' title='bbox 802 1758 873 1779; x_wconf 91' lang='lat' dir='ltr'>eum</span> <span class='ocrx_word' id='word_1_313' title='bbox 893 1748 949 1790; x_wconf 90' lang='lat' dir='ltr'>qui</span> <span class='ocrx_word' id='word_1_314' title='bbox 971 1748 1167 1789; x_wconf 75' lang='lat' dir='ltr'>praestantior</span> <span class='ocrx_word' id='word_1_315' title='bbox 1190 1747 1242 1789; x_wconf 80' lang='lat' dir='ltr'>sit,</span> <span class='ocrx_word' id='word_1_316' title='bbox 1257 1758 1350 1789; x_wconf 90' lang='lat' dir='ltr'>quam</span> <span class='ocrx_word' id='word_1_317' title='bbox 1373 1747 1428 1789; x_wconf 94' lang='lat' dir='ltr'>qui</span> <span class='ocrx_word' id='word_1_318' title='bbox 1452 1746 1619 1789; x_wconf 84' lang='lat' dir='ltr'>abjectior.</span> 
     </span>
     <span class='ocr_line' id='line_1_28' title="bbox 154 1801 1621 1844; baseline -0.001 -12"><span class='ocrx_word' id='word_1_319' title='bbox 154 1801 310 1844; x_wconf 88' lang='lat' dir='ltr'>Nunquid</span> <span class='ocrx_word' id='word_1_320' title='bbox 326 1801 411 1832; x_wconf 85' lang='lat' dir='ltr'>aliud</span> <span class='ocrx_word' id='word_1_321' title='bbox 428 1801 506 1833; x_wconf 89' lang='lat' dir='ltr'>dicis</span> <span class='ocrx_word' id='word_1_322' title='bbox 522 1812 590 1833; x_wconf 88' lang='lat' dir='ltr'>esse</span> <span class='ocrx_word' id='word_1_323' title='bbox 602 1801 722 1844; x_wconf 89' lang='lat' dir='ltr'>justum</span> <span class='ocrx_word' id='word_1_324' title='bbox 738 1802 748 1832; x_wconf 93' lang='lat'>?</span> <span class='ocrx_word' id='word_1_325' title='bbox 773 1812 812 1832; x_wconf 90' lang='lat' dir='ltr'>an</span> <span class='ocrx_word' id='word_1_326' title='bbox 827 1808 911 1834; x_wconf 82' lang='lat' dir='ltr'>recte</span> <span class='ocrx_word' id='word_1_327' title='bbox 927 1802 1078 1833; x_wconf 86' lang='lat' dir='ltr'>memini?</span> <span class='ocrx_word' id='word_1_328' title='bbox 1124 1801 1208 1833; x_wconf 75' lang='lat' dir='ltr'><strong>CAL.</strong></span> <span class='ocrx_word' id='word_1_329' title='bbox 1232 1801 1311 1833; x_wconf 85' lang='lat' dir='ltr'>Haec</span> <span class='ocrx_word' id='word_1_330' title='bbox 1325 1806 1358 1832; x_wconf 86' lang='lat' dir='ltr'>et</span> <span class='ocrx_word' id='word_1_331' title='bbox 1385 1806 1460 1832; x_wconf 87' lang='lat' dir='ltr'>tunc</span> <span class='ocrx_word' id='word_1_332' title='bbox 1477 1801 1621 1832; x_wconf 80' lang='lat' dir='ltr'>dicebam</span> 
     </span>
     <span class='ocr_line' id='line_1_29' title="bbox 153 1851 1621 1897; baseline 0 -11"><span class='ocrx_word' id='word_1_333' title='bbox 153 1860 186 1886; x_wconf 87' lang='lat' dir='ltr'>et</span> <span class='ocrx_word' id='word_1_334' title='bbox 200 1865 285 1886; x_wconf 90' lang='lat' dir='ltr'>nunc</span> <span class='ocrx_word' id='word_1_335' title='bbox 299 1855 383 1888; x_wconf 87' lang='lat' dir='ltr'>dico.</span> <span class='ocrx_word' id='word_1_336' title='bbox 427 1855 483 1887; x_wconf 87' lang='lat' dir='ltr'>So.</span> <span class='ocrx_word' id='word_1_337' title='bbox 511 1855 620 1886; x_wconf 87' lang='lat' dir='ltr'>Utrum</span> <span class='ocrx_word' id='word_1_338' title='bbox 632 1866 705 1886; x_wconf 87' lang='lat' dir='ltr'>vero</span> <span class='ocrx_word' id='word_1_339' title='bbox 721 1856 878 1887; x_wconf 87' lang='lat' dir='ltr'>meliorem</span> <span class='ocrx_word' id='word_1_340' title='bbox 893 1851 985 1887; x_wconf 81' lang='lat' dir='ltr'>vocas</span> <span class='ocrx_word' id='word_1_341' title='bbox 1000 1856 1135 1887; x_wconf 91' lang='lat' dir='ltr'>eundem</span> <span class='ocrx_word' id='word_1_342' title='bbox 1151 1861 1245 1897; x_wconf 86' lang='lat' dir='ltr'>atque</span> <span class='ocrx_word' id='word_1_343' title='bbox 1261 1855 1492 1897; x_wconf 84' lang='lat' dir='ltr'>potentiorem?</span> <span class='ocrx_word' id='word_1_344' title='bbox 1516 1865 1621 1896; x_wconf 84' lang='lat' dir='ltr'>neque</span> 
     </span>
     <span class='ocr_line' id='line_1_30' title="bbox 152 1908 1620 1951; baseline 0.001 -12"><span class='ocrx_word' id='word_1_345' title='bbox 152 1908 236 1940; x_wconf 90' lang='lat' dir='ltr'>enim</span> <span class='ocrx_word' id='word_1_346' title='bbox 253 1913 328 1940; x_wconf 90' lang='lat' dir='ltr'>tunc</span> <span class='ocrx_word' id='word_1_347' title='bbox 343 1909 448 1951; x_wconf 89' lang='lat' dir='ltr'>plane,</span> <span class='ocrx_word' id='word_1_348' title='bbox 465 1909 541 1951; x_wconf 89' lang='lat' dir='ltr'>quid</span> <span class='ocrx_word' id='word_1_349' title='bbox 558 1909 691 1946; x_wconf 83' lang='lat' dir='ltr'>diceres,</span> <span class='ocrx_word' id='word_1_350' title='bbox 707 1910 881 1951; x_wconf 89' lang='lat' dir='ltr'>intelligere</span> <span class='ocrx_word' id='word_1_351' title='bbox 901 1910 1001 1951; x_wconf 86' lang='lat' dir='ltr'>potui.</span> <span class='ocrx_word' id='word_1_352' title='bbox 1047 1909 1133 1941; x_wconf 91' lang='lat' dir='ltr'>Num</span> <span class='ocrx_word' id='word_1_353' title='bbox 1151 1909 1316 1941; x_wconf 79' lang='lat' dir='ltr'>validiores</span> <span class='ocrx_word' id='word_1_354' title='bbox 1341 1909 1483 1951; x_wconf 84' lang='lat' dir='ltr'>appellas</span> <span class='ocrx_word' id='word_1_355' title='bbox 1506 1914 1620 1951; x_wconf 89' lang='lat' dir='ltr'>poten-</span> 
     </span>
     <span class='ocr_line' id='line_1_31' title="bbox 153 1963 1622 2005; baseline 0 -12"><span class='ocrx_word' id='word_1_356' title='bbox 153 1963 268 1994; x_wconf 86' lang='lat' dir='ltr'>tiores:</span> <span class='ocrx_word' id='word_1_357' title='bbox 293 1968 480 2005; x_wconf 86' lang='lat' dir='ltr'>oportetque</span> <span class='ocrx_word' id='word_1_358' title='bbox 503 1963 704 1994; x_wconf 86' lang='lat' dir='ltr'>validioribus</span> <span class='ocrx_word' id='word_1_359' title='bbox 730 1964 915 1995; x_wconf 82' lang='lat' dir='ltr'>infirmiores</span> <span class='ocrx_word' id='word_1_360' title='bbox 942 1964 1182 2005; x_wconf 82' lang='lat' dir='ltr'>obtemperare?</span> <span class='ocrx_word' id='word_1_361' title='bbox 1204 1963 1469 2005; x_wconf 83' lang='lat' dir='ltr'>quemadmodum</span> <span class='ocrx_word' id='word_1_362' title='bbox 1484 1967 1559 1994; x_wconf 89' lang='lat' dir='ltr'>tunc</span> <span class='ocrx_word' id='word_1_363' title='bbox 1576 1963 1622 1994; x_wconf 91' lang='lat' dir='ltr'>vi-</span> 
     </span>
     <span class='ocr_line' id='line_1_32' title="bbox 152 2016 1620 2060; baseline -0.001 -12"><span class='ocrx_word' id='word_1_364' title='bbox 152 2017 234 2048; x_wconf 88' lang='lat' dir='ltr'>deris</span> <span class='ocrx_word' id='word_1_365' title='bbox 258 2018 529 2055; x_wconf 84' lang='lat' dir='ltr'>demonstravisse,</span> <span class='ocrx_word' id='word_1_366' title='bbox 544 2019 672 2060; x_wconf 83' lang='lat' dir='ltr'>quando</span> <span class='ocrx_word' id='word_1_367' title='bbox 696 2018 836 2058; x_wconf 86' lang='lat' dir='ltr'>dicebas,</span> <span class='ocrx_word' id='word_1_368' title='bbox 861 2028 990 2060; x_wconf 85' lang='lat' dir='ltr'>magnas</span> <span class='ocrx_word' id='word_1_369' title='bbox 1012 2018 1154 2050; x_wconf 84' lang='lat' dir='ltr'>civitates</span> <span class='ocrx_word' id='word_1_370' title='bbox 1178 2019 1325 2050; x_wconf 81' lang='lat' dir='ltr'>adversus</span> <span class='ocrx_word' id='word_1_371' title='bbox 1349 2028 1460 2060; x_wconf 84' lang='lat' dir='ltr'>parvas</span> <span class='ocrx_word' id='word_1_372' title='bbox 1485 2016 1620 2048; x_wconf 88' lang='lat' dir='ltr'>naturali</span> 
     </span>
     <span class='ocr_line' id='line_1_33' title="bbox 147 2071 1621 2115; baseline -0.001 -12"><span class='ocrx_word' id='word_1_373' title='bbox 147 2071 220 2114; x_wconf 82' lang='lat' dir='ltr'>jure</span> <span class='ocrx_word' id='word_1_374' title='bbox 241 2072 411 2114; x_wconf 81' lang='lat' dir='ltr'>insurgere,</span> <span class='ocrx_word' id='word_1_375' title='bbox 427 2078 594 2115; x_wconf 77' lang='lat' dir='ltr'>propterea</span> <span class='ocrx_word' id='word_1_376' title='bbox 619 2073 704 2115; x_wconf 91' lang='lat' dir='ltr'>quod</span> <span class='ocrx_word' id='word_1_377' title='bbox 731 2073 923 2115; x_wconf 86' lang='lat' dir='ltr'>potentiores</span> <span class='ocrx_word' id='word_1_378' title='bbox 949 2077 1022 2104; x_wconf 87' lang='lat' dir='ltr'>sunt</span> <span class='ocrx_word' id='word_1_379' title='bbox 1048 2077 1143 2115; x_wconf 87' lang='lat' dir='ltr'>atque</span> <span class='ocrx_word' id='word_1_380' title='bbox 1158 2073 1342 2104; x_wconf 85' lang='lat' dir='ltr'>validiores:</span> <span class='ocrx_word' id='word_1_381' title='bbox 1367 2072 1456 2114; x_wconf 83' lang='lat' dir='ltr'>quasi</span> <span class='ocrx_word' id='word_1_382' title='bbox 1479 2071 1562 2102; x_wconf 89' lang='lat' dir='ltr'>idem</span> <span class='ocrx_word' id='word_1_383' title='bbox 1578 2071 1621 2102; x_wconf 81' lang='lat' dir='ltr'>sit</span> 
     </span>
     <span class='ocr_line' id='line_1_34' title="bbox 151 2125 1622 2168; baseline 0 -12"><span class='ocrx_word' id='word_1_384' title='bbox 151 2125 313 2167; x_wconf 80' lang='lat' dir='ltr'>potentius</span> <span class='ocrx_word' id='word_1_385' title='bbox 328 2126 537 2168; x_wconf 84' lang='lat' dir='ltr'>validiusque,</span> <span class='ocrx_word' id='word_1_386' title='bbox 551 2132 583 2158; x_wconf 90' lang='lat' dir='ltr'>et</span> <span class='ocrx_word' id='word_1_387' title='bbox 599 2127 722 2160; x_wconf 82' lang='lat' dir='ltr'>melius.</span> <span class='ocrx_word' id='word_1_388' title='bbox 767 2126 822 2157; x_wconf 87' lang='lat' dir='ltr'>An</span> <span class='ocrx_word' id='word_1_389' title='bbox 838 2127 903 2158; x_wconf 87' lang='lat' dir='ltr'>fieri</span> <span class='ocrx_word' id='word_1_390' title='bbox 920 2131 1036 2168; x_wconf 87' lang='lat' dir='ltr'>potest,</span> <span class='ocrx_word' id='word_1_391' title='bbox 1052 2133 1087 2158; x_wconf 94' lang='lat' dir='ltr'>ut</span> <span class='ocrx_word' id='word_1_392' title='bbox 1109 2127 1225 2168; x_wconf 83' lang='lat' dir='ltr'>aliquis</span> <span class='ocrx_word' id='word_1_393' title='bbox 1242 2126 1349 2158; x_wconf 87' lang='lat' dir='ltr'>melior</span> <span class='ocrx_word' id='word_1_394' title='bbox 1363 2126 1489 2168; x_wconf 88' lang='lat' dir='ltr'>quidem</span> <span class='ocrx_word' id='word_1_395' title='bbox 1507 2126 1557 2162; x_wconf 85' lang='lat' dir='ltr'>sit,</span> <span class='ocrx_word' id='word_1_396' title='bbox 1573 2125 1622 2156; x_wconf 87' lang='lat' dir='ltr'>in-</span> 
     </span>
     <span class='ocr_line' id='line_1_35' title="bbox 151 2178 1619 2222; baseline 0.001 -13"><span class='ocrx_word' id='word_1_397' title='bbox 151 2178 244 2210; x_wconf 79' lang='lat' dir='ltr'>ferior</span> <span class='ocrx_word' id='word_1_398' title='bbox 271 2183 375 2211; x_wconf 88' lang='lat' dir='ltr'>tamen</span> <span class='ocrx_word' id='word_1_399' title='bbox 402 2184 497 2222; x_wconf 85' lang='lat' dir='ltr'>atque</span> <span class='ocrx_word' id='word_1_400' title='bbox 523 2180 731 2212; x_wconf 86' lang='lat' dir='ltr'>imbecillior?</span> <span class='ocrx_word' id='word_1_401' title='bbox 775 2181 985 2222; x_wconf 79' lang='lat' dir='ltr'>Similiterque</span> <span class='ocrx_word' id='word_1_402' title='bbox 1013 2186 1048 2211; x_wconf 88' lang='lat' dir='ltr'>ut</span> <span class='ocrx_word' id='word_1_403' title='bbox 1069 2181 1229 2222; x_wconf 86' lang='lat' dir='ltr'>potentior</span> <span class='ocrx_word' id='word_1_404' title='bbox 1255 2181 1307 2218; x_wconf 85' lang='lat' dir='ltr'>sit,</span> <span class='ocrx_word' id='word_1_405' title='bbox 1335 2180 1471 2211; x_wconf 85' lang='lat' dir='ltr'>deterior</span> <span class='ocrx_word' id='word_1_406' title='bbox 1492 2179 1619 2211; x_wconf 78' lang='lat' dir='ltr'>tamen?</span> 
     </span>
     <span class='ocr_line' id='line_1_36' title="bbox 155 2232 1620 2276; baseline -0.001 -12"><span class='ocrx_word' id='word_1_407' title='bbox 155 2232 217 2264; x_wconf 87' lang='lat' dir='ltr'>Vel</span> <span class='ocrx_word' id='word_1_408' title='bbox 233 2233 342 2265; x_wconf 84' lang='lat' dir='ltr'>eadem</span> <span class='ocrx_word' id='word_1_409' title='bbox 360 2233 494 2265; x_wconf 87' lang='lat' dir='ltr'>melioris</span> <span class='ocrx_word' id='word_1_410' title='bbox 509 2239 602 2276; x_wconf 89' lang='lat' dir='ltr'>atque</span> <span class='ocrx_word' id='word_1_411' title='bbox 627 2235 814 2276; x_wconf 84' lang='lat' dir='ltr'>potentioris</span> <span class='ocrx_word' id='word_1_412' title='bbox 837 2241 886 2266; x_wconf 83' lang='lat' dir='ltr'>est</span> <span class='ocrx_word' id='word_1_413' title='bbox 904 2235 1047 2266; x_wconf 88' lang='lat' dir='ltr'>definitio</span> <span class='ocrx_word' id='word_1_414' title='bbox 1062 2235 1073 2265; x_wconf 87' lang='lat'>?</span> <span class='ocrx_word' id='word_1_415' title='bbox 1119 2235 1191 2266; x_wconf 86' lang='lat' dir='ltr'>Hoc</span> <span class='ocrx_word' id='word_1_416' title='bbox 1205 2234 1308 2276; x_wconf 89' lang='lat' dir='ltr'>ipsum</span> <span class='ocrx_word' id='word_1_417' title='bbox 1324 2233 1399 2265; x_wconf 88' lang='lat' dir='ltr'>mihi</span> <span class='ocrx_word' id='word_1_418' title='bbox 1414 2233 1551 2275; x_wconf 83' lang='lat' dir='ltr'>apertius</span> <span class='ocrx_word' id='word_1_419' title='bbox 1566 2243 1620 2264; x_wconf 83' lang='lat' dir='ltr'>ex-</span> 
     </span>
     <span class='ocr_line' id='line_1_37' title="bbox 153 2286 1617 2331; baseline 0 -14"><span class='ocrx_word' id='word_1_420' title='bbox 153 2287 247 2328; x_wconf 82' lang='lat' dir='ltr'>plica,</span> <span class='ocrx_word' id='word_1_421' title='bbox 262 2286 387 2319; x_wconf 89' lang='lat' dir='ltr'>idemne</span> <span class='ocrx_word' id='word_1_422' title='bbox 414 2298 453 2319; x_wconf 86' lang='lat' dir='ltr'>an</span> <span class='ocrx_word' id='word_1_423' title='bbox 479 2288 564 2319; x_wconf 86' lang='lat' dir='ltr'>aliud</span> <span class='ocrx_word' id='word_1_424' title='bbox 588 2289 629 2319; x_wconf 86' lang='lat' dir='ltr'>sit</span> <span class='ocrx_word' id='word_1_425' title='bbox 649 2290 810 2331; x_wconf 86' lang='lat' dir='ltr'>potentius</span> <span class='ocrx_word' id='word_1_426' title='bbox 837 2294 869 2320; x_wconf 85' lang='lat' dir='ltr'>et</span> <span class='ocrx_word' id='word_1_427' title='bbox 895 2289 1006 2320; x_wconf 86' lang='lat' dir='ltr'>melius</span> <span class='ocrx_word' id='word_1_428' title='bbox 1029 2294 1125 2330; x_wconf 85' lang='lat' dir='ltr'>atque</span> <span class='ocrx_word' id='word_1_429' title='bbox 1140 2288 1306 2319; x_wconf 81' lang='lat' dir='ltr'>valentius.</span> <span class='ocrx_word' id='word_1_430' title='bbox 1351 2287 1437 2320; x_wconf 71' lang='lat' dir='ltr'>CAL-</span> <span class='ocrx_word' id='word_1_431' title='bbox 1461 2287 1617 2329; x_wconf 86' lang='lat' dir='ltr'>Equidem</span> 
     </span>
     <span class='ocr_line' id='line_1_38' title="bbox 153 2341 1618 2384; baseline 0 -12"><span class='ocrx_word' id='word_1_432' title='bbox 153 2341 318 2373; x_wconf 81' lang='lat' dir='ltr'>manifeste</span> <span class='ocrx_word' id='word_1_433' title='bbox 333 2341 389 2373; x_wconf 88' lang='lat' dir='ltr'>tibi</span> <span class='ocrx_word' id='word_1_434' title='bbox 405 2352 518 2379; x_wconf 86' lang='lat' dir='ltr'>assero,</span> <span class='ocrx_word' id='word_1_435' title='bbox 534 2343 615 2374; x_wconf 82' lang='lat' dir='ltr'>idem</span> <span class='ocrx_word' id='word_1_436' title='bbox 632 2354 711 2375; x_wconf 85' lang='lat' dir='ltr'>esse.</span> <span class='ocrx_word' id='word_1_437' title='bbox 757 2344 814 2376; x_wconf 87' lang='lat' dir='ltr'>So.</span> <span class='ocrx_word' id='word_1_438' title='bbox 838 2343 955 2374; x_wconf 89' lang='lat' dir='ltr'>Nonne</span> <span class='ocrx_word' id='word_1_439' title='bbox 982 2343 1151 2373; x_wconf 79' lang='lat' dir='ltr'>multitudo</span> <span class='ocrx_word' id='word_1_440' title='bbox 1166 2342 1238 2384; x_wconf 90' lang='lat' dir='ltr'>ipsa</span> <span class='ocrx_word' id='word_1_441' title='bbox 1252 2347 1362 2373; x_wconf 89' lang='lat' dir='ltr'>natura</span> <span class='ocrx_word' id='word_1_442' title='bbox 1379 2353 1442 2373; x_wconf 90' lang='lat' dir='ltr'>uno</span> <span class='ocrx_word' id='word_1_443' title='bbox 1458 2342 1618 2383; x_wconf 87' lang='lat' dir='ltr'>potentior</span> 
     </span>
     <span class='ocr_line' id='line_1_39' title="bbox 151 2395 1615 2438; baseline 0.001 -13"><span class='ocrx_word' id='word_1_444' title='bbox 151 2396 219 2426; x_wconf 82' lang='lat' dir='ltr'>est?</span> <span class='ocrx_word' id='word_1_445' title='bbox 243 2406 313 2437; x_wconf 86' lang='lat' dir='ltr'>quae</span> <span class='ocrx_word' id='word_1_446' title='bbox 328 2395 454 2437; x_wconf 86' lang='lat' dir='ltr'>quidem</span> <span class='ocrx_word' id='word_1_447' title='bbox 470 2397 553 2438; x_wconf 87' lang='lat' dir='ltr'>leges</span> <span class='ocrx_word' id='word_1_448' title='bbox 568 2397 731 2428; x_wconf 83' lang='lat' dir='ltr'>constituit</span> <span class='ocrx_word' id='word_1_449' title='bbox 745 2407 837 2438; x_wconf 84' lang='lat' dir='ltr'>super</span> <span class='ocrx_word' id='word_1_450' title='bbox 858 2408 968 2437; x_wconf 88' lang='lat' dir='ltr'>unum,</span> <span class='ocrx_word' id='word_1_451' title='bbox 985 2396 1249 2437; x_wconf 87' lang='lat' dir='ltr'>quemadmodum</span> <span class='ocrx_word' id='word_1_452' title='bbox 1265 2406 1366 2438; x_wconf 91' lang='lat' dir='ltr'>nuper</span> <span class='ocrx_word' id='word_1_453' title='bbox 1382 2396 1449 2437; x_wconf 80' lang='lat' dir='ltr'>ipse</span> <span class='ocrx_word' id='word_1_454' title='bbox 1465 2396 1615 2427; x_wconf 87' lang='lat' dir='ltr'>dicebas?</span> 
     </span>
     <span class='ocr_line' id='line_1_40' title="bbox 154 2448 1617 2492; baseline 0 -11"><span class='ocrx_word' id='word_1_455' title='bbox 154 2449 241 2481; x_wconf 70' lang='lat' dir='ltr'>Cat..</span> <span class='ocrx_word' id='word_1_456' title='bbox 264 2449 409 2486; x_wconf 89' lang='lat' dir='ltr'>Quidni?</span> <span class='ocrx_word' id='word_1_457' title='bbox 455 2450 510 2481; x_wconf 88' lang='lat' dir='ltr'>So.</span> <span class='ocrx_word' id='word_1_458' title='bbox 536 2450 754 2482; x_wconf 79' lang='lat' dir='ltr'>Multitudinis</span> <span class='ocrx_word' id='word_1_459' title='bbox 778 2462 852 2492; x_wconf 88' lang='lat' dir='ltr'>ergo</span> <span class='ocrx_word' id='word_1_460' title='bbox 879 2451 977 2492; x_wconf 89' lang='lat' dir='ltr'>leges,</span> <span class='ocrx_word' id='word_1_461' title='bbox 993 2449 1205 2492; x_wconf 86' lang='lat' dir='ltr'>potentiorum</span> <span class='ocrx_word' id='word_1_462' title='bbox 1231 2455 1313 2481; x_wconf 79' lang='lat' dir='ltr'>sunt.</span> <span class='ocrx_word' id='word_1_463' title='bbox 1358 2450 1443 2481; x_wconf 59' lang='lat' dir='ltr'>Cat.</span> <span class='ocrx_word' id='word_1_464' title='bbox 1467 2448 1617 2481; x_wconf 86' lang='lat' dir='ltr'>Omnino.</span> 
     </span>
     <span class='ocr_line' id='line_1_41' title="bbox 155 2503 1619 2547; baseline 0 -13"><span class='ocrx_word' id='word_1_465' title='bbox 155 2504 212 2535; x_wconf 91' lang='lat' dir='ltr'>So.</span> <span class='ocrx_word' id='word_1_466' title='bbox 236 2503 353 2534; x_wconf 89' lang='lat' dir='ltr'>Nonne</span> <span class='ocrx_word' id='word_1_467' title='bbox 369 2503 463 2544; x_wconf 88' lang='lat' dir='ltr'>igitur</span> <span class='ocrx_word' id='word_1_468' title='bbox 479 2510 510 2535; x_wconf 78' lang='lat' dir='ltr'>et</span> <span class='ocrx_word' id='word_1_469' title='bbox 534 2505 694 2536; x_wconf 88' lang='lat' dir='ltr'>meliorum</span> <span class='ocrx_word' id='word_1_470' title='bbox 709 2506 719 2536; x_wconf 89' lang='lat'>?</span> <span class='ocrx_word' id='word_1_471' title='bbox 743 2507 798 2547; x_wconf 88' lang='lat' dir='ltr'>qui</span> <span class='ocrx_word' id='word_1_472' title='bbox 824 2505 906 2536; x_wconf 85' lang='lat' dir='ltr'>enim</span> <span class='ocrx_word' id='word_1_473' title='bbox 931 2505 1124 2547; x_wconf 81' lang='lat' dir='ltr'>potentiores</span> <span class='ocrx_word' id='word_1_474' title='bbox 1147 2509 1219 2535; x_wconf 73' lang='lat' dir='ltr'>suut</span> <span class='ocrx_word' id='word_1_475' title='bbox 1234 2509 1271 2535; x_wconf 91' lang='lat' dir='ltr'>ut</span> <span class='ocrx_word' id='word_1_476' title='bbox 1284 2504 1354 2546; x_wconf 90' lang='lat' dir='ltr'>ipse</span> <span class='ocrx_word' id='word_1_477' title='bbox 1366 2504 1424 2545; x_wconf 85' lang='lat' dir='ltr'>ais,</span> <span class='ocrx_word' id='word_1_478' title='bbox 1438 2504 1531 2535; x_wconf 90' lang='lat' dir='ltr'>valde</span> <span class='ocrx_word' id='word_1_479' title='bbox 1544 2510 1619 2535; x_wconf 89' lang='lat' dir='ltr'>sunt</span> 
     </span>
     <span class='ocr_line' id='line_1_42' title="bbox 155 2556 1617 2596; baseline 0.001 -9"><span class='ocrx_word' id='word_1_480' title='bbox 155 2556 308 2588; x_wconf 85' lang='lat' dir='ltr'>meliores.</span> <span class='ocrx_word' id='word_1_481' title='bbox 355 2556 440 2588; x_wconf 71' lang='lat' dir='ltr'><strong>CAL.</strong></span> <span class='ocrx_word' id='word_1_482' title='bbox 463 2558 516 2589; x_wconf 86' lang='lat' dir='ltr'>Sic</span> <span class='ocrx_word' id='word_1_483' title='bbox 531 2563 626 2590; x_wconf 77' lang='lat' dir='ltr'>certe.</span> <span class='ocrx_word' id='word_1_484' title='bbox 672 2559 724 2590; x_wconf 87' lang='lat' dir='ltr'>So.</span> <span class='ocrx_word' id='word_1_485' title='bbox 750 2558 866 2590; x_wconf 84' lang='lat' dir='ltr'>Nonne</span> <span class='ocrx_word' id='word_1_486' title='bbox 890 2560 999 2589; x_wconf 85' lang='lat' dir='ltr'>horum</span> <span class='ocrx_word' id='word_1_487' title='bbox 1020 2557 1260 2590; x_wconf 84' lang='lat' dir='ltr'>constitutiones</span> <span class='ocrx_word' id='word_1_488' title='bbox 1285 2563 1396 2589; x_wconf 80' lang='lat' dir='ltr'>natura</span> <span class='ocrx_word' id='word_1_489' title='bbox 1424 2563 1497 2589; x_wconf 88' lang='lat' dir='ltr'>sunt</span> <span class='ocrx_word' id='word_1_490' title='bbox 1511 2562 1617 2596; x_wconf 83' lang='lat' dir='ltr'>rectae,</span> 
     </span>
     <span class='ocr_line' id='line_1_43' title="bbox 153 2611 1618 2654; baseline 0.001 -14"><span class='ocrx_word' id='word_1_491' title='bbox 153 2621 224 2641; x_wconf 90' lang='lat' dir='ltr'>cum</span> <span class='ocrx_word' id='word_1_492' title='bbox 241 2611 430 2650; x_wconf 85' lang='lat' dir='ltr'>potentiores</span> <span class='ocrx_word' id='word_1_493' title='bbox 446 2611 508 2641; x_wconf 87' lang='lat' dir='ltr'>sint</span> <span class='ocrx_word' id='word_1_494' title='bbox 522 2611 533 2641; x_wconf 88' lang='lat'>?</span> <span class='ocrx_word' id='word_1_495' title='bbox 577 2612 663 2643; x_wconf 70' lang='lat' dir='ltr'>Cu„</span> <span class='ocrx_word' id='word_1_496' title='bbox 686 2612 738 2645; x_wconf 80' lang='lat' dir='ltr'>Sic</span> <span class='ocrx_word' id='word_1_497' title='bbox 753 2613 883 2644; x_wconf 84' lang='lat' dir='ltr'>affirmo.</span> <span class='ocrx_word' id='word_1_498' title='bbox 929 2613 985 2645; x_wconf 89' lang='lat' dir='ltr'>So.</span> <span class='ocrx_word' id='word_1_499' title='bbox 1009 2612 1127 2643; x_wconf 90' lang='lat' dir='ltr'>Nonne</span> <span class='ocrx_word' id='word_1_500' title='bbox 1143 2612 1312 2643; x_wconf 83' lang='lat' dir='ltr'>multitudo</span> <span class='ocrx_word' id='word_1_501' title='bbox 1327 2612 1447 2649; x_wconf 83' lang='lat' dir='ltr'>statuit,</span> <span class='ocrx_word' id='word_1_502' title='bbox 1463 2612 1618 2654; x_wconf 86' lang='lat' dir='ltr'>quemad-</span> 
     </span>
     <span class='ocr_line' id='line_1_44' title="bbox 154 2663 1616 2708; baseline 0.002 -15"><span class='ocrx_word' id='word_1_503' title='bbox 154 2664 279 2694; x_wconf 86' lang='lat' dir='ltr'>modum</span> <span class='ocrx_word' id='word_1_504' title='bbox 295 2674 395 2704; x_wconf 86' lang='lat' dir='ltr'>nuper</span> <span class='ocrx_word' id='word_1_505' title='bbox 410 2663 477 2705; x_wconf 81' lang='lat' dir='ltr'>ipse</span> <span class='ocrx_word' id='word_1_506' title='bbox 502 2664 640 2702; x_wconf 80' lang='lat' dir='ltr'>dicebas.</span> <span class='ocrx_word' id='word_1_507' title='bbox 663 2665 784 2707; x_wconf 87' lang='lat' dir='ltr'>justum</span> <span class='ocrx_word' id='word_1_508' title='bbox 804 2677 872 2698; x_wconf 85' lang='lat' dir='ltr'>esse</span> <span class='ocrx_word' id='word_1_509' title='bbox 900 2667 1012 2698; x_wconf 87' lang='lat' dir='ltr'>servari</span> <span class='ocrx_word' id='word_1_510' title='bbox 1028 2666 1109 2697; x_wconf 85' lang='lat' dir='ltr'>inter</span> <span class='ocrx_word' id='word_1_511' title='bbox 1131 2676 1238 2697; x_wconf 87' lang='lat' dir='ltr'>omnes</span> <span class='ocrx_word' id='word_1_512' title='bbox 1263 2665 1495 2708; x_wconf 66' lang='lat' dir='ltr'>aequalitatem:</span> <span class='ocrx_word' id='word_1_513' title='bbox 1520 2671 1616 2707; x_wconf 86' lang='lat' dir='ltr'>atque</span> 
     </span>
     <span class='ocr_line' id='line_1_45' title="bbox 153 2717 1615 2762; baseline 0.002 -15"><span class='ocrx_word' id='word_1_514' title='bbox 153 2728 220 2748; x_wconf 84' lang='lat' dir='ltr'>esse</span> <span class='ocrx_word' id='word_1_515' title='bbox 235 2718 355 2759; x_wconf 89' lang='lat' dir='ltr'>turpius</span> <span class='ocrx_word' id='word_1_516' title='bbox 370 2717 515 2758; x_wconf 86' lang='lat' dir='ltr'>injuriam</span> <span class='ocrx_word' id='word_1_517' title='bbox 531 2718 642 2750; x_wconf 86' lang='lat' dir='ltr'>inferre</span> <span class='ocrx_word' id='word_1_518' title='bbox 657 2730 749 2761; x_wconf 88' lang='lat' dir='ltr'>quam</span> <span class='ocrx_word' id='word_1_519' title='bbox 774 2721 839 2761; x_wconf 88' lang='lat' dir='ltr'>pati</span> <span class='ocrx_word' id='word_1_520' title='bbox 853 2721 864 2751; x_wconf 85' lang='lat'>?</span> <span class='ocrx_word' id='word_1_521' title='bbox 890 2720 988 2762; x_wconf 74' lang='lat'>[489]</span> <span class='ocrx_word' id='word_1_522' title='bbox 1011 2725 1099 2751; x_wconf 81' lang='lat' dir='ltr'>estne</span> <span class='ocrx_word' id='word_1_523' title='bbox 1116 2719 1171 2756; x_wconf 83' lang='lat' dir='ltr'>ita,</span> <span class='ocrx_word' id='word_1_524' title='bbox 1186 2730 1225 2750; x_wconf 91' lang='lat' dir='ltr'>an</span> <span class='ocrx_word' id='word_1_525' title='bbox 1250 2719 1363 2751; x_wconf 85' lang='lat' dir='ltr'>aliter?</span> <span class='ocrx_word' id='word_1_526' title='bbox 1407 2720 1458 2751; x_wconf 87' lang='lat' dir='ltr'>Ac</span> <span class='ocrx_word' id='word_1_527' title='bbox 1475 2719 1558 2756; x_wconf 87' lang='lat' dir='ltr'>vide,</span> <span class='ocrx_word' id='word_1_528' title='bbox 1575 2730 1615 2750; x_wconf 88' lang='lat' dir='ltr'>ne</span> 
     </span>
     <span class='ocr_line' id='line_1_46' title="bbox 153 2772 1614 2815; baseline 0.001 -13"><span class='ocrx_word' id='word_1_529' title='bbox 153 2772 203 2802; x_wconf 82' lang='lat' dir='ltr'>hio</span> <span class='ocrx_word' id='word_1_530' title='bbox 219 2777 252 2802; x_wconf 79' lang='lat' dir='ltr'>tu</span> <span class='ocrx_word' id='word_1_531' title='bbox 268 2782 393 2813; x_wconf 87' lang='lat' dir='ltr'>quoque</span> <span class='ocrx_word' id='word_1_532' title='bbox 409 2772 450 2802; x_wconf 91' lang='lat' dir='ltr'>ob</span> <span class='ocrx_word' id='word_1_533' title='bbox 465 2773 682 2803; x_wconf 84' lang='lat' dir='ltr'>verecundiam</span> <span class='ocrx_word' id='word_1_534' title='bbox 699 2774 841 2815; x_wconf 86' lang='lat' dir='ltr'>capiaris.</span> <span class='ocrx_word' id='word_1_535' title='bbox 886 2774 1060 2806; x_wconf 87' lang='lat' dir='ltr'>Constituit</span> <span class='ocrx_word' id='word_1_536' title='bbox 1075 2774 1245 2805; x_wconf 86' lang='lat' dir='ltr'>multitudo</span> <span class='ocrx_word' id='word_1_537' title='bbox 1268 2773 1339 2811; x_wconf 88' lang='lat' dir='ltr'>ista,</span> <span class='ocrx_word' id='word_1_538' title='bbox 1356 2784 1455 2805; x_wconf 88' lang='lat' dir='ltr'>necne</span> <span class='ocrx_word' id='word_1_539' title='bbox 1469 2785 1477 2804; x_wconf 87' lang='lat'>:</span> <span class='ocrx_word' id='word_1_540' title='bbox 1503 2773 1614 2804; x_wconf 81' lang='lat' dir='ltr'>videli-</span> 
     </span>
     <span class='ocr_line' id='line_1_47' title="bbox 151 2824 1615 2869; baseline 0.001 -13"><span class='ocrx_word' id='word_1_541' title='bbox 151 2824 332 2867; x_wconf 85' lang='lat' dir='ltr'>cetjustum</span> <span class='ocrx_word' id='word_1_542' title='bbox 347 2836 414 2856; x_wconf 86' lang='lat' dir='ltr'>esse</span> <span class='ocrx_word' id='word_1_543' title='bbox 429 2826 542 2856; x_wconf 89' lang='lat' dir='ltr'>servari</span> <span class='ocrx_word' id='word_1_544' title='bbox 557 2827 748 2867; x_wconf 81' lang='lat' dir='ltr'>aequitatem,</span> <span class='ocrx_word' id='word_1_545' title='bbox 763 2838 827 2859; x_wconf 89' lang='lat' dir='ltr'>non</span> <span class='ocrx_word' id='word_1_546' title='bbox 849 2833 966 2869; x_wconf 88' lang='lat' dir='ltr'>autem,</span> <span class='ocrx_word' id='word_1_547' title='bbox 981 2827 1076 2858; x_wconf 78' lang='lat' dir='ltr'>alium</span> <span class='ocrx_word' id='word_1_548' title='bbox 1101 2826 1162 2859; x_wconf 83' lang='lat' dir='ltr'>alio</span> <span class='ocrx_word' id='word_1_549' title='bbox 1188 2827 1259 2868; x_wconf 85' lang='lat' dir='ltr'>plus</span> <span class='ocrx_word' id='word_1_550' title='bbox 1282 2828 1395 2859; x_wconf 85' lang='lat' dir='ltr'>habere</span> <span class='ocrx_word' id='word_1_551' title='bbox 1409 2838 1418 2866; x_wconf 89' lang='lat'>;</span> <span class='ocrx_word' id='word_1_552' title='bbox 1439 2833 1534 2869; x_wconf 81' lang='lat' dir='ltr'>atque</span> <span class='ocrx_word' id='word_1_553' title='bbox 1550 2833 1615 2858; x_wconf 87' lang='lat' dir='ltr'>tur-</span> 
     </span>
     <span class='ocr_line' id='line_1_48' title="bbox 153 2879 1612 2923; baseline 0.001 -14"><span class='ocrx_word' id='word_1_554' title='bbox 153 2879 225 2920; x_wconf 83' lang='lat' dir='ltr'>pius</span> <span class='ocrx_word' id='word_1_555' title='bbox 249 2889 315 2910; x_wconf 88' lang='lat' dir='ltr'>esse</span> <span class='ocrx_word' id='word_1_556' title='bbox 331 2879 432 2910; x_wconf 84' lang='lat' dir='ltr'>facere</span> <span class='ocrx_word' id='word_1_557' title='bbox 458 2879 601 2920; x_wconf 80' lang='lat' dir='ltr'>injuriam</span> <span class='ocrx_word' id='word_1_558' title='bbox 627 2891 719 2922; x_wconf 88' lang='lat' dir='ltr'>quam</span> <span class='ocrx_word' id='word_1_559' title='bbox 737 2882 902 2923; x_wconf 80' lang='lat' dir='ltr'>accipere?</span> <span class='ocrx_word' id='word_1_560' title='bbox 947 2881 1046 2912; x_wconf 85' lang='lat' dir='ltr'>Nulla</span> <span class='ocrx_word' id='word_1_561' title='bbox 1069 2886 1112 2917; x_wconf 85' lang='lat' dir='ltr'>te,</span> <span class='ocrx_word' id='word_1_562' title='bbox 1127 2891 1146 2911; x_wconf 93' lang='lat' dir='ltr'>o</span> <span class='ocrx_word' id='word_1_563' title='bbox 1172 2881 1331 2917; x_wconf 85' lang='lat' dir='ltr'>Callicles.</span> <span class='ocrx_word' id='word_1_564' title='bbox 1342 2881 1476 2921; x_wconf 85' lang='lat' dir='ltr'>invidia,</span> <span class='ocrx_word' id='word_1_565' title='bbox 1493 2891 1612 2923; x_wconf 84' lang='lat' dir='ltr'>quaeso,</span> 
     </span>
     <span class='ocr_line' id='line_1_49' title="bbox 153 2933 1612 2976; baseline 0.001 -14"><span class='ocrx_word' id='word_1_566' title='bbox 153 2933 305 2969; x_wconf 82' lang='lat' dir='ltr'>detineat,</span> <span class='ocrx_word' id='word_1_567' title='bbox 321 2933 488 2974; x_wconf 86' lang='lat' dir='ltr'>quominus</span> <span class='ocrx_word' id='word_1_568' title='bbox 513 2934 553 2963; x_wconf 86' lang='lat' dir='ltr'>ad</span> <span class='ocrx_word' id='word_1_569' title='bbox 581 2935 646 2964; x_wconf 85' lang='lat' dir='ltr'>haec</span> <span class='ocrx_word' id='word_1_570' title='bbox 671 2934 746 2964; x_wconf 85' lang='lat' dir='ltr'>mibi</span> <span class='ocrx_word' id='word_1_571' title='bbox 761 2935 950 2976; x_wconf 83' lang='lat' dir='ltr'>respondeas</span> <span class='ocrx_word' id='word_1_572' title='bbox 965 2945 974 2966; x_wconf 73' lang='grc' dir='ltr'><strong><em>ε</em></strong></span> <span class='ocrx_word' id='word_1_573' title='bbox 999 2939 1035 2965; x_wconf 91' lang='lat' dir='ltr'>ut</span> <span class='ocrx_word' id='word_1_574' title='bbox 1050 2935 1076 2966; x_wconf 87' lang='lat' dir='ltr'>si</span> <span class='ocrx_word' id='word_1_575' title='bbox 1091 2945 1214 2966; x_wconf 88' lang='lat' dir='ltr'>mecum</span> <span class='ocrx_word' id='word_1_576' title='bbox 1229 2935 1371 2972; x_wconf 82' lang='lat' dir='ltr'>senseris,</span> <span class='ocrx_word' id='word_1_577' title='bbox 1386 2935 1441 2965; x_wconf 86' lang='lat' dir='ltr'>abs</span> <span class='ocrx_word' id='word_1_578' title='bbox 1455 2940 1485 2964; x_wconf 86' lang='lat' dir='ltr'>te</span> <span class='ocrx_word' id='word_1_579' title='bbox 1500 2934 1612 2964; x_wconf 81' lang='lat' dir='ltr'>confir-</span> 
     </span>
     <span class='ocr_line' id='line_1_50' title="bbox 153 2987 1615 3031; baseline 0.003 -16"><span class='ocrx_word' id='word_1_580' title='bbox 153 2995 228 3021; x_wconf 83' lang='lat' dir='ltr'>mer,</span> <span class='ocrx_word' id='word_1_581' title='bbox 255 2991 400 3027; x_wconf 79' lang='lat' dir='ltr'>tanquam</span> <span class='ocrx_word' id='word_1_582' title='bbox 417 2987 481 3018; x_wconf 86' lang='lat' dir='ltr'>viro</span> <span class='ocrx_word' id='word_1_583' title='bbox 507 2988 546 3018; x_wconf 85' lang='lat' dir='ltr'>ad</span> <span class='ocrx_word' id='word_1_584' title='bbox 567 2987 774 3028; x_wconf 82' lang='lat' dir='ltr'>judicandum</span> <span class='ocrx_word' id='word_1_585' title='bbox 800 2989 927 3021; x_wconf 86' lang='lat' dir='ltr'>abunde</span> <span class='ocrx_word' id='word_1_586' title='bbox 953 2988 1136 3021; x_wconf 78' lang='lat' dir='ltr'>sufficiente.</span> <span class='ocrx_word' id='word_1_587' title='bbox 1183 2989 1269 3023; x_wconf 66' lang='lat' dir='ltr'>CAL.</span> <span class='ocrx_word' id='word_1_588' title='bbox 1292 2989 1343 3031; x_wconf 73' lang='lat' dir='ltr'>Sic</span> <span class='ocrx_word' id='word_1_589' title='bbox 1372 2988 1480 3029; x_wconf 81' lang='lat' dir='ltr'>utique</span> <span class='ocrx_word' id='word_1_590' title='bbox 1505 2987 1615 3019; x_wconf 66' lang='lat' dir='ltr'>statuit</span> 
     </span>
    </p>
   </div>
   <div class='ocr_carea' id='block_1_3' title="bbox 244 3039 1528 3076">
    <p class='ocr_par' dir='ltr' id='par_1_3' title="bbox 244 3039 1528 3076">
     <span class='ocr_line' id='line_1_51' title="bbox 244 3039 1528 3076; baseline 0 -4"><span class='ocrx_word' id='word_1_591' title='bbox 244 3039 334 3074; x_wconf 77' lang='lat' dir='ltr'>Plut.</span> <span class='ocrx_word' id='word_1_592' title='bbox 355 3041 409 3073; x_wconf 81' lang='lat' dir='ltr'>Tr.</span> <span class='ocrx_word' id='word_1_593' title='bbox 865 3043 893 3076; x_wconf 83' lang='grc' dir='ltr'>Ι.</span> <span class='ocrx_word' id='word_1_594' title='bbox 1454 3044 1473 3076; x_wconf 82' lang='grc'><strong><em>2</em></strong></span> <span class='ocrx_word' id='word_1_595' title='bbox 1497 3040 1528 3072; x_wconf 89' lang='lat' dir='ltr'><strong>D</strong></span> 
     </span>
    </p>
   </div>
  </div>
 </body>
</html>
