1846 3268
194 264 275 303 402
807 262 1076 305 PLA‘roms
1572 270 1672 322 [iso

194 366 281 399 obire
296 377 510 410 saepenumero
527 365 633 398 mallet
647 375 741 407 quam
754 365 905 398 dilectum
920 367 1136 412 derelinquere
1149 367 1226 400 etin
1238 368 1388 411 periculis
1402 380 1466 401 non
1482 381 1673 405 succurrere.

194 420 266 453 Nec
294 421 375 453 ullus
399 422 481 453 adeo
508 422 641 464 ignavus
657 425 715 458 cst,
732 431 826 462 quem
842 420 941 452 Amor
967 432 1032 453 non
1057 422 1229 454 inflammet
1249 429 1282 455 et
1307 425 1348 455 ad
1367 425 1510 456 virtutem
1530 426 1674 458 divinum

193 475 318 514 reddat,
334 481 369 508 ut
382 476 448 507 viro
464 476 630 507 fortissimo
647 485 704 517 par
715 475 841 508 evadat.
887 475 1028 513 Etenim,
1045 477 1132 518 quud
1148 476 1304 509 Homerus
1318 478 1433 521 inquit,
1449 479 1511 510 vim
1522 480 1671 512 furorem-

193 539 257 571 que
280 540 299 561 a
325 529 400 561 Deo
421 529 609 572 quibusdam
634 530 764 560 heroum
790 528 991 571 inspiratum,
1015 531 1076 562 hoc
1099 529 1201 562 Amor
1226 532 1402 564 amantibus
1428 533 1535 566 efficit.
1582 534 1670 572 Quin

193 583 288 615 etiam
305 594 360 625 pro
376 584 439 615 alio
455 583 531 615 mori
547 588 688 615 amantes
704 583 763 615 soli
779 583 914 625 eligunt,
929 594 993 614 non
1006 583 1062 615 viri
1079 590 1214 625 tantum,
1230 587 1285 618 sed
1301 587 1394 618 etiam
1409 588 1565 620 mulieres.
1579 589 1676 631 cujus

194 637 344 669 sermonis
369 637 581 669 testimonium
610 636 732 669 Graecis
757 636 899 675 Alceste,
923 637 1006 669 Pelii
1023 638 1099 675 filia,
1116 639 1314 671 manifestum
1340 641 1492 680 exhibuit,
1514 653 1585 684 quae
1607 643 1675 675 sola

194 690 292 733 elegit
306 702 361 734 pro
376 693 441 724 viro
457 703 514 736 suo
527 692 641 734 perire,
656 703 727 723 cum
744 697 848 723 tamen
865 697 897 724 et
912 698 1002 734 pater
1016 698 1048 724 et
1063 698 1161 724 mater
1184 693 1233 725 illi
1246 695 1390 727 adesset:
1413 707 1492 738 quos
1507 696 1560 728 illa
1576 708 1672 740 prop-

193 750 241 776 ter
253 755 390 778 amorem
406 746 536 778 caritate
551 747 631 778 adeo
646 747 817 788 superavit,
833 752 869 777 ut
893 757 948 778 eos
971 752 1135 779 extraneos
1159 753 1194 780 et
1215 749 1345 780 nomine
1366 750 1518 782 duntaxat
1532 751 1598 783 filio
1613 763 1671 783 suo

192 799 382 842 coujunctos
395 812 462 833 esse
486 806 681 833 monstraret.
732 801 828 839 Quod
851 801 979 844 quidem
1002 801 1124 834 facinus
1139 806 1201 834 tam
1219 803 1399 844 praeclarum
1415 815 1480 836 non
1495 809 1616 836 tantum
1631 806 1673 837 ab

192 854 386 894 hominibus,
398 867 503 888 verum
519 856 614 888 etiam
631 866 649 887 a
665 855 737 887 Diis
754 861 802 887 est
813 855 1006 898 judicatum,
1023 860 1058 887 ut
1072 867 1142 888 cum
1158 867 1176 888 e
1192 857 1308 894 multis,
1324 858 1380 900 qui
1392 858 1490 890 multa
1501 863 1534 890 et
1547 859 1673 902 egregia

193 913 365 950 gesserant,
387 909 444 941 Dii
461 910 664 942 reviviscendi
682 921 794 943 munus
810 910 920 952 paucis
944 910 1113 941 admodum
1141 915 1174 942 et
1194 911 1458 953 praestantissimis
1479 913 1673 952 tribuissent,

191 962 274 994 hanc
290 963 329 994 ab
344 962 450 995 inferis
465 964 619 996 continuo
635 963 826 1006 suscita-rint,
843 969 905 996 tam
929 965 1055 1006 egregio
1079 965 1218 997 facinore
1241 965 1401 998 delectati.
1426 967 1503 998 tanti
1530 968 1670 999 studium

192 1015 406 1059 virtutemque
422 1018 504 1050 circa
520 1028 656 1049 amorem
682 1017 742 1049 Dii
767 1019 937 1051 aestimant.
982 1018 1146 1060 Orpheum
1163 1030 1247 1056 vero,
1263 1020 1347 1063 Iagri
1364 1019 1475 1058 filium,
1491 1020 1555 1052 voti
1569 1020 1673 1064 impo-

193 1074 255 1101 tem
272 1081 310 1102 ex
335 1071 442 1103 inferis
470 1071 653 1104 emiserunt.
677 1082 781 1114 neque
805 1073 889 1104 enim
913 1072 1073 1110 feminam,
1090 1072 1183 1115 cujus
1198 1073 1297 1115 gratia
1314 1074 1532 1112 descenderat,
1547 1075 1673 1106 restitu-

191 1134 256 1161 ere,
271 1124 328 1156 sed
343 1124 428 1156 illius
443 1126 631 1168 phantasma
647 1131 858 1158 monstrarunt
872 1137 880 1159 ε
904 1137 975 1158 cum
992 1137 1055 1158 non
1072 1128 1212 1166 auderet,
1231 1132 1266 1159 ut
1281 1127 1420 1166 Alceste,
1437 1129 1550 1160 amoris
1573 1128 1674 1171 gratia

193 1177 284 1216 mori,
296 1179 365 1216 sed,
378 1185 490 1222 utpote
507 1180 709 1218 citharoedus‚
727 1180 858 1212 mollitie
873 1180 1008 1222 quadam
1025 1181 1259 1220 absterreretur,
1272 1185 1305 1213 et
1318 1182 1570 1214 machinamenta
1584 1192 1673 1224 quae-

192 1232 266 1262 dam
289 1234 492 1275 excogitaret,
508 1234 623 1276 quibus
646 1234 753 1265 vivens
777 1234 818 1265 ad
845 1234 968 1265 inferna
993 1234 1211 1267 descenderet.
1235 1234 1326 1276 cujus
1351 1235 1461 1268 delicti
1476 1247 1584 1278 poenas
1598 1247 1672 1269 eum

192 1286 331 1327 pendere
355 1288 571 1327 decreverunt,
588 1287 812 1330 jusseruntque
834 1298 853 1319 a
881 1288 1006 1320 feminis
1032 1288 1173 1320 lacerari.
1214 1288 1371 1321 Achillem
1396 1294 1514 1327 autem,
1527 1290 1674 1323 Thetidis

191 1339 305 1381 filium,
321 1341 511 1374 honorarunt
526 1347 558 1374 et
572 1342 607 1373 in
623 1342 783 1372 beatorum
800 1341 917 1373 insulas
934 1341 1095 1380 miserunt,
1111 1343 1200 1384 quia,
1226 1353 1296 1375 cum
1322 1344 1499 1386 accepisset
1517 1354 1537 1375 a
1560 1350 1672 1384 matre,

193 1395 220 1426 si
235 1395 405 1428 Hectorem
422 1397 600 1434 occidisset,
618 1396 722 1427 statim
739 1396 797 1427 sibi
813 1396 1009 1427 moriendum
1026 1396 1109 1428 fore:
1134 1398 1180 1428 sin
1198 1397 1311 1435 minus,
1327 1398 1359 1429 in
1385 1397 1517 1440 patriam
1531 1409 1565 1430 se
1586 1399 1671 1431 redi-

191 1455 294 1481 turum
321 1455 355 1482 et
379 1462 485 1483 senem
513 1452 650 1493 denique
674 1450 881 1483 moriturum:
906 1451 1056 1482 audacter
1081 1450 1178 1492 elegit
1203 1463 1261 1494 pro
1289 1451 1437 1483 Patroclo
1461 1458 1598 1485 amatore
1612 1464 1670 1485 suo

191 1514 334 1546 pugnare
351 1504 483 1547 ejusque
501 1510 630 1536 mortem
643 1504 752 1536 ulcisci
768 1515 777 1543 3
800 1503 898 1547 [180]
921 1515 980 1536 nec
996 1515 1051 1546 pro
1070 1505 1125 1535 illo
1142 1506 1219 1536 mori
1243 1505 1358 1547 solum,
1373 1507 1428 1538 sed
1451 1511 1485 1538 et
1504 1513 1669 1550 perempto

187 1558 243 1590 illo
259 1559 404 1592 interficI.
426 1560 510 1602 qnod
528 1559 655 1602 quidem
671 1569 861 1600 magnopere
876 1560 1044 1601 probantes
1060 1558 1128 1596 Dii,
1140 1560 1255 1601 insigni
1270 1571 1342 1591 eum
1356 1560 1454 1603 gloria
1465 1562 1668 1604 decorarunt,

190 1612 265 1655 quia
281 1613 360 1644 tanti
385 1618 553 1645 amatorem
578 1624 669 1644 suum
695 1612 832 1644 fecisset.
878 1613 1053 1656 AEschylus
1079 1612 1172 1656 plane
1199 1614 1327 1656 delirat,
1345 1625 1418 1646 cum
1435 1614 1614 1647 Patroclum
1629 1617 1671 1648 ab

189 1666 316 1699 Achille
333 1667 412 1699 dicit
425 1673 573 1706 amatum,
590 1668 644 1710 qui
659 1678 722 1698 non
739 1666 888 1699 Patroclo
904 1672 1153 1706 tantum,verum
1167 1668 1263 1700 etiam
1276 1669 1399 1700 cunctIs
1414 1669 1560 1702 heroibus
1571 1670 1671 1702 forma

189 1722 369 1764 praestabat,
384 1727 512 1765 eratque
528 1723 631 1754 adbuc
646 1721 806 1759 imberbis,
820 1721 982 1764 multoque
998 1727 1076 1754 natu
1094 1723 1207 1760 minor,
1225 1728 1259 1753 ut
1274 1723 1556 1765 inquitHomerus.
1599 1724 1668 1757 Re-

188 1786 263 1806 vera
277 1775 423 1807 virtutem
438 1777 520 1808 hanc
534 1775 568 1808 in
595 1787 698 1808 amore
722 1775 777 1807 Dii
802 1775 931 1818 plurimi
950 1776 1093 1809 faciunt:
1120 1777 1337 1808 vehementius
1353 1782 1458 1809 autem
1479 1778 1672 1810 admirantur

188 1829 459 1873 delectanturque,
475 1842 512 1863 ac
529 1830 646 1873 majora
660 1830 812 1862 beneficia
827 1830 1006 1868 conferunt,
1023 1831 1152 1873 quando
1184 1837 1306 1863 amatus
1322 1837 1489 1865 amatorem
1505 1837 1624 1864 tutatur
1637 1838 1671 1864 et

190 1883 307 1926 diligit,
321 1895 415 1927 quam
431 1895 502 1917 cum
517 1890 636 1916 amator
649 1890 798 1917 amatum.
843 1884 993 1917 Divinior
1009 1885 1094 1917 enim
1110 1891 1160 1918 est
1187 1892 1307 1917 amator
1334 1891 1452 1924 amato,
1467 1897 1538 1919 cum
1559 1887 1670 1918 divino

189 1938 292 1970 furore
309 1939 350 1971 sit
364 1945 482 1982 raptus,
528 1940 739 1978 Quamobrem
756 1939 914 1972 Achillem
933 1940 1031 1982 magis
1047 1951 1145 1982 quam
1162 1940 1323 1972 Alcestem
1342 1942 1557 1974 honorarunt:
1580 1940 1670 1972 illum

189 1993 312 2035 quippe
326 1994 358 2025 in
371 1995 531 2026 beatorum
546 1995 662 2028 insulas
679 1995 926 2026 transmiserunt·
968 1994 1015 2026 Ex
1031 1995 1079 2026 his
1095 1995 1240 2026 omnibus
1251 1994 1397 2027 Amorem
1410 2005 1512 2026 assero
1524 1994 1666 2026 Deorum

190 2047 330 2079 omnium
341 2049 591 2091 antiquissimum
607 2054 701 2091 atque
719 2059 919 2091 summopere
935 2049 1162 2087 venerandum,
1178 2054 1210 2080 et
1226 2049 1357 2081 maxime
1368 2049 1508 2080 omnium
1520 2049 1559 2080 ad
1572 2049 1669 2080 virtu·

190 2107 254 2133 tem
270 2107 303 2134 et
312 2103 539 2135 beatitudinem
557 2104 811 2146 consequendam
825 2103 1018 2142 hominibus,
1035 2110 1098 2134 tam
1115 2103 1292 2135 viventibus
1303 2113 1396 2145 quam
1408 2103 1580 2141 defunctis,
1593 2113 1670 2135 con-

191 2156 319 2189 ducere.
350 2157 459 2188 Talem
470 2157 564 2189 fuisse
575 2168 749 2189 sermonem
763 2158 890 2189 Phaedri
902 2157 1036 2189 narravit
1051 2169 1058 2188 :
1077 2163 1149 2199 post
1159 2158 1327 2189 Phaedrum
1339 2168 1412 2189 vero
1423 2157 1502 2189 alios
1513 2157 1668 2200 quosdam

191 2211 288 2242 fuisse
304 2211 439 2249 locutos,
454 2212 509 2243 sed
523 2223 540 2243 e
556 2212 705 2243 memoria
720 2212 884 2244 excidisse.
906 2223 960 2244 eos
978 2212 1073 2254 igitur
1089 2212 1341 2254 praetermittens,
1357 2211 1452 2253 hanc,
1466 2221 1560 2254 qnam
1569 2210 1666 2243 modo

189 2265 332 2303 referam,
361 2265 533 2307 orationem
562 2266 728 2298 PausanIae
755 2267 885 2299 retulit:
910 2267 1049 2299 Videtur
1075 2267 1163 2305 mibi,
1189 2266 1336 2304 Phaedre,
1367 2265 1451 2297 haud
1479 2266 1554 2298 satis
1582 2270 1667 2298 recte

189 2329 290 2350 sermo
305 2319 359 2351 ille
374 2320 467 2352 nobis
482 2331 547 2351 esse
563 2321 756 2362 propositus,
771 2332 834 2363 quo
851 2321 1000 2352 Amorem
1024 2320 1209 2364 simpliciter
1222 2321 1350 2352 laudare
1368 2319 1528 2362 jubemur.
1551 2329 1624 2351 nam
1639 2319 1666 2351 si

189 2383 271 2404 unus
286 2378 369 2404 esset
382 2373 493 2411 Amor,
510 2374 605 2416 probe
618 2375 738 2406 dictum
750 2375 872 2407 fuisset.
894 2386 966 2407 cum
982 2386 1054 2407 vero
1066 2386 1129 2406 non
1146 2386 1226 2406 unus
1242 2375 1282 2406 sit
1297 2374 1472 2411 dumtaxat,
1485 2373 1581 2406 satius
1592 2385 1664 2406 eum

191 2427 289 2469 prius,
305 2427 360 2469 qui
376 2427 415 2459 sit
428 2428 616 2466 laudandus,
632 2430 814 2471 exprimere.
839 2431 899 2462 hoc
923 2430 1033 2472 itaque
1054 2430 1221 2461 emendare
1247 2428 1396 2461 conabor.
1445 2428 1552 2460 Primo
1567 2429 1666 2466 enim,

190 2491 284 2523 quem
296 2480 442 2513 Amorem
460 2482 586 2514 laudare
601 2483 724 2521 deceat,
741 2484 927 2526 explicabo:
952 2484 1069 2516 deinde
1084 2494 1141 2526 pro
1157 2482 1223 2515 Dei
1239 2481 1328 2514 istius
1343 2481 1497 2525 dignitate
1513 2482 1663 2514 extollere

190 2534 282 2567 nitar.
305 2534 473 2567 Neminem
501 2537 641 2578 profecto
665 2538 752 2575 latet,
768 2539 888 2580 absque
907 2537 1023 2569 Amore
1041 2537 1197 2569 Venerem
1222 2547 1384 2579 nunquam
1412 2547 1490 2570 esse.
1512 2546 1623 2579 quare,
1637 2536 1663 2568 si

191 2598 255 2620 una
269 2592 351 2620 esset
363 2588 484 2626 Venus,
501 2601 581 2621 unus
596 2596 629 2622 et
644 2590 752 2623 Amor.
799 2591 958 2629 Quoniam
977 2602 1049 2623 vero
1062 2591 1134 2622 duaa
1149 2595 1225 2622 sunt
1239 2590 1391 2632 Veneres,
1406 2590 1563 2635 geminum
1584 2599 1664 2632 quo-

191 2653 254 2684 que
271 2641 418 2674 Amorem
438 2654 504 2675 esse
530 2655 659 2677 necesse
683 2651 743 2678 est.
789 2645 958 2678 Geminam
981 2650 1087 2678 autem
1110 2645 1215 2677 Deam
1240 2645 1323 2676 hanc
1350 2655 1430 2681 esse,
1453 2644 1525 2686 quis
1550 2644 1666 2686 neget?

190 2707 297 2728 nonne
314 2707 376 2728 una
391 2698 535 2739 quaedam
555 2698 716 2742 antiquior
739 2705 787 2732 est
812 2705 845 2732 et
859 2700 926 2731 sine
941 2705 1039 2732 matre
1053 2699 1178 2740 Venus,
1192 2697 1281 2730 Coelo
1298 2703 1384 2736 nata,
1397 2708 1490 2741 quam
1506 2697 1665 2730 coelestem

193 2749 351 2783 Venerem
367 2753 608 2794 nuncupamus?
631 2753 728 2786 altera
742 2765 815 2786 vero
834 2754 955 2797 junior,
971 2766 988 2787 e
1015 2754 1096 2786 Jove
1118 2758 1151 2785 et
1176 2752 1283 2784 Dione
1299 2753 1475 2795 progenita,
1489 2761 1582 2794 quam
1598 2751 1666 2783 vul·

192 2815 297 2847 garem
312 2816 572 2849 communemque
589 2818 737 2840 vocamus
754 2809 766 2840 ?
812 2809 1033 2841 Necessarium
1052 2809 1170 2851 itaque,
1187 2807 1348 2849 Amorem,
1364 2805 1494 2838 Veneris
1513 2805 1596 2837 illius
1609 2815 1664 2837 co-

193 2859 312 2898 mitem,
342 2859 498 2893 coelestem
528 2862 630 2893 vocari
646 2873 655 2902 ;
686 2862 780 2904 hujus
811 2874 882 2895 vero
910 2862 1078 2905 vulgarem.
1124 2862 1267 2893 Laudare
1292 2861 1420 2903 quidem
1442 2859 1530 2891 Deos
1555 2868 1664 2890 omnes

194 2914 310 2955 decet5
333 2914 387 2945 sed
405 2913 564 2956 utriusque
580 2913 704 2947 Amoris
721 2927 818 2958 opera
834 2916 1068 2959 distinguenda.
1112 2915 1258 2948 Actionis
1274 2914 1442 2956 cujuslibet
1452 2914 1520 2945 haec
1532 2919 1580 2945 est
1588 2923 1665 2945 con·

192 2967 283 3007 ditio,
298 2973 333 3000 ut
349 2974 460 3012 suapte
475 2974 584 3002 natura
609 2969 706 3014 [181]
727 2981 831 3014 neque
847 2972 980 3005 honesta
995 2971 1035 3004 sit
1047 2980 1150 3014 neque
1167 2969 1287 3014 turpis:
1313 2974 1349 3002 ut
1363 2978 1412 3008 ea,
1426 2977 1498 3011 quoe
1511 2977 1595 3000 nunc
1607 2977 1666 3001 nos
