1846 3268
183 278 283 331 431]
762 275 1060 317 CRATYLUS.
1566 276 1643 314 333

183 382 299 425 Neque
321 380 501 424 impositum
526 389 609 418 esse,
622 389 643 412 o
665 380 822 416 Socrates,
839 378 993 418 arbitron
1015 376 1070 409 sed
1087 377 1208 410 videri:
1231 387 1298 410 esse
1321 381 1424 409 autem
1447 377 1573 410 alterius
1594 389 1650 410 cu-

176 436 305 478 jusdam
319 446 447 472 nomen,
461 435 512 467 cui
528 438 637 465 natura
651 434 748 473 inest,
762 443 833 474 quae
847 431 976 463 nomine
996 432 1189 463 continetur.
1232 431 1289 462 So.
1312 430 1425 462 Utrum
1442 440 1545 472 neque
1563 441 1651 462 men-

180 489 267 531 titur,
282 489 422 532 quisquis
437 488 669 529 Hermogenem
685 497 752 518 esse
768 497 840 518 eum
856 485 957 517 dicit?
980 495 1084 527 neque
1100 485 1183 516 enim
1198 485 1259 516 hoc
1275 489 1324 516 est
1334 484 1557 520 dubitandum,
1571 485 1646 526 quin

176 554 248 576 eum
271 543 358 575 dicat
377 543 609 584 Hermogenem
635 552 715 578 esse,
730 552 803 572 curn
829 551 893 571 non
922 539 972 571 sit.
1017 540 1131 572 CRAT.
1157 539 1230 576 Qua
1256 539 1376 570 ratione
1402 538 1434 569 id
1462 538 1533 569 ais?
1590 539 1646 570 So.

177 597 332 639 Nnnquid
347 607 385 628 ex
400 607 452 634 eo,
467 596 554 638 quod
569 605 634 626 non
651 595 743 626 datur
758 595 863 626 dicere
879 594 971 634 falsa,
988 603 1088 624 senno
1105 598 1177 623 tuus
1191 597 1329 633 constat,
1342 596 1375 624 et
1388 592 1472 624 circa
1486 592 1569 624 istud
1584 603 1651 624 ver-

178 650 286 682 satur?
309 650 457 692 permulti
472 660 587 691 nempe
603 649 648 687 id,
667 659 687 680 o
701 649 801 680 amice
818 648 961 690 Cratyle,
976 652 1010 678 et
1026 657 1110 678 nunc
1127 647 1300 688 praedicant
1323 651 1359 678 et
1381 647 1541 688 quondam
1567 657 1651 678 asse-

178 709 318 738 ruerunt.
362 704 474 736 CRAT.
499 703 572 741 Quo
589 708 696 745 pacto,
713 713 733 734 ο
748 702 905 742 Socrates,
919 702 994 732 dum
1020 701 1098 732 dicit
1125 700 1196 743 quis
1211 701 1295 742 quod
1312 700 1403 737 dicit,
1419 701 1504 741 quod
1519 711 1582 731 non
1598 705 1646 731 est

177 757 315 789 dixerit?
339 767 380 788 an
395 767 459 788 non
475 758 534 789 hoc
555 763 604 789 est
626 757 705 788 falsa
727 756 845 793 dicere,
861 766 932 797 quae
954 765 1019 786 non
1041 760 1115 786 sunt
1137 755 1265 786 dicere?
1311 755 1368 785 So.
1391 754 1573 785 Praeclarior
1590 754 1643 786 hic

180 821 292 848 sermo,
307 811 418 847 amice,
434 821 527 853 quam
543 811 687 842 conditio
702 821 773 842 mea
789 814 821 841 et
836 814 911 840 aetas
926 809 1042 851 exigat.
1066 813 1202 839 attamen
1219 808 1294 838 mihi
1311 808 1410 845 dicas,
1434 813 1536 838 utrum
1559 808 1648 850 loqui

180 864 257 896 falsa
269 875 334 896 non
345 874 437 906 posse
453 865 567 907 aliquis
582 865 639 895 tibi
653 865 788 901 videtur,
799 864 855 894 fari
872 868 975 895 autem
993 863 1106 904 posse?
1145 862 1256 894 CnA'r.
1279 861 1394 903 Neque
1409 861 1477 892 fari.
1514 861 1571 893 So.
1593 861 1646 894 Ac

180 917 276 949 etism
289 928 391 960 neque
403 918 508 950 dicere
519 929 623 960 neque
635 918 794 960 appellare
807 918 1003 959 salutareque
1017 917 1027 947 ?
1055 917 1320 959 quemadmodum
1337 916 1362 947 si
1378 915 1449 957 quis
1467 915 1522 946 tibi
1538 915 1648 947 obvius

183 971 405 1013 hospitalitatis
417 971 488 1013 jure
504 983 597 1003 manu
614 978 645 1003 te
661 973 871 1014 prehendens,
887 972 983 1012 dicat,
996 971 1099 1007 Salve,
1114 972 1230 1012 hospes
1243 969 1456 1007 Atheniensis,
1469 970 1650 1001 Smicrionis

182 1024 240 1066 fili,
255 1026 490 1067 Hermogenes:
515 1026 568 1057 ille
591 1027 769 1068 loqueretur
784 1027 845 1057 ista
866 1026 916 1058 vel
940 1025 999 1056 fari
1025 1025 1191 1061 diceretur,
1208 1025 1258 1056 vel
1281 1024 1401 1055 diceret
1424 1024 1473 1055 vel
1500 1023 1649 1054 salutaret

183 1079 420 1121 appellaretque
443 1080 488 1110 ita
509 1090 573 1110 non
596 1085 628 1111 te
652 1080 791 1121 quidem,
819 1080 874 1111 sed
897 1080 982 1110 huuc
1001 1078 1255 1119 Hermogenem?
1278 1082 1333 1108 aut
1347 1077 1492 1108 nullum?
1538 1077 1650 1109 CnA’r.

182 1133 317 1165 Videtur
331 1132 422 1174 mihi,
446 1144 466 1164 o
482 1133 638 1174 Socrates,
661 1133 814 1165 incassum
839 1134 906 1164 baec
929 1132 989 1164 iste
1003 1131 1183 1164 vociferare.
1227 1133 1282 1164 So.
1305 1131 1361 1163 Sat
1375 1132 1488 1163 babeo.
1531 1131 1647 1163 Utrum

184 1186 282 1229 [480]
306 1197 377 1218 vera
399 1187 563 1228 vociferat,
587 1186 642 1228 qui
666 1187 712 1218 ita
737 1187 863 1222 clamat,
886 1196 927 1216 an
948 1185 1051 1216 salsa?
1086 1189 1140 1215 aut
1162 1185 1274 1226 partim
1304 1195 1386 1226 vera,
1411 1185 1522 1226 partim
1547 1184 1648 1216 salsa?

181 1250 255 1271 nam
290 1240 351 1271 hoc
382 1250 509 1282 quoque
538 1240 683 1271 sufficiet.
728 1239 840 1272 Cast.
865 1239 982 1269 Sonare
1003 1239 1088 1270 hunc
1117 1248 1177 1280 ego
1212 1238 1328 1275 dicam,
1364 1238 1500 1279 seipsum
1537 1238 1649 1270 frustra

183 1298 372 1330 moventem,
399 1303 456 1324 ceu
480 1293 507 1324 si
527 1293 597 1335 quis
623 1303 695 1324 aera
715 1292 829 1334 pulset.
873 1292 928 1323 So.
950 1291 1187 1328 Animadverte,
1218 1291 1359 1333 Cratyle‚
1389 1296 1491 1322 utrum
1520 1302 1648 1333 quoquo

181 1347 277 1378 modo
308 1347 541 1378 conveniamus.
574 1355 680 1377 nonne
711 1346 794 1376 aliud
825 1355 953 1382 nomen,
982 1345 1068 1376 aliud
1098 1345 1187 1386 cujus
1215 1355 1330 1376 nomen
1359 1350 1420 1388 est,
1449 1356 1516 1377 esse
1545 1346 1647 1378 dicis?

179 1400 292 1432 Cur.
314 1399 480 1441 Equidem.
523 1400 580 1431 So.
603 1399 647 1430 Et
669 1409 784 1430 nomeu
799 1399 845 1430 rei
870 1399 969 1440 ipsius
983 1398 1190 1430 imitationem
1215 1400 1373 1441 quandam
1395 1400 1487 1430 esse?
1533 1400 1646 1432 Cnxr.

179 1453 322 1486 Maxime
337 1454 487 1486 omnium.
524 1454 581 1485 So.
605 1453 646 1484 Et
671 1454 808 1495 picturas
823 1452 886 1484 alio
914 1453 1050 1495 quodam
1073 1454 1168 1484 modo
1197 1463 1298 1484 rerum
1322 1455 1515 1495 quarundam
1545 1453 1647 1485 imita-

178 1506 304 1538 tiones?
349 1506 461 1539 Cnrr.
485 1507 589 1539 Certe.
636 1506 693 1539 So.
717 1506 789 1549 Age
803 1518 889 1546 vero,
905 1507 985 1538 forte
999 1517 1071 1549 ego,
1085 1507 1161 1548 quid
1183 1507 1281 1544 dicas,
1306 1518 1369 1538 non
1385 1508 1458 1539 satis
1480 1508 1622 1550 intelligo
1638 1520 1646 1540 ς

179 1564 214 1591 tu
229 1566 334 1592 autem
349 1561 480 1592 forsitan
494 1566 577 1592 reete
593 1561 740 1602 loqueris.
764 1560 933 1592 Possumus
959 1562 1014 1592 has
1028 1561 1218 1593 imitationes
1240 1566 1386 1603 utrasque
1407 1566 1450 1601 ,et
1465 1562 1601 1603 picturas
1615 1567 1648 1593 et

182 1614 321 1657 nomina,
331 1615 422 1645 rebus
429 1615 477 1646 his
486 1625 615 1656 quarum
626 1615 815 1646 imitationes
827 1620 911 1652 sunt,
924 1615 1104 1656 attribuere,
1114 1626 1214 1647 necne
1227 1616 1238 1646 ?
1263 1615 1373 1647 CnAT.
1388 1616 1569 1647 Possumus.
1591 1617 1647 1648 So.

181 1666 321 1699 Adverte
336 1668 419 1699 istud
435 1669 467 1699 in
483 1669 604 1710 primis.
618 1669 873 1711 nunquidpossit
883 1669 994 1711 aliquis
1007 1669 1063 1700 viri
1074 1669 1240 1711 imaginem
1253 1670 1318 1700 viro
1331 1674 1364 1701 et
1379 1669 1498 1701 mulieri
1511 1670 1648 1702 mulieris

181 1720 328 1759 tribuere,
343 1721 421 1752 etin
437 1722 505 1753 aliis
519 1723 631 1754 eodem
647 1724 763 1764 pacto?
788 1723 900 1755 Cnxr.
923 1724 975 1755 Sic
986 1729 1081 1755 certe.
1103 1724 1161 1755 So.
1184 1723 1270 1755 Num
1283 1728 1316 1755 et
1329 1730 1450 1766 contra,
1468 1724 1521 1755 viri
1537 1724 1647 1766 imagi-

180 1785 251 1806 nem
268 1775 387 1806 mulieri
402 1781 434 1807 et
447 1776 583 1807 mulieris
599 1777 664 1808 viro
678 1778 690 1808 ?
714 1778 825 1809 Cna'r.
849 1778 892 1809 Et
903 1779 974 1810 hoc.
996 1778 1051 1810 So.
1075 1777 1129 1809 An
1141 1783 1280 1819 utraeque
1293 1778 1527 1809 distributiones
1538 1778 1647 1820 hujus-

182 1829 267 1860 modi
275 1834 367 1861 rectae
374 1830 466 1861 sunt?
484 1830 532 1861 vel
542 1831 648 1872 potius
655 1831 762 1873 altera,
776 1842 847 1874 quae
857 1832 971 1874 cuique
981 1832 1139 1874 proprium
1153 1832 1315 1874 simileque
1331 1832 1473 1863 attribuit
1486 1832 1497 1862 ?
1535 1831 1648 1865 Cau,

180 1883 266 1914 Mihi
278 1883 405 1926 quidem
418 1884 552 1916 videtur.
575 1885 632 1916 So.
649 1885 700 1917 Ne
712 1886 806 1927 igitur
816 1897 874 1928 ego
886 1891 980 1928 actu,
992 1897 1062 1918 curn
1073 1887 1168 1918 simus
1184 1886 1287 1923 amici,
1300 1887 1331 1917 in
1349 1887 1449 1917 verbis
1457 1897 1646 1929 pugnemus,

180 1937 398 1979 ndvertequod
409 1938 493 1969 dico.
529 1938 636 1970 Talem
649 1950 709 1981 ego
718 1940 967 1972 distributionem
980 1941 1013 1971 in
1029 1940 1254 1971 imitationibus
1265 1940 1415 1982 utrisque,
1432 1945 1495 1971 tam
1510 1940 1646 1972 nomini-

179 1991 239 2022 bus
261 2001 355 2032 quam
375 1992 515 2034 picturis,
534 1998 649 2024 rectam
662 2004 766 2026 voco:
794 1999 828 2025 et
852 1994 886 2025 in
902 1994 1078 2026 nominibus
1094 2005 1159 2026 non
1181 2000 1296 2026 rectam
1323 1995 1430 2031 modo,
1453 1994 1507 2025 sed
1533 2005 1646 2026 veram.

181 2043 322 2076 Alteram
339 2056 410 2077 vero
426 2046 584 2078 dissimilis
598 2047 696 2088 ipsius
713 2048 912 2080 tributionem
936 2048 1173 2090 illationemque
1188 2059 1253 2079 non
1268 2054 1395 2085 rectam,
1411 2049 1491 2080 etin
1508 2049 1646 2080 nomini-

182 2099 240 2130 bus
255 2104 403 2140 praeterea
417 2100 538 2133 falsam.
584 2101 695 2135 CRAT.
719 2102 766 2133 At
780 2103 866 2143 vide,
880 2114 898 2134 ο
914 2103 1070 2140 Socrates,
1094 2114 1134 2135 ne
1149 2103 1227 2134 sorte
1243 2103 1276 2134 in
1292 2103 1421 2145 picturis
1437 2102 1590 2133 duntaxat
1611 2102 1646 2133 id

181 2153 363 2195 contingere
378 2155 488 2195 possit,
504 2160 540 2186 ut
563 2156 633 2197 quis
648 2157 730 2188 male
744 2157 908 2198 dispertiat
921 2170 928 2188 :
953 2157 986 2188 in
1001 2157 1179 2188 nominibus
1194 2162 1296 2188 autern
1311 2156 1452 2198 minime,
1467 2157 1520 2188 sed
1537 2166 1646 2188 neces-

182 2206 294 2238 sarium
309 2208 447 2239 sitrecte
463 2219 584 2251 semper
598 2211 762 2243 ascribere.
805 2212 864 2243 So.
888 2211 975 2249 Quid
997 2211 1066 2242 ais?
1091 2222 1156 2253 quo
1173 2212 1212 2242 ab
1238 2211 1292 2242 illo
1307 2212 1367 2242 hoc
1387 2211 1515 2242 differt?
1539 2221 1645 2242 nonne

179 2259 248 2291 fieri
263 2266 380 2303 potest,
403 2267 438 2293 ut
452 2263 590 2305 cuipiam
607 2264 671 2295 viro
686 2265 756 2307 quis
771 2265 882 2296 obvius
897 2267 993 2303 dicat,
1010 2265 1088 2296 Haec
1101 2270 1156 2296 tua
1171 2265 1270 2307 figura
1285 2269 1353 2296 est:
1377 2265 1586 2306 ostendatque
1601 2264 1648 2295 illi

181 2315 261 2345 forte
278 2314 334 2346 viri
349 2315 430 2346 illius
445 2316 588 2358 figuram,
602 2318 682 2349 forte
698 2318 792 2350 etiam
808 2319 967 2351 mulieris?
993 2320 1157 2351 ostendere
1172 2320 1312 2361 inquam,
1328 2319 1469 2350 sensibus
1484 2319 1646 2350 oculorum

181 2370 303 2404 offerre.
349 2372 460 2412 Cnar.
484 2373 587 2405 Certe.
634 2374 690 2406 So.
715 2375 832 2406 Nonne
847 2376 971 2416 iterum,
993 2380 1028 2406 ut
1042 2376 1144 2406 eidem
1162 2376 1263 2407 sactus
1279 2374 1401 2406 obviam
1426 2374 1522 2416 [431]
1548 2374 1645 2411 dicat,

181 2423 308 2456 Nomen
324 2425 356 2456 id
372 2430 460 2457 tuum
477 2432 521 2458 est
535 2427 546 2458 ?
569 2428 704 2459 imitatio
728 2429 848 2471 quippe
873 2429 978 2471 aliqua
993 2439 1107 2460 nomen
1131 2434 1189 2470 est,
1211 2429 1475 2470 quemadmodum
1491 2433 1523 2459 et
1537 2428 1646 2469 figura.

179 2477 264 2508 Dico
280 2483 383 2510 autem
398 2479 441 2510 ita
455 2491 462 2510 :
486 2490 594 2512 nonne
611 2482 719 2513 licebit
735 2483 779 2513 illi
796 2483 914 2524 dicere,
931 2482 1057 2514 Nomen
1073 2484 1132 2514 hoc
1149 2488 1236 2514 tuum
1252 2483 1321 2514 est?
1344 2482 1460 2514 deinde
1477 2482 1506 2512 in
1524 2493 1596 2513 aure
1613 2492 1646 2513 se

179 2529 264 2562 idem
289 2532 467 2570 infundere,
493 2534 572 2565 forte
587 2535 656 2576 ejus
680 2536 888 2568 imitationem
914 2538 1050 2568 dicendo
1074 2538 1159 2578 quod
1187 2537 1234 2568 vir
1255 2542 1314 2579 est,
1339 2536 1418 2568 forte
1434 2547 1505 2567 vero
1522 2536 1646 2567 feminae

180 2584 343 2626 cujusdam
367 2587 510 2617 humanae
533 2587 749 2626 imitationem,
772 2589 922 2632 dicendo,
947 2591 1034 2632 quod
1058 2591 1191 2621 mulier?
1215 2601 1279 2621 non
1294 2591 1418 2621 videtur
1435 2590 1488 2621 tibi
1505 2591 1564 2621 hoc
1589 2590 1646 2620 ali-

180 2640 306 2680 quando
323 2640 386 2670 fieri
405 2641 519 2681 posse?
565 2642 676 2674 Can.
700 2643 883 2675 Concedere
899 2643 956 2675 tibi
972 2645 1054 2681 volo,
1067 2656 1085 2675 o
1101 2645 1254 2676 Socrates.
1278 2644 1322 2675 sic
1338 2649 1418 2676 esto.
1462 2644 1518 2675 So.
1543 2644 1646 2674 Recte

179 2692 270 2729 facis,
287 2694 396 2726 amice.
421 2706 457 2726 ac
473 2695 499 2726 si
515 2696 546 2726 id
563 2698 606 2727 ita
621 2707 654 2728 se
669 2698 774 2734 habet,
790 2699 1000 2730 controversia
1011 2699 1077 2741 jam
1096 2700 1231 2731 tolletur.
1270 2700 1366 2730 Porro
1382 2699 1407 2730 si
1423 2700 1454 2730 in
1472 2700 1519 2730 his
1537 2698 1646 2740 hujus-

178 2747 262 2778 modi
279 2749 422 2789 quaedam
441 2750 564 2790 partitio
581 2751 626 2787 fit,
639 2751 768 2782 alterum
791 2763 862 2784 vere
880 2753 977 2794 loqui,
995 2754 1123 2784 alterum
1142 2753 1227 2795 loqui
1243 2753 1318 2784 falsa
1336 2764 1492 2786 vocamus.
1536 2753 1569 2783 Si
1586 2754 1645 2783 hoc

181 2801 309 2839 accidit,
338 2808 370 2833 et
383 2814 548 2844 possumus
562 2815 625 2835 non
642 2810 724 2836 recte
741 2806 867 2837 nomina
883 2808 1077 2844 distribuere,
1094 2813 1126 2838 et
1141 2818 1211 2849 quae
1228 2818 1290 2838 non
1304 2808 1428 2850 propria
1443 2812 1516 2838 sunt
1532 2808 1646 2847 cuique

180 2856 331 2887 reddere:
355 2857 497 2888 similiter
511 2858 544 2888 in
560 2858 659 2889 verbis
674 2859 811 2890 aberrare
827 2860 943 2892 licebit.
971 2861 1026 2891 Sin
1042 2866 1145 2892 autem
1163 2863 1254 2893 verba
1270 2863 1460 2903 nominaque
1475 2862 1518 2891 ita
1530 2870 1646 2900 conge-

178 2920 244 2941 rere
259 2911 361 2948 datur,
388 2922 516 2944 necesse
531 2917 579 2943 est
593 2917 626 2943 et
649 2912 806 2944 orationes
821 2913 972 2946 similiter.
996 2915 1093 2946 oratio
1109 2915 1239 2957 quippe,
1262 2921 1297 2947 ut
1312 2916 1452 2952 arbitror,
1476 2919 1523 2944 est
1538 2914 1649 2944 verbo·

179 2975 245 2995 rum
261 2969 295 2996 et
323 2966 484 2996 nominum
501 2966 702 3009 compositiO.
737 2967 826 3004 Quid
843 2969 883 2998 ad
899 2968 968 3005 ista,
993 2968 1122 3011 Cratyle
1137 2969 1147 2999 ?
1186 2969 1298 3002 Cnu.
1320 2969 1415 3006 Quod
1433 2973 1464 2999 et
1480 2973 1525 2998 tu,
1549 2967 1644 3008 probe

178 3029 311 3060 namque
330 3019 415 3061 loqui
433 3020 555 3052 videris.
602 3021 657 3053 So.
682 3021 769 3058 Quin
785 3022 891 3060 etiam,
909 3023 933 3053 si
960 3023 1060 3064 prima
1083 3023 1210 3055 nomina
1227 3024 1265 3054 ad
1291 3024 1393 3054 literas
1410 3022 1494 3063 ipsas
1511 3022 1647 3063 quadan)
