1846 3268
187 269 280 319 162]
753 263 1093 303 CHARMIDES.
1599 268 1648 305 87

181 369 442 412 temperantiam:
467 366 597 410 pulchra
611 376 685 399 vero
700 375 764 397 non
780 366 883 397 minus
899 366 967 408 ipsa
981 366 1115 405 velocia,
1141 377 1235 410 quam
1259 368 1381 410 quieta,
1406 378 1473 399 esse
1499 369 1648 401 constite-

181 425 255 457 rint.
300 424 364 456 Cn.
388 422 491 454 Recte
518 420 635 452 dixisse
656 419 733 452 mihi
758 420 882 458 videris,
909 432 928 452 o
954 421 1108 453 Socrates.
1152 421 1209 453 So.
1232 421 1352 453 Rursus
1381 421 1486 464 igitur,
1512 433 1531 453 o
1551 422 1650 454 Char-

181 479 294 518 mides,
308 478 448 519 inquam,
465 475 614 506 attentius
629 479 660 506 te
675 474 778 516 ipsum
794 480 953 512 contuere,
981 480 1014 507 et
1027 476 1143 517 cogita,
1159 476 1284 518 qualem
1297 481 1328 507 te
1343 476 1552 518 temperantia
1567 487 1650 517 prae-

179 542 250 564 sens
276 531 402 572 efficiat,
427 529 568 571 qualisve
592 528 633 560 sit
658 528 738 571 ipsa,
763 529 838 559 dum
863 533 894 559 te
923 529 1018 560 talem
1041 530 1158 561 efficit:
1182 531 1250 562 haec
1276 534 1381 561 autem
1398 529 1649 561 animadvertens

180 586 296 622 omnia,
309 586 388 616 bene
403 583 594 625 viriliterque
615 583 783 625 responde,
805 583 884 625 quid
910 594 978 615 esse
1001 583 1059 614 tibi
1075 584 1208 616 videtur.
1252 583 1313 615 Ille
1339 583 1482 626 protinus
1498 594 1530 615 se
1545 583 1650 625 ipsum

179 639 320 681 collegit,
346 649 392 673 ac,
408 649 442 670 se
456 637 638 679 diligentius
659 637 903 679 contemplatus,
925 637 1072 674 Videtur,
1098 639 1154 674 ait,
1177 638 1385 681 temperantia
1411 638 1487 669 mihi
1500 648 1653 670 verecun-

179 694 256 725 dum
273 692 431 734 quendam
453 693 598 723 ruborem
622 691 783 728 inducere,
808 691 1083 733 verecundumque
1105 693 1264 723 hominem
1288 692 1409 724 facere:
1435 693 1650 734 pudoremque

178 758 246 780 esse
260 745 496 788 temperantiam
512 745 652 776 arbitror.
697 745 756 776 So.
777 745 864 782 Quid
889 745 958 776 ais?
983 755 1022 776 an
1049 756 1112 776 non
1137 746 1303 788 pulchrum
1329 746 1447 788 aliquid
1465 746 1560 787 paulo
1576 751 1650 778 ante

179 801 418 843 temperantiam
437 810 504 831 esse
528 799 680 832 dicebas?
726 798 792 830 Cn.
815 798 972 830 Dicebam
998 799 1156 841 equidem.
1202 800 1258 833 So.
1282 799 1399 831 Nonne
1415 800 1491 831 boni
1506 800 1649 831 homines

177 855 239 898 ipsi
255 854 419 897 temperati
435 859 507 886 sunt
523 854 535 885 ?
581 853 649 886 Cn.
672 853 763 884 Sunt.
808 854 866 885 So.
890 853 944 884 An
961 854 1078 885 bonum
1101 859 1206 896 putas,
1234 854 1319 897 quod
1335 865 1399 885 non
1415 854 1514 885 bonos
1529 853 1648 885 efficit?

180 910 248 943 Cn.
286 909 507 952 Nequaquam.
553 909 611 940 So.
634 907 710 940 Non
738 907 839 939 solum
863 907 970 951 itaque
998 908 1177 950 pulchrum,
1203 909 1257 940 sed
1277 913 1309 940 et
1332 909 1448 940 bonurn
1472 913 1530 941 est.
1553 907 1648 949 [161]

179 965 244 998 Cir.
268 963 354 996 Mihi
368 964 496 1006 quidem
510 963 644 995 videtur.
691 963 748 994 So.
771 962 846 994 Non
861 963 972 1000 credis,
987 968 1072 996 recte
1088 963 1259 995 Homerum
1274 963 1373 1005 loqui,
1401 962 1571 1002 dicentem,
1587 973 1646 1004 pu-

178 1019 285 1050 dorem
301 1019 366 1050 viro
382 1029 482 1060 egeno
499 1019 614 1050 bonum
631 1027 695 1049 non
711 1028 778 1049 esse
795 1017 806 1048 ?
851 1017 916 1050 Cn.
940 1017 1043 1049 Credo
1059 1017 1218 1060 equidem.
1264 1018 1318 1049 So.
1342 1017 1400 1048 Est
1420 1027 1506 1058 ergo,
1532 1021 1567 1047 ut
1589 1027 1648 1058 ap·

179 1077 281 1115 paret,
306 1073 409 1114 pudor
431 1083 495 1104 non
521 1073 652 1110 bonum,
674 1082 711 1104 ac
727 1072 855 1103 bonum.
902 1072 967 1104 Cn.
988 1072 1142 1114 Apparet.
1188 1073 1243 1105 So.
1266 1071 1487 1116 Temperantia
1501 1081 1574 1102 vero
1591 1071 1649 1102 bo-

179 1137 255 1158 num
271 1126 455 1159 dumtaxat:
480 1126 634 1169 siquidem
658 1127 757 1158 bonos
775 1126 852 1158 facit
874 1137 939 1164 eos,
963 1127 1077 1168 quibus
1103 1127 1204 1168 adest,
1230 1126 1328 1158 malos
1342 1137 1413 1157 vero
1438 1135 1648 1167 nequaquam.

181 1181 247 1214 Cri.
271 1182 322 1214 Ita
344 1183 432 1223 mihi,
457 1186 492 1213 ut
516 1182 664 1223 loqueris,
694 1191 761 1212 esse
777 1181 910 1214 videtur.
953 1181 1009 1213 So.
1035 1181 1116 1223 Ergo
1144 1181 1348 1223 temperantia
1374 1181 1477 1222 pudor
1491 1190 1554 1210 non
1570 1179 1649 1210 erit:

179 1236 436 1278 quandoquidem
452 1236 658 1277 temperantia
673 1235 790 1266 bonum
812 1240 860 1266 est
883 1235 1066 1275 dumtaxat3
1090 1236 1194 1278 pudor
1217 1240 1322 1267 autem
1346 1234 1446 1266 nihilo
1469 1233 1567 1275 magis
1591 1234 1650 1264 bo-

178 1301 254 1321 num
277 1295 337 1332 est,
364 1301 458 1333 quam
477 1290 605 1321 malum.
653 1289 717 1321 Cn.
742 1289 845 1321 Recte
871 1291 999 1331 quidem
1028 1290 1104 1321 mihi
1129 1290 1195 1322 dici
1219 1290 1280 1321 hoc
1295 1289 1432 1329 videtur,
1458 1299 1477 1319 ο
1494 1289 1648 1319 Socrates.

178 1345 296 1377 Verum
312 1334 452 1386 atteride,
467 1345 607 1381 obsecro,
631 1344 724 1386 quale
747 1344 806 1376 tibi
821 1344 943 1376 videtur
965 1346 1051 1387 quod
1075 1355 1178 1377 rursus
1201 1345 1367 1376 adducam.
1391 1343 1486 1374 modo
1501 1341 1586 1376 enim
1600 1351 1649 1372 re-

178 1399 324 1431 cordatus
338 1409 406 1430 sum
420 1399 508 1441 quod
536 1398 610 1429 mihi
638 1398 783 1430 traditum
806 1403 854 1430 est
877 1410 896 1430 a
921 1400 1072 1441 quodam,
1096 1400 1234 1440 dicente,
1260 1397 1498 1440 temperantiam
1513 1407 1591 1433 esse,
1614 1399 1650 1427 ut

178 1463 234 1485 sua
246 1453 378 1495 quisque
394 1458 476 1495 agat.
499 1452 677 1493 considera,
700 1463 741 1484 an
763 1458 847 1485 recte
871 1453 959 1496 loqui
977 1453 1120 1485 videatur
1134 1454 1204 1492 tibi,
1231 1453 1285 1496 qui
1310 1454 1378 1484 haec
1401 1451 1491 1483 dicit.
1535 1451 1591 1482 So.
1616 1449 1646 1481 Ο

178 1507 320 1545 sceleste,
343 1518 381 1539 ex
396 1508 456 1539 boc
472 1507 572 1539 Critia
597 1506 683 1538 istud
703 1507 831 1544 audisti,
856 1508 906 1538 vel
922 1508 982 1539 alio
999 1509 1146 1550 quopiam
1162 1507 1362 1550 sapientum?
1409 1506 1490 1539 Car.
1512 1504 1650 1537 Videtur

179 1571 254 1594 sane
265 1572 303 1593 ex
318 1560 382 1594 alio
396 1561 564 1593 audivisse.
587 1572 661 1592 narn
686 1572 725 1593 ex
745 1572 796 1593 me
818 1572 992 1604 nunquam.
1039 1562 1105 1594 Cu.
1129 1563 1291 1600 Quidnam
1306 1562 1409 1599 refert,
1432 1561 1587 1597 Socrates,
1609 1569 1648 1589 ex

178 1627 242 1659 quo
255 1616 430 1647 audiverim
445 1615 456 1646 ?
502 1615 557 1648 So.
580 1614 669 1646 Nihil
686 1616 838 1657 profecto.
861 1627 927 1648 non
947 1617 979 1647 id
995 1617 1257 1648 considerandum
1273 1621 1331 1654 est,
1347 1615 1418 1658 quis
1433 1614 1568 1646 dixerit:
1591 1613 1647 1644 sed

177 1675 281 1702 utrum
295 1681 366 1702 vere
390 1660 525 1708 dicatur,
547 1680 661 1702 necne.
707 1669 772 1701 Cri.
796 1670 898 1702 Probe
922 1681 1008 1703 nunc
1035 1670 1184 1713 loqueris.
1229 1671 1286 1703 So.
1310 1669 1414 1701 Recte
1439 1678 1494 1710 per
1519 1668 1646 1700 Jovem.

179 1725 315 1757 mirabor
329 1730 444 1762 tamen,
473 1725 509 1763 si,
534 1725 695 1766 quomodo
711 1725 796 1756 istud
812 1736 845 1756 se
859 1726 984 1763 habeat,
1001 1725 1221 1757 invenerimus.
1244 1735 1316 1756 nam
1340 1729 1388 1756 est
1403 1722 1576 1765 aenigmatis
1591 1732 1647 1753 cu-

175 1779 304 1821 jusdam
318 1778 489 1821 persimile.
534 1778 600 1811 Cn.
625 1779 860 1816 Quamobrem?
905 1779 962 1812 So.
987 1779 1072 1817 Quia
1095 1791 1159 1811 non
1181 1780 1308 1811 arbitror
1327 1778 1374 1810 ita
1397 1778 1529 1810 sensisse
1545 1777 1646 1814 illum,

179 1837 216 1864 ut
232 1833 324 1865 verba
338 1837 463 1873 sonant,
489 1833 726 1875 temperantiam
749 1833 869 1865 scilicet
891 1844 970 1871 esse,
999 1839 1034 1865 ut
1056 1845 1112 1866 sua
1134 1833 1267 1877 quilibet
1282 1838 1364 1875 agat.
1408 1822 1538 1864 Nihilne
1555 1837 1646 1873 putas

181 1886 415 1928 grammaticum
430 1898 534 1929 agere,
562 1888 689 1929 quaudo
715 1888 834 1926 scribit,
849 1888 898 1919 vel
913 1888 1011 1931 legit?
1057 1889 1121 1923 Cri.
1146 1889 1230 1920 Puto
1245 1888 1393 1930 equidem
1409 1887 1527 1929 aliquid
1544 1896 1646 1928 agere.

180 1941 239 1972 So.
260 1940 434 1972 Videturne
459 1941 516 1972 tibi
543 1942 761 1983 grammaticus
787 1953 903 1974 nornen
928 1953 1018 1974 suum
1046 1948 1166 1974 tantum
1190 1943 1336 1981 scribere,
1364 1953 1402 1974 ac
1431 1941 1558 1983 legere?
1596 1939 1646 1970 vel

180 1993 273 2025 etiam
288 2005 344 2026 vos
361 2005 474 2036 pueros
489 1996 634 2027 erudire?
658 2007 761 2038 neque
775 1997 860 2028 enim
882 1997 984 2028 minus
999 1998 1195 2030 inimicorum
1209 2002 1284 2030 tunc
1300 1996 1439 2036 nomina,
1462 2006 1555 2038 quam
1576 2005 1646 2026 vcs-

180 2053 227 2079 tra
243 2048 486 2091 amicorumque,
502 2049 698 2082 scribebatis.
746 2050 812 2084 Cu.
836 2051 931 2083 Certe
945 2062 1011 2082 non
1033 2053 1148 2085 minus.
1192 2053 1248 2084 So.
1271 2052 1324 2083 An
1339 2062 1411 2084 cum
1426 2050 1558 2092 ageretis
1572 2050 1646 2085 hoc,

181 2102 362 2134 curiosiores
376 2103 482 2140 eratis,
492 2114 586 2146 quam
601 2104 707 2146 decet,
730 2109 761 2135 et
777 2116 796 2136 a
811 2107 1026 2147 temperantiae
1042 2107 1111 2148 lege
1128 2106 1338 2138 discedebatis
1351 2107 1362 2137 ?
1409 2106 1473 2137 Cn.
1497 2104 1645 2136 Minime.

180 2156 235 2189 So.
257 2156 302 2188 At
316 2167 389 2189 vero
414 2168 477 2189 nou
495 2163 598 2189 vestra
621 2158 762 2200 agebatis
785 2164 921 2200 tantum,
945 2160 971 2190 si
995 2161 1128 2192 scribere
1153 2171 1189 2193 ac
1205 2161 1309 2202 legere
1330 2164 1420 2201 agere
1446 2158 1564 2200 aliquid
1588 2162 1646 2188 est.

181 2209 246 2243 Cn.
269 2210 327 2242 Est
337 2211 456 2253 utique.
500 2213 554 2246 So.
578 2213 734 2244 Proeterea
747 2214 876 2251 mederi,
889 2225 907 2245 ο
921 2215 1031 2251 amice,
1043 2216 1209 2253 aedificare,
1222 2220 1337 2251 texere,
1349 2219 1381 2245 et
1390 2213 1558 2255 cujuslibet
1573 2211 1646 2242 artis

182 2274 262 2306 opus
277 2265 414 2307 explere,
429 2275 520 2307 agere
533 2266 650 2309 aliquid
667 2272 726 2307 est,
736 2278 776 2299 an
792 2267 869 2298 nihil
883 2269 894 2299 ?
926 2267 991 2301 Cn.
1019 2268 1147 2311 Aliquid
1165 2280 1298 2311 prorsus.
1331 2269 1387 2299 So.
1411 2268 1463 2298 An
1479 2266 1648 2301 videretur,

181 2318 322 2360 inquam,
335 2319 393 2351 tibi
409 2321 488 2352 bene
503 2321 556 2351 illa
567 2321 676 2352 civitas
688 2321 843 2359 instituta,
854 2323 885 2352 iu
897 2333 958 2364 qua
974 2323 1059 2364 leges
1066 2323 1225 2364 juberent,
1239 2328 1274 2354 ut
1290 2328 1404 2354 vestem
1415 2321 1547 2364 quisque
1560 2330 1647 2350 suam

181 2378 276 2414 texat,
299 2373 456 2415 lavetque,
476 2375 662 2417 calceosque
687 2376 834 2407 conficiat
853 2387 937 2413 suos,
954 2383 986 2408 et
1012 2377 1160 2418 strigilem
1179 2382 1212 2409 et
1225 2376 1351 2408 vascula
1367 2376 1492 2412 olearia,
1514 2374 1561 2405 vel
1588 2384 1645 2404 un-

183 2427 356 2468 guentaria,
371 2434 404 2459 et
417 2428 625 2470 supellectilia
638 2440 771 2472 quaeque
788 2441 795 2462 :
823 2430 919 2473 [162]
933 2431 1034 2462 aliena
1049 2432 1176 2474 quidem
1192 2433 1325 2473 attingat
1341 2439 1512 2473 nunquam,
1522 2427 1650 2471 propria

183 2491 255 2512 vero
270 2481 404 2523 ipsemet
418 2484 569 2524 peragat?
616 2484 680 2516 Cu.
698 2484 920 2526 Nequaquam.
954 2487 1012 2519 So.
1027 2485 1250 2518 Verumtamen
1267 2487 1292 2517 si
1308 2492 1478 2528 temperate
1493 2486 1646 2527 disposita

183 2539 231 2565 est
245 2534 365 2572 civitas,
380 2536 460 2567 bene
471 2537 613 2568 instituta
626 2543 685 2570 est.
732 2538 796 2570 Cri.
822 2539 967 2576 Quidni?
1013 2540 1069 2571 So.
1095 2540 1177 2582 Ergo
1193 2541 1399 2582 temperantia
1413 2551 1477 2572 non
1501 2539 1560 2572 erit
1571 2540 1644 2570 talia

183 2589 326 2630 quaedam
343 2599 445 2631 agere,
462 2595 494 2622 et
508 2592 591 2624 hunc
606 2593 640 2623 in
657 2594 784 2624 modum
801 2605 892 2635 agere
908 2605 973 2626 sua.
1021 2594 1086 2626 Cu.
1110 2594 1198 2636 Non,
1223 2601 1256 2626 ut
1271 2601 1413 2637 apparet.
1458 2595 1515 2626 So.
1540 2594 1646 2632 Quare

183 2653 240 2684 per
254 2643 418 2684 aenigmata
434 2645 629 2687 loquebatur,
644 2652 679 2678 ut
693 2658 786 2689 supra
802 2650 879 2686 dixi,
895 2649 920 2680 is
938 2649 992 2690 qui
1013 2649 1217 2691 praedicabat,
1231 2660 1322 2691 agere
1337 2661 1393 2680 sua
1409 2648 1643 2691 temperantiam

183 2706 262 2728 esse.
286 2707 389 2739 neque
404 2698 486 2729 enim
501 2710 600 2742 usque
616 2701 696 2732 adeo
713 2702 817 2734 fatuus
833 2703 930 2734 fuisse
957 2704 1116 2745 putandus
1131 2709 1189 2741 est,
1217 2709 1253 2734 ut
1267 2704 1353 2735 idem
1376 2703 1445 2745 ejus
1468 2703 1560 2733 fuerit
1575 2713 1644 2733 sen-

183 2760 247 2788 SUS·
262 2751 317 2792 qui
332 2756 365 2782 et
379 2753 540 2784 verborum
555 2764 659 2788 sonus.
704 2755 791 2788 Num
806 2757 910 2788 fatuus
925 2757 1093 2800 quispiam,
1108 2769 1126 2789 o
1141 2757 1337 2796 Charmides,
1349 2759 1407 2789 hoc
1422 2757 1479 2788 tibi
1493 2756 1620 2787 tradidit
1634 2755 1645 2786 ?

183 2803 248 2835 Cn.
271 2804 408 2837 Minime
434 2807 583 2840 omnium.
606 2808 701 2840 immo
725 2811 855 2852 quidam
881 2822 950 2842 meo
972 2811 1095 2853 judicio
1122 2813 1379 2854 sapientissimus.
1426 2813 1482 2843 So.
1505 2810 1644 2842 Omnino

182 2857 278 2899 igitur
292 2860 477 2891 senteutiam
502 2871 589 2894 suam
611 2863 749 2895 obscuris
773 2866 873 2896 verbis
893 2866 1035 2904 involvit,
1062 2871 1097 2897 ut
1122 2868 1252 2898 arduum
1268 2867 1396 2908 cognitu
1416 2866 1467 2902 sit,
1494 2864 1569 2906 quid
1598 2868 1647 2894 est

184 2921 276 2952 agere
301 2923 368 2944 sua.
412 2914 478 2946 Cn.
501 2915 605 2948 Forte.
652 2917 706 2948 So.
731 2917 868 2951 Potesne
891 2920 1009 2962 aperire
1033 2922 1136 2959 nobis,
1164 2932 1254 2964 agere
1283 2931 1339 2952 sua
1354 2921 1442 2963 ..quid
1469 2921 1534 2951 sit?
1580 2920 1646 2950 Cn.

183 2963 299 3006 Ignoro
315 2967 473 3010 equidem.
517 2970 609 3004 Forte
625 2971 718 3007 etiam
734 2973 789 3015 qui
812 2974 879 3007 haec
902 2975 991 3013 dixit,
1019 2976 1095 3018 quid
1119 2976 1178 3008 sihi
1194 2975 1300 3018 vellet,
1326 2985 1390 3006 non
1404 2974 1477 3006 satis
1492 2972 1646 3014 intellige-
