1846 3268
216 240 297 279 1⁴94
822 237 1089 277 PLATON‘IS
1575 238 1686 295 ‘14‘60

212 348 301 374 rums
315 342 445 373 orator?
467 351 504 373 ac
520 340 544 372 si
560 340 747 382 hujusmodi
757 345 858 372 rerum
874 341 1035 373 scientiam
1050 351 1114 372 non
1130 341 1241 374 afferat
1261 351 1380 385 secum,
1403 348 1439 376 tu
1460 344 1589 388 quidem
1605 355 1681 389 pra>

213 401 324 437 ceptor
347 395 511 427 rhetorieae
538 396 617 426 talia⁴
636 405 701 426 non
728 394 878 427 docebIs:
902 405 968 426 non
991 395 1075 427 enim
1100 401 1190 427 tuum
1215 402 1267 429 est
1289 397 1430 430 officium
1451 399 1523 432 haec
1545 400 1681 432 docerer

214 450 330 482 efficies
344 456 461 487 autem,
479 454 512 481 ut
529 449 623 490 vulgo
639 449 716 481 sciro
732 448 979 490 taliarvideatuss
991 461 1063 482 cum
1090 451 1230 492 nesciat;
1254 458 1465 495 appareatque
1480 454 1588 486 bonus
1603 465 1689 493 esse,

213 514 285 536 cum
300 504 427 536 minime
453 503 504 535 sit.
548 503 603 535 An
631 503 758 535 omnino
781 503 969 536 rhetoricam
990 504 1104 536 docere
1131 515 1195 537 non
1221 507 1352 548 poteris,
1378 507 1439 539 nisi
1461 508 1548 550 prius
1571 509 1688 541 horum·

212 558 375 589 veritatem
390 557 483 589 fuerit
497 557 708 590 consecutus?
731 563 790 589 aut
801 568 870 600 quo
888 569 921 590 se
947 559 1043 590 modo
1069 560 1136 592 haec
1161 561 1290 599 habent,
1306 571 1325 592 o
1338 560 1481 604 Gorgia?
1506 562 1614 605 [4601
1627 571 1686 605 per

211 611 325 644 Jovem
338 621 456 654 precor,
469 615 506 642 ut
516 611 781 653 quemadmodum
797 612 894 654 pauiu
909 618 983 644 ante
999 613 1139 655 coepisti,
1159 614 1320 647 rhetoricae
1335 615 1426 647 nobis
1441 616 1562 658 aperias
1575 622 1682 659 potens

209 670 321 698 tatem.
366 665 455 698 Gon.
477 664 523 696 At
537 665 634 703 enim,
650 676 669 696 ο
682 665 839 707 Socrates,
853 666 995 704 arbitror,
1009 667 1036 698 si
1060 667 1141 699 forte
1167 668 1238 710 quis
1258 669 1326 701 haec
1348 669 1484 711 ignoret,
1498 681 1571 702 eum
1592 678 1680 703 a'me

207 724 442 762 percepturum.
486 719 543 751 8ο.
575 718 658 751 Siste
681 730 767 762 erg0.
790 726 874 752 recte
899 721 983 752 enim
1010 720 1091 753 dicis
1106 731 1116 753 z
1151 722 1178 753 si
1204 733 1298 764 quem
1323 727 1357 754 tu
1383 724 1536 755 rhetorem
1558 724 1683 762 feceris,

210 778 336 815 oportet
350 784 422 805 eum
429 773 517 816 justa
531 773 710 816 injustaque
726 773 818 814 scire,
832 774 883 806 vel
895 780 1064 817 antequam
1079 776 1120 807 ad
1136 780 1168 807 te
1182 777 1327 814 accedat,
1338 782 1394 808 aut
1408 782 1519 819 postca
1531 787 1551 809 a
1565 783 1597 810 te
1608 784 1681 820 per-'-

209 828 342 860 discere.
383 827 477 860 Gon.
501 827 652 860 Omnino.
697 828 754 860 So.
777 828 865 866 Quid
881 839 954 860 vero
967 829 978 859 ?
1000 830 1056 872 qui
1071 840 1109 861 ea
1125 840 1197 872 quae
1212 831 1253 862 ad
1268 830 1417 862 fabricam
1431 836 1578 873 spectant
1594 833 1683 871 didi—-

208 881 300 920 ecrit,
315 892 422 914 nonne
436 888 484 913 est
504 882 612 914 faber?
657 881 748 915 Gon.
772 882 842 916 Est.
886 882 940 915 8ο.
962 883 1004 916 Et
1027 884 1083 926 qui
1110 885 1276 927 musicam,
1294 885 1454 918 musicus?
1498 885 1591 920 Gon.
1615 886 1681 920 Ita.

208 935 267 968 Su.
291 935 334 967 Et
348 935 403 978 qui
419 946 491 977 quae
504 936 544 967 ad
562 935 747 968 medicinam
768 936 938 978 pertinent,
954 937 1094 970 medicus
1108 938 1120 969 ἓ
1144 943 1239 980 atque
1255 939 1288 970 in
1308 939 1420 971 ceteris
1441 940 1554 972 eodem
1570 946 1680 983 pacto,

206 989 351 1031 quisquis
371 989 518 1021 didicerit
542 989 675 1031 aliquid,
699 989 770 1021 talis
796 989 914 1027 evadit,
940 991 1066 1032 qualem
1088 991 1242 1034 cujusque
1266 993 1400 1025 seientia
1413 994 1543 1026 reddit?
1586 994 1682 1028 6οιι.

205 1043 360 1075 Omnino.
402 1042 461 1075 So.
482 1042 600 1074 Nonne
615 1043 711 1084 igitur
723 1053 778 1085 per
789 1044 870 1075 hanc
881 1043 1033 1076 rationem
1045 1044 1150 1086 justus
1164 1045 1235 1083 erit,
1250 1046 1431 1089 quicunque
1447 1047 1539 1089 justa
1557 1047 1680 1080 didice-

204 1097 267 1128 rit?
313 1096 404 1130 Gon.
440 1097 593 1129 Maxime.
637 1097 698 1131 So.
724 1096 842 1130 Justus
857 1102 961 1130 autem
980 1098 1068 1140 justa
1094 1099 1190 1131 facit?
1235 1099 1410 1133 Gon.1ta
1433 1106 1492 1134 est.
1528 1102 1592 1134 So.
1621 1102 1683 1134 Aa»

205 1162 271 1183 non
285 1162 360 1193 ergo
373 1162 503 1183 necesse
516 1156 565 1183 est
579 1151 764 1183 rhetoricum
779 1162 845 1183 csse
856 1151 1003 1194 justum?
1021 1153 1141 1195 justum
1153 1165 1225 1186 vero
1237 1155 1317 1187 velle
1325 1154 1411 1197 juste
1422 1156 1538 1198 agere?
1583 1155 1679 1189 Gon.

206 1206 361 1249 Apparet.
404 1205 463 1237 So.
497 1205 670 1248 Nunquam
693 1216 768 1248 ergo
793 1207 877 1238 volet
894 1206 1000 1248 justus
1026 1207 1170 1249 injuriam
1194 1208 1309 1242 facere.
1366 1208 1459 1242 Gon.
1493 1210 1682 1253 Nunquam.

204 1260 263 1292 So.
287 1259 494 1292 Rhetoricum
515 1260 642 1302 quidem
665 1270 793 1292 necesse
814 1266 863 1292 cst
891 1272 928 1292 ex
955 1263 1149 1303 praecedenti
1174 1263 1294 1295 ratione
1312 1264 1435 1305 justum
1456 1275 1537 1296 esse.
1580 1264 1676 1297 Gon.

204 1314 356 1346 Necesse.
400 1314 458 1346 So.
480 1314 671 1346 Rhe-noricus
686 1325 760 1356 ergo
775 1314 922 1356 injuriam
937 1315 1040 1347 facere
1056 1327 1220 1358 nunquam
1233 1318 1333 1350 volet.
1359 1318 1466 1357 «Gon.
1489 1318 1676 1361 Nunquam

204 1375 242 1400 ut
255 1374 398 1411 apparot.
443 1369 502 1401 So.
524 1368 753 1406 Reminiscere,
766 1375 798 1400 te
814 1369 909 1410 paulo
925 1375 998 1402 ante
1014 1370 1141 1413 dixisse,
1155 1382 1219 1402 non
1236 1377 1379 1415 oportere
1402 1373 1591 1415 paedotribas
1613 1373 1678 1405 cri—

203 1422 316 1454 minari
330 1429 426 1465 atque
440 1422 608 1464 expellere,
624 1422 650 1454 si
665 1423 737 1465 quis
751 1423 838 1464 pugil
855 1424 1023 1456 certamine
1041 1425 1140 1466 pugiii
1165 1425 1246 1457 male
1266 1431 1382 1464 utatur,
1398 1426 1576 1468 inferatque
1590 1426 1676 1469 inju-

202 1477 302 1509 riam:
327 1481 422 1520 atque
437 1477 550 1508 eodem
576 1482 683 1518 pacto,
698 1476 725 1508 si
750 1477 821 1519 quis
846 1482 949 1509 orator
974 1477 1093 1519 injuste
1118 1483 1222 1510 utatur
1248 1480 1413 1518 rhetorica,
1428 1491 1493 1512 non
1515 1481 1603 1512 ilium
1619 1480 1680 1523 qui

200 1530 348 1562 docuerit
370 1541 439 1562 esse
465 1531 676 1563 accusandum
700 1535 734 1563 et
753 1532 987 1573 expellendum,
1003 1532 1058 1563 sed
1080 1532 1199 1574 injusta
1225 1539 1377 1575 agentem*
1395 1544 1498 1576 neque
1521 1536 1680 1568 rhetorica·

200 1590 285 1618 recte
301 1590 454 1617 utentem.
499 1585 637 1617 Dictane
652 1586 721 1618 haec
737 1590 823 1624 sunt,
838 1596 879 1618 an
896 1596 960 1618 non
975 1587 987 1618 ?
1032 1586 1123 1619 Gon.
1146 1587 1254 1620 Dicta.
1296 1589 1353 1622 So.
1377 1588 1474 1621 Nunc
1487 1594 1592 1622 autern
1603 1589 1676 1632 ipse

201 1645 306 1671 orator
320 1646 480 1682 nunquam
497 1640 619 1671 videtur
630 1640 768 1672 facturus
784 1639 943 1682 injuriam.
989 1641 1082 1674 Gon.
1103 1641 1289 1685 Nunquam.
1333 1643 1391 1675 So.
1410 1643 1511 1686 Atqui
1530 1644 1563 1675 in
1577 1655 1673 1686 supe·-

201 1695 347 1732 rioribus,
358 1705 377 1725 ο
393 1694 524 1736 Gorgia,
539 1695 658 1726 dictum
675 1700 733 1732 est,
749 1694 832 1726 circa
859 1705 1016 1727 sermones
1031 1697 1143 1728 versari
1167 1698 1365 1734 rhetoricam,
1377 1708 1443 1730 non
1464 1699 1506 1730 de
1519 1698 1587 1740 pari
1602 1697 1673 1740 qui-

201 1749 275 1780 dem
291 1753 324 1779 et
339 1747 462 1790 impari,
477 1749 533 1780 sed
550 1748 590 1780 de
602 1747 690 1790 justo
706 1753 800 1790 atque
815 1747 949 1790 injusto.
992 1749 1088 1782 Gon.
1108 1750 1214 1783 Certe.
1257 1752 1314 1784 So.
1338 1751 1407 1794 Ego
1429 1751 1536 1794 igitur,
1550 1762 1622 1784 cum
1637 1757 1677 1784 tn

200 1802 270 1833 lraec
293 1802 426 1842 diceres,
440 1802 624 1834 rhetoricam
646 1812 808 1845 nunquam
829 1814 897 1835 esse
922 1813 986 1835 rem
1011 1803 1174 1846 injustam,
1189 1805 1374 1844 existimavi,
1389 1817 1461 1848 quae
1484 1817 1608 1850 semper
1630 1807 1678 1840 de

197 1855 325 1897 justitia
338 1857 433 1888 verba
444 1856 573 1889 faceret.
598 1862 764 1899 postquam
780 1867 853 1888 vero
870 1857 964 1898 paulo
980 1863 1052 1899 post
1072 1859 1190 1897 dixisti,
1206 1859 1232 1892 si
1251 1865 1355 1893 orator
1379 1860 1496 1903 injuste
1518 1861 1673 1894 rhetorio·

200 1915 359 1942 uteretur:
386 1910 484 1952 [461]
508 1910 612 1941 statim
627 1911 810 1951 admiratus,
825 1916 920 1953 atque
933 1917 1016 1943 ratus
1041 1923 1106 1944 non
1131 1923 1199 1944 esse
1223 1918 1435 1946 consentanea
1457 1914 1676 1958 intersequaev

201 1963 258 1994 abs
273 1970 305 1995 te
320 1963 519 2001 dicebantur,
535 1964 588 1995 ina
606 1965 722 2006 protuli
736 1965 830 1996 verba
846 1976 855 1996 ι
876 1971 927 2007 ut,
946 1966 972 1997 si
996 1967 1140 2009 redargui
1165 1968 1393 2000 conducturum
1408 1973 1546 2011 putares,
1560 1974 1596 2001 ut
1608 1981 1671 2013 ego

199 2023 293 2059 puto,
303 2028 414 2060 operae
429 2018 563 2060 pretium
579 2018 659 2050 foret
674 2019 823 2051 disserere
837 2031 846 2051 t
869 2020 1012 2062 alioquin
1027 2021 1194 2053 dimittere.
1238 2021 1367 2054 Deinde
1376 2033 1449 2054 vero
1462 2023 1554 2055 nobis
1565 2024 1670 2056 consi·

198 2071 445 2110 derantibuarut.
453 2078 485 2104 tc
496 2082 559 2103 non
573 2072 661 2111 latet,
676 2083 860 2106 concessum
871 2074 943 2113 fuit,
954 2075 1019 2106 fieri
1029 2085 1092 2106 non
1105 2085 1197 2117 posse
1207 2081 1243 2107 ut
1257 2076 1429 2108 rhetoricus
1438 2077 1592 2110 rhetorica
1602 2084 1670 2110 uta-

201 2131 252 2157 tur
266 2125 395 2168 injuste,
411 2126 551 2169 velitque
566 2126 712 2169 injuriam
729 2127 844 2160 facere.
887 2127 941 2160 Ad
956 2129 1024 2161 haec
1039 2135 1143 2161 autem
1159 2130 1244 2168 satis,
1260 2141 1323 2173 qua
1338 2131 1458 2163 ratione
1472 2142 1506 2163 se
1519 2132 1671 2174 habeant,

199 2179 419 2218 discernenda,
445 2191 503 2223 per
525 2181 694 2220 canemyo
716 2181 847 2224 Gorgia.
871 2193 934 2214 non
959 2193 1057 2226 parva
1079 2194 1160 2226 opus
1184 2190 1231 2216 est
1252 2184 1430 2227 diligentia.
1473 2186 1557 2218 Pon.
1579 2186 1668 2225 Quid

199 2245 283 2271 vero,
297 2245 316 2266 o
331 2235 475 2267 Socrates
486 2236 506 2266 ?‘
542 2235 634 2268 Tune
654 2236 810 2269 etiam-sic
823 2237 864 2268 de
879 2237 1032 2269 rhetorica
1048 2239 1198 2280 opinaris,
1210 2243 1247 2270 ut
1261 2250 1346 2271 nunc
1360 2240 1416 2277 ais,
1433 2250 1474 2271 an
1490 2240 1604 2272 aliter?
1626 2251 1672 2272 an¹

197 2289 296 2330 magis
311 2294 415 2331 putas,
431 2289 586 2332 Gorgiam
595 2291 718 2333 pudore
732 2291 871 2333 quodam
885 2292 1056 2324 adductum
1072 2292 1261 2325 concessisse
1285 2293 1354 2329 tibi,
1369 2294 1523 2325 rhetorem
1532 2293 1621 2336 justa
1634 2300 1670 2328 et

196 2343 330 2375 honesta
346 2349 379 2375 et
392 2344 477 2376 bons
489 2345 568 2377 scire
582 2357 591 2376 :
615 2355 652 2377 ac
667 2345 697 2376 si
715 2345 786 2387 quis
800 2346 867 2377 haec
885 2346 1032 2388 ignorans
1047 2347 1087 2378 ad
1112 2346 1214 2388 ipsum
1237 2347 1369 2385 venerit,
1384 2357 1456 2379 etun
1470 2358 1538 2380 esse
1553 2349 1666 2380 doctu-

196 2397 288 2428 rum?
335 2397 383 2429 Ex
398 2408 462 2440 qua
476 2398 604 2431 forsitan
620 2400 824 2432 concessione
844 2400 1032 2432 contrarium
1048 2399 1166 2432 deinde
1181 2400 1299 2443 aliquid
1313 2401 1348 2432 in
1363 2401 1555 2444 disputando
1576 2413 1668 2435 secu-

195 2455 263 2483 tum
279 2457 338 2484 est.
361 2452 422 2485 hoc
437 2458 471 2485 tu
486 2454 614 2496 quidem
627 2454 758 2486 nimium
772 2455 912 2487 studiose
926 2460 1047 2497 captas,
1063 2466 1082 2486 ο
1097 2455 1250 2493 Socrates,
1265 2455 1486 2498 interrogando
1501 2457 1546 2489 ad·
1557 2457 1668 2500 hujus-

194 2505 283 2537 modi
298 2516 446 2548 responsa
471 2508 659 2550 perducens.
705 2508 788 2541 Nam
813 2518 910 2552 quern
931 2509 1084 2542 arbitraris
1106 2515 1288 2552 negaturum
1313 2510 1410 2542 fuisse
1429 2511 1498 2548 tibi,
1520 2511 1607 2554 justa
1631 2522 1666 2544 se

196 2559 274 2592 scire
288 2560 430 2604 aliosque
456 2572 524 2594 csse
547 2563 711 2595 docturum
726 2565 738 2595 ἓ
785 2563 905 2596 Verum
926 2575 1038 2606 magna
1057 2563 1214 2596 rusticitas
1229 2569 1288 2601 est,
1304 2565 1344 2596 ad
1360 2565 1428 2597 haec
1442 2565 1668 2607 interrogando

195 2613 366 2648 deducere.
412 2615 472 2649 804
494 2615 531 2647 Ο·
541 2617 748 2659 pulcherrime
765 2618 917 2656 Pole‚›ob
934 2618 1016 2650 banc
1042 2618 1143 2660 ipsam
1158 2629 1285 2651 causam
1300 2619 1417 2651 amicos
1432 2619 1523 2651 nobis
1537 2624 1570 2651 et
1584 2619 1665 2651 filios

194 2678 424 2710 comparamus,
446 2675 482 2702 ut
507 2671 545 2702 si·
558 2672 686 2713 quando
713 2673 745 2704 iu
769 2677 933 2705 senectute
954 2683 1134 2715 peccemus,
1145 2672 1289 2715 juniores
1303 2683 1358 2705 vos
1384 2678 1555 2716 proesentes
1567 2673 1666 2706 vitum

190 2726 332 2753 nostram
348 2727 381 2754 et
395 2723 499 2755 verbis
508 2729 541 2755 et
557 2725 704 2767 operibus
718 2725 892 2768 corrigatis.
935 2725 980 2758 Et
993 2737 1077 2758 nunc
1093 2727 1122 2758 si
1133 2727 1209 2769 quid
1226 2737 1276 2759 me
1290 2731 1323 2758 et
1338 2726 1488 2770 Gorgiam
1503 2726 1539 2759 in
1551 2727 1666 2770 dispu-

193 2775 291 2807 tando
317 2776 443 2815 fefellit,
457 2777 527 2820 ipsc
548 2789 684 2822 proesens
710 2781 856 2813 emenda.
880 2780 927 2813 sic
941 2780 1026 2813 enim
1045 2781 1142 2812 debes
1155 2793 1168 2812 ε.
1187 2786 1283 2824 atque
1305 2792 1367 2824 ego
1383 2781 1440 2814 tibi
1455 2781 1616 2824 permitto,
1628 2786 1664 2813 ut

193 2829 220 2861 si
245 2829 323 2873 quid
349 2841 456 2863 eorum
481 2841 555 2874 quas
577 2844 735 2866 concessa·
751 2839 840 2874 sunt,
851 2845 917 2867 non
941 2840 1027 2868 recte
1046 2846 1228 2868 concessum
1253 2840 1360 2878 putes,
1370 2835 1405 2867 id
1431 2840 1487 2867 tuo
1513 2834 1662 2867 arbitratu

193 2889 364 2926 permutes,
374 2885 547 2918 dummodo
573 2887 649 2918 mihi
673 2888 714 2920 ad
742 2900 838 2922 unum
863 2890 994 2922 devites.
1040 2889 1128 2922 Por..
1146 2889 1235 2927 Quid
1259 2890 1366 2927 homo
1391 2889 1560 2922 Socrates?
1605 2889 1663 2922 So·

192 2937 407 2973 Prolixitateru
423 2939 519 2979 illam,
535 2952 554 2973 o
578 2940 669 2982 Polc,
685 2953 779 2985 quam
804 2944 844 2976 ab
868 2944 938 2987 ipso
963 2944 1186 2987 disputationis
1214 2943 1305 2978 initio
1332 2943 1531 2987 inceptabas.
1576 2943 1662 2976 Por..
