1846 3268
177 286 276 337 231]
781 282 1064 322 sofflffim.
1568 284 1645 320 347

177 390 250 421 dem
266 376 399 421 reterem
425 398 461 420 ac
475 386 617 430 patriam,
631 396 694 428 qun
709 385 856 417 adversus
871 387 953 417 filios
969 379 1101 417 maxime
1116 385 1297 427 utebantur,
1315 390 1348 416 et
1363 395 1448 416 nunc
1462 384 1557 416 etiem
1574 382 1642 426 ple*-

177 443 266 485 rique
280 447 420 480 utuntur,
435 436 706 484 quotienscunque
720 439 920 482 delinquunt,
937 440 1042 482 ·[230]
1062 440 1180 482 partim
1197 440 1328 481 graviter
1343 438 1558 481 objurgantes,
1574 448 1643 479 par-

178 497 235 528 tim
252 496 355 527 mitius
369 496 583 527 admonentes.
614 494 806 526 Universum
822 495 881 526 hoc
897 494 1144 525 admonitionem
1161 503 1326 535 possumus
1341 502 1533 533 nuncupare.
1554 491 1642 524 Tun.

176 550 231 581 Ita
245 554 303 581 est.
322 549 393 581 Ho.
414 549 454 580 ld
470 548 612 590 profecto
627 548 771 579 nonnulli
787 559 890 580 secum
907 558 1008 579 rursus
1024 547 1242 580 ratiocinando
1253 546 1399 588 sibiipsis
1410 549 1645 582 concesserunt,

179 613 304 645 omnem
324 602 478 634 inscitiam
492 601 732 633 involuntariam
755 612 823 633 esse
838 602 1024 643 putandam,
1038 602 1223 643 nullumque
1249 601 1368 633 discere
1380 600 1455 637 -ina,
1470 610 1541 641 quae
1564 599 1643 630 scire

177 656 288 694 credit,
303 656 532 693 affectaturum,
546 656 708 698 multoque
724 655 829 687 labore
844 654 1054 686 admonitoria
1065 647 1236 697 disciplina
1248 655 1299 685 vix
1309 655 1477 696 quicquam
1494 652 1643 694 proficere

179 698 283 752 posse.
325 709 412 741 Tne.
433 708 536 742 Recte
562 714 686 752 putant.
732 709 799 741 Ho.
823 709 910 746 Quin
940 708 1033 740 etiam
1058 708 1120 739 alia
1148 708 1285 750 quadam
1309 704 1364 739 vviu
1392 709 1432 739 ad
1459 707 1642 749 opinionem

179 762 360 804 hujusmodi
375 764 544 795 eruendam
557 769 703 806 pergunt.
739 763 828 795 Tne,
851 762 1020 800 Quanam?
1065 761 1132 795 Ho.
1154 762 1330 803 Exquirunt
1339 758 1640 802 sciscitanturquein

176 815 231 847 his
245 817 348 855 rebus,
363 827 441 860 quas
452 817 522 859 quis
537 817 657 859 optime
671 817 845 858 intelligere
861 810 1080 858 et'exprimere
1095 816 1269 853 arbitratur,
1284 826 1355 847 cum
1371 815 1450 846 nihil
1466 815 1528 846 veri
1543 815 1642 846 dicat.

175 869 308 902 Deinde
322 872 486 903 errantium
502 871 667 914 opiniones
680 871 772 902 facile
784 870 969 908 discutiunt,
985 880 1100 911 easque
1111 870 1282 901 rationibus
1293 869 1489 910 colligentes,
1500 867 1533 900 in
1544 879 1639 899 unum

177 922 312 956 invicem
327 926 510 957 conducunt
523 935 532 957 ε
549 929 643 966 atque
658 924 727 955 illas
737 924 908 954 ostendunt
923 924 981 954 sibi
995 923 1126 965 ipsis-de
1138 923 1250 954 iisdem
1267 928 1299 954 et
1310 923 1471 954 adeadem
1484 928 1516 954 et
1531 934 1642 955 secun—

175 970 254 1009 'dum
268 979 383 1010 'eadem
395 989 462 1010 esse
477 979 655 1010 contrarias.
699 978 753 1008 Illi
769 978 916 1009 vero-hoc
938 977 1147 1019 inspicientes
1168 975 1272 1009 secum
1295 977 1357 1019 ipsi
1372 977 1586 1018 indignantur,
1609 982 1642 1010 et

177 1041 252 1073 erga
267 1032 345 1063 alios
370 1032 460 1063 mites
475 1032 633 1063 evaduntz
657 1036 753 1073 atque
773 1032 834 1063 hoc
850 1037 943 1072 pacto
957 1042 1087 1073 magnas
1110 1032 1266 1073 durasque
1281 1030 1446 1073 opiniones
1461 1031 1640 1072 deponunt.

178 1095 252 1128 qnae
275 1085 403 1127 quidem
429 1084 570 1117 liberatio
597 1085 708 1117 auditu
735 1085 951 1117 liberationum
978 1085 1116 1116 omnium
1139 1085 1368 1127 jucundissima
1391 1089 1439 1116 est
1461 1089 1495 1116 et
1515 1096 1548 1116 re
1571 1096 1643 1116 vera

179 1138 362 1171 firmissima.
403 1139 583 1177 Enimvero,
606 1150 624 1170 o
641 1138 758 1171 dilecte
774 1149 861 1180 puer,
872 1138 932 1180 ‹qui
946 1140 1011 1170 -hos
1034 1149 1166 1181 purgare
1191 1139 1425 1180 aggrediuntur,
1436 1138 1522 1173 haud
1539 1149 1640 1175 secus,

179 1202 275 1234 quam
291 1193 405 1225 meditzi
415 1203 563 1236 corpora,
586 1193 742 1225 curandos
763 1192 955 1223 existimant.
1000 1192 1125 1224 Medici
1148 1202 1283 1234 namque
1304 1192 1443 1232 tradunt,
1468 1191 1641 1223 salubribus

179 1246 282 1288 epulis
295 1257 359 1278 non
386 1247 470 1289 prius
485 1248 595 1279 nutriri
611 1257 736 1289 corpus,
760 1257 854 1289 quam
869 1246 1095 1288 impedimenta
1110 1246 1279 1288 pellantur.
1322 1245 1474 1277 Similiter
1497 1244 1548 1276 isti
1575 1256 1641 1276 non

182 1299 269 1341 prius
293 1301 433 1343 egregias
459 1301 616 1333 doct-tinas
638 1300 779 1332 conferre
803 1300 916 1332 animae
940 1305 1082 1338 censent,
1108 1311 1201 1342 quam
1227 1300 1411 1341 redargutus
1431 1299 1456 1330 is
1472 1299 1525 1340 qui
1548 1304 1640 1338 errat,

180 1354 356 1393 erubescat,
368 1355 562 1397 repulsisque
571 1355 722 1386 doctrinae
732 1354 978 1396 impedimentis,
990 1355 1074 1385 falsis
1083 1354 1230 1386 videlicet
1241 1354 1454 1396 opinionibus,
1465 1363 1561 1395 purus
1570 1363 1644 1385 eva·

178 1406 247 1449 dat,
262 1416 321 1439 neo
336 1407 397 1438 alia
412 1412 523 1450 praeter
536 1408 592 1439 illa
607 1418 677 1450 quae
689 1408 802 1445 noscit,
818 1418 907 1439 nosse
924 1418 957 1439 se
969 1412 1069 1450 putet.
1111 1407 1199 1440 Tne.
1224 1407 1372 1449 Optimus
1383 1406 1643 1438 modestissimus-

177 1470 242 1503 que
256 1461 393 1494 omniurn
408 1462 533 1493 habitus
549 1462 600 1493 hic
614 1467 672 1494 est.
718 1461 784 1494 Ho.
808 1461 867 1493 His
883 1462 923 1493 de
939 1462 1051 1499 causis,
1068 1473 1087 1493 o
1101 1461 1275 1498 Theaetete,
1291 1461 1475 1502 dicendum,
1490 1470 1639 1493 summanr

177 1514 430 1557 praecipuamque
457 1515 671 1556 purgationem
694 1526 762 1547 esse
785 1515 1058 1557 redargutionem:
1087 1525 1197 1547 eumve
1220 1515 1278 1557 qui
1300 1525 1365 1546 non
1379 1514 1561 1556 redargutus
1583 1519 1647 1557 cst,

177 1566 299 1600 etiamsi
314 1578 365 1599 rex
392 1579 522 1610 magnus
536 1569 586 1605 sit,
614 1568 870 1611 quandoquidem
886 1569 919 1600 in
935 1569 1078 1600 maximis
1093 1573 1141 1600 est
1149 1568 1308 1609 impurus,
1331 1568 1439 1600 rudem
1455 1572 1643 1609 turpemque

177 1631 247 1653 etse
261 1622 434 1654 secundum
450 1621 515 1660 illa,
529 1622 642 1664 quibus
657 1622 838 1663 purissimus
854 1622 1143 1664 pulcherrimosque
1155 1633 1223 1656 esse
1238 1622 1346 1663 debet,
1357 1621 1499 1663 quisquis
1508 1626 1556 1652 cst
1566 1621 1642 1652 felix

177 1682 298 1708 revera
313 1676 443 1708 futurus.
485 1675 570 1707 Tur..
594 1676 647 1708 Sic
663 1681 711 1707 est
724 1675 863 1707 omnino.
904 1676 975 1709 Ho.
997 1676 1161 1714 Quosnam
1184 1676 1325 1707 homines
1339 1680 1403 1707 arte
1420 1676 1479 1707 hac
1494 1675 1541 1706 uti
1556 1675 1645 1706 dice-

178 1729 274 1762 mus?
317 1729 436 1762 Vereor
449 1729 532 1761 enim
555 1729 709 1772 sophistas
728 1729 831 1772 [231]
856 1729 971 1762 dicere.
1015 1730 1104 1762 Tne.
1127 1730 1362 1768 Quamobrem?
1406 1729 1474 1762 Ho.
1497 1728 1550 1761 Ne
1573 1728 1644 1760 illos

177 1784 252 1828 plus
276 1794 371 1827 quam
389 1784 519 1822 deceat,
545 1784 742 1815 honoremus.
785 1784 872 1818 Tim.
897 1774 1113 1816 Veruntamen
1141 1794 1211 1826 quae
1240 1784 1334 1815 modo
1359 1783 1445 1815 dicta
1472 1787 1556 1820 sunt,
1587 1783 1644 1817 tali

177 1838 303 1871 cuidam
319 1837 431 1869 similia
444 1848 511 1869 esse
526 1837 680 1870 videntur.
720 1837 791 1869 Ho.
813 1837 914 1880 Atqui
930 1829 1231 1879 etiam'cani-lupus,
1247 1838 1380 1869 maxime
1400 1837 1482 1869 ferus
1497 1847 1642 1868 mansue-

176 1891 309 1924 tissimo.
349 1891 433 1922 Eum
447 1902 533 1929 vero,
550 1890 606 1933 qui
620 1902 639 1922 a
653 1891 841 1933 deceptione
857 1897 942 1923 tutus
959 1892 1060 1923 vivere
1076 1892 1183 1933 debet,
1199 1901 1216 1922 a
1229 1891 1431 1922 similitudine
1446 1883 1641 1931 summopere

176 1955 287 1979 cavere
296 1950 435 1988 oportet.
477 1946 646 1977 >Lubricum
662 1956 752 1988 porro
768 1950 800 1977 et
816 1946 973 1977 occultum
990 1946 1051 1977 hoc
1066 1957 1176 1988 genus.
1222 1946 1283 1976 Sed
1295 1950 1375 1977 esto.
1390 1955 1492 1986 neque
1503 1943 1584 1974 enim
1597 1943 1638 1973 de

177 1999 297 2042 exiguis
307 1999 448 2031 ‚terminis
463 2000 666 2042 disceptatur,
688 2001 816 2042 quando
832 2000 998 2042 diligenter
1014 2001 1073 2031 hoc
1091 2000 1185 2032 vitare
1201 2000 1340 2031 student.
1384 1998 1472 2031 Τιῐε.
1496 1998 1639 2030 Consen-

177 2059 315 2086 taneum.
361 2053 428 2086 Ho.
452 2054 528 2085 Esto
551 2054 645 2096 igitur
671 2054 845 2086 discretivae
868 2054 940 2085 artis
964 2054 1085 2096 species
1109 2054 1308 2096 purgatoria:
1332 2052 1518 2095 purgatoriae
1533 2046 1644 2082 autem*

179 2118 260 2150 pars,
274 2118 346 2150 quae
360 2108 491 2139 mundat
506 2109 651 2145 animam,
668 2108 838 2150 seligatur:
856 2107 961 2150 hujus,
978 2108 1114 2140 docendi
1131 2100 1280 2140 facultas:
1297 2107 1458 2143 doctrinae,
1472 2104 1640 2146 disciplina

179 2162 409 2204 educatioque:
434 2162 607 2203 disciplinas
634 2161 894 2203 educationisque
921 2161 1097 2203 redargutio
1113 2162 1177 2199 illa,
1202 2172 1272 2203 quae
1288 2166 1425 2192 versatur
1445 2159 1527 2190 circa
1541 2163 1638 2189 terne-

180 2216 287 2247 rariam
303 2215 466 2257 sapientiae
482 2215 678 2257 opinionem,
695 2221 730 2246 ut
744 2226 879 2257 praesens
894 2215 992 2246 oratio
1009 2219 1171 2257 monstrat,
1184 2214 1264 2245 nihil
1279 2214 1364 2244 aliud
1380 2223 1472 2254 quam
1489 2221 1640 2253 generosa

179 2269 385 2310 sophistarum
401 2269 532 2300 facultas
557 2280 624 2301 esse
650 2270 782 2301 dicatur.
827 2269 913 2300 Tne.
937 2269 1069 2301 Dicatur
1100 2269 1206 2311 plane.
1252 2267 1389 2309 Ambigo
1414 2271 1538 2305 tamen,
1563 2264 1641 2306 quid

176 2324 375 2366 potissimum
391 2335 408 2355 e
426 2324 543 2365 multis,
557 2334 627 2366 quae
644 2334 711 2355 sese
727 2324 817 2355 nobis
833 2324 981 2365 offerunt,
998 2324 1167 2365 sophistam
1183 2333 1249 2354 esse
1265 2333 1295 2353 re
1311 2331 1382 2352 vera
1397 2321 1544 2351 affirmare
1560 2329 1637 2350 con·

180 2378 296 2411 veniat.
340 2378 408 2411 Ho.
433 2378 474 2409 Et
500 2379 610 2410 merito
637 2379 703 2420 ipse
728 2378 874 2409 dubitas:
898 2378 1152 2420 quandoquidem
1180 2377 1282 2419 ipsum
1312 2385 1438 2418 quoque
1468 2374 1640 2415 sophistam

182 2430 336 2472 ambigere
350 2424 516 2463 verisimile
530 2437 577 2463 est
594 2433 734 2470 omnino,
749 2442 884 2474 quanam
901 2431 950 2462 via
966 2432 1100 2463 rationes
1112 2438 1230 2462 nostras
1241 2429 1383 2470 effugiat.
1404 2429 1488 2460 Scite
1504 2438 1639 2469 namque

181 2483 344 2526 proverbio
360 2485 486 2526 dicitur,
500 2497 608 2517 omnes
624 2486 760 2527 effugere
785 2485 911 2517 difficile
926 2496 1006 2518 esse.
1052 2484 1147 2516 Nunc
1171 2484 1267 2526 igitur
1288 2483 1468 2514 instandum
1493 2481 1638 2512 maxime.

180 2537 266 2569 Tne.
289 2538 441 2570 Praeclare
452 2539 602 2580 loqueris.
646 2539 713 2572 Ho.
736 2539 875 2570 Primum
900 2540 1027 2580 quidem
1050 2543 1167 2570 stantes
1189 2537 1423 2580 quodammodo
1445 2536 1640 2577 respiremus,

180 2595 213 2622 et
227 2591 453 2622 nobiscummet
468 2593 687 2624 ratiocinemur
700 2593 791 2624 simul
817 2593 1057 2635 requiescentes.
1102 2591 1185 2633 Age,
1206 2599 1412 2627 resumamus,
1433 2599 1526 2631 quam
1542 2588 1641 2619 varias

180 2655 244 2686 prae
268 2644 436 2676 sca-formas
462 2646 600 2687 sophista
620 2645 686 2687 jam
711 2647 826 2679 tulerit.
871 2646 975 2678 Prima
998 2646 1238 2687 investigatione
1261 2643 1406 2686 apparuit
1426 2643 1579 2684 juvenum
1603 2652 1642 2672 ac

180 2698 313 2729 divitum
340 2699 545 2730 mercenarius
574 2692 641 2730 esse
670 2705 809 2732 venator.
852 2700 939 2733 Tun.
963 2700 1024 2731 Ita.
1066 2699 1136 2731 Ho.
1155 2699 1306 2730 Secunda
1335 2701 1486 2728 mercator
1510 2696 1638 2737 qnidam

179 2751 262 2783 circa
276 2751 372 2782 animi
387 2752 554 2784 doctrinas.
599 2753 685 2785 Tmz.
706 2754 862 2786 Omnino.
905 2754 971 2784 ΗΟ.
991 2753 1098 2784 Tertia
1111 2753 1194 2784 circa
1209 2753 1276 2783 haec
1291 2751 1400 2783 eadem
1416 2758 1529 2791 caupo.
1552 2748 1639 2778 'rnn-

178 2803 221 2836 Et
232 2805 307 2837 hoc.
351 2806 473 2843 Quarta
499 2817 571 2838 vero
587 2807 669 2838 circa
684 2808 852 2845 doctrinas,
868 2818 991 2840 suorum
1017 2808 1159 2838 venditor
1173 2807 1378 2837 inventorum.
1423 2804 1487 2834 Ho.
1510 2802 1640 2843 Optime

180 2857 214 2888 in
239 2859 417 2890 memoriam
445 2861 607 2892 revocasti.
630 2861 770 2903 quintam
795 2873 867 2894 vero
894 2872 953 2904 ego
977 2861 1044 2903 ipse
1068 2861 1234 2892 reducam:
1258 2860 1402 2892 Certator
1416 2857 1543 2899 quidam
1559 2855 1640 2885 circa

182 2921 336 2944 sermones
358 2918 390 2944 et
406 2913 589 2945 artificiosus
603 2914 732 2946 nimium
749 2915 894 2957 litigator.
938 2915 1024 2946 Trnz.
1046 2915 1096 2946 Sic
1117 2915 1226 2956 utique
1241 2912 1394 2946 constitit.
1439 2910 1505 2941 Ho.
1529 2909 1639 2938 Forma

183 2969 268 2996 sexta
283 2965 426 3008 ambigua
441 2968 580 3012 quidem,
597 2969 744 3010 ponenda
768 2975 871 3004 tamen
887 2974 918 3003 et
932 2970 964 3004 in
980 2969 1145 3012 praesentia
1169 2966 1401 3011 quodammodo
1416 2962 1617 3009 concedenda
1634 2963 1642 2991 :‘
