1846 3268
238 277 316 314 430
864 275 1128 315 PLATONIS
1427 277 1450 292 *
1632 282 1701 332 [63

237 379 416 411 absurdum.
440 379 569 411 fortasse
585 383 688 410 tamen
711 377 869 419 quandam
888 379 983 410 babet
1009 380 1169 413 rationem.
1215 381 1360 414 Profecto
1385 393 1484 415 sermo
1507 383 1570 420 iile,
1585 383 1640 426 qui
1661 383 1702 416 de

237 434 285 466 his
301 434 335 465 in
351 433 471 466 arcanis
486 434 628 471 habetur,
644 432 675 463 in
691 432 825 474 quadarn
842 433 985 465 custodia
1006 443 1073 465 esse
1097 435 1249 478 homines,
1271 447 1374 479 neque
1396 438 1507 469 decere
1522 447 1701 479 quenquam

237 498 275 520 ex
290 489 350 520 hac
365 488 500 530 seipsum
516 487 634 519 solvere
649 497 751 529 neque
767 487 928 529 aufugere,
945 498 1076 530 magnus
1089 488 1217 530 quidem
1230 490 1306 522 milri
1318 491 1440 523 videtur
1454 502 1556 533 neque
1571 491 1702 534 cognitu

236 542 350 575 facilis.
394 542 618 574 Verumtamen
633 541 667 573 id
684 540 772 581 mihi,
787 552 806 572 o
818 541 935 578 Cebes,
947 546 1029 573 recte
1052 547 1183 584 apparet
1198 543 1330 586 dietum,
1352 545 1441 576 Deos
1461 545 1588 588 quidem
1598 555 1703 578 curam

235 597 350 629 habere
365 602 503 629 nostrum
516 608 526 637 3
550 607 608 628 nos
622 605 695 627 vero
711 595 853 627 homines
869 605 962 627 unam
977 596 1136 638 quandam
1153 607 1190 629 ex
1205 598 1451 639 possessionibus
1466 610 1533 632 esse
1549 599 1703 632 Deorum.

239 661 279 682 an
295 651 418 683 nonita
434 651 491 683 tibi
507 650 656 682 videtur?
701 649 763 682 Cn.
786 649 875 681 Mihi
885 649 1025 692 quidem.
1071 650 1128 683 So.
1153 650 1270 683 Nonne
1283 651 1377 694 igitur
1397 658 1431 684 et
1453 658 1499 691 tu,
1514 653 1541 684 si
1562 653 1638 696 quid
1664 663 1704 685 ex

237 705 404 747 mancipiis
418 705 480 737 tuis
490 705 627 747 seipsum
643 703 820 746 perimeret,
834 713 906 736 cum
923 709 956 736 tu
973 704 1060 737 nullo
1077 706 1170 737 modo
1185 706 1216 738 id
1232 706 1435 748 permisisses,
1450 708 1620 748 irascereris
1635 707 1700 739 uti-

235 769 297 801 que
325 759 382 795 illi,
399 764 442 797 et,
457 759 483 790 si
507 763 693 800 potestatem
717 759 860 800 haberes,
875 769 969 800 poena
993 760 1129 801 quadam
1155 760 1319 792 afficeres?
1366 761 1427 794 Cn.
1453 761 1602 794 Omnino.
1646 761 1704 794 So.

236 813 329 845 Forte
344 813 440 855 igitur
454 813 514 844 hac
525 812 645 844 ratione
661 812 745 843 haud
761 817 873 854 praeter
887 812 1038 845 rationem
1055 819 1113 851 est,
1129 824 1192 845 non
1210 814 1295 857 prius
1308 815 1419 847 decere
1432 815 1568 858 seipsum
1583 815 1700 847 interfi-

233 877 316 911 cere,
331 877 425 909 quam
440 866 530 898 Deus
545 865 764 898 necessitatem
786 865 921 907 aliquam
949 866 1145 909 imposuerit,
1161 867 1285 909 qualem
1300 868 1392 900 nobis
1406 868 1557 911 imposuit
1570 869 1604 900 in
1621 879 1700 910 prae-

233 921 345 954 sentia.
389 921 452 953 ΟΕ.
476 920 730 952 Consentaneum
746 919 778 951 id
794 919 922 962 quidem
947 925 1087 962 apparet.
1133 921 1228 959 Quod
1245 933 1317 953 vero
1333 922 1460 954 dicebas
1474 923 1581 962 modo,
1595 922 1700 965 philo-

231 976 348 1017 sophos
373 973 521 1016 perfacile
536 973 616 1005 velle
639 973 732 1014 mori,
753 973 933 1011 absurdum,
957 985 976 1005 o
1003 973 1160 1013 Socrates,
1174 975 1297 1006 videtur
1321 986 1410 1016 esse;
1433 976 1601 1018 siquidem,
1614 977 1701 1018 quod

231 1039 316 1061 nunc
331 1028 479 1069 diximus,
490 1027 642 1059 rationem
658 1028 765 1068 babet,
781 1026 886 1058 Deum
904 1028 1052 1060 videlicet
1065 1034 1204 1060 nostrum
1220 1040 1290 1061 esse
1305 1034 1491 1071 curatorem,
1505 1040 1563 1062 nos
1578 1039 1650 1061 vero
1665 1029 1700 1061 in

232 1083 325 1115 rebus
337 1082 406 1125 ejus
421 1082 539 1124 positos
554 1093 633 1115 esse.
678 1081 806 1113 Nullam
822 1081 906 1114 enim
921 1082 954 1113 id
981 1083 1132 1114 rationem
1158 1084 1264 1125 habet,
1280 1083 1538 1126 prudentissimos
1550 1083 1702 1117 videlicet

232 1137 375 1169 homines
401 1147 466 1168 non
491 1146 571 1178 aegre
596 1136 686 1173 ferre,
703 1136 743 1167 ab
765 1146 803 1168 ea
826 1146 900 1167 cura
922 1147 956 1167 se
978 1136 1126 1175 amoveri,
1141 1147 1235 1179 quam
1257 1137 1318 1169 sibi
1338 1142 1487 1180 praestant
1500 1137 1571 1176 Dii,
1586 1138 1700 1181 optimi

231 1192 371 1224 omnium
387 1202 486 1223 rerum
502 1191 734 1233 gubernatores.
779 1190 951 1233 Nunquam
967 1191 1049 1223 enim
1067 1197 1192 1234 putaret
1206 1192 1252 1223 vir
1266 1192 1415 1234 prudens,
1430 1193 1533 1235 ipsum
1556 1203 1590 1225 se
1610 1191 1700 1224 meli-

231 1257 269 1278 us
284 1257 352 1279 esse
366 1250 557 1285 curaturum,
572 1245 598 1276 si
615 1245 694 1277 liber
708 1245 857 1277 evaserit:
881 1246 935 1277 sed
950 1246 1081 1278 demens
1095 1245 1208 1288 aliquis
1223 1246 1353 1278 forsitan
1375 1247 1408 1278 id
1425 1251 1562 1289 putaret,
1575 1246 1700 1290 fugien-

231 1301 307 1332 dum
323 1299 445 1332 scilicet
459 1309 526 1332 esse
542 1310 561 1330 a
577 1299 706 1331 domino
720 1311 730 1340 3
752 1309 856 1342 neque
871 1299 1023 1342 cogitaret
1044 1310 1108 1331 non
1122 1310 1189 1332 esse
1205 1299 1250 1339 id,
1266 1301 1351 1343 quod
1367 1301 1484 1333 bonum
1499 1306 1559 1340 est,
1573 1301 1698 1343 fugien-

232 1356 320 1393 dum,
336 1354 392 1386 sed
407 1354 440 1386 in
456 1365 494 1386 eo
510 1354 643 1386 maxime
658 1354 916 1396 permanendum.
941 1354 1075 1397 ideoque
1090 1355 1208 1398 absque
1229 1355 1349 1387 ratione
1363 1355 1497 1399 fugeret.
1542 1355 1609 1394 Qui
1623 1365 1698 1394 vero

230 1414 366 1441 mentem
382 1409 489 1446 habet,
505 1418 626 1450 semper
640 1409 726 1450 apud
743 1418 826 1445 eum,
842 1408 896 1450 qui
912 1407 953 1439 sit
967 1407 1088 1450 melior,
1101 1419 1168 1441 esse
1181 1408 1282 1451 cupit.
1327 1409 1436 1452 Atque
1446 1409 1532 1447 itam
1542 1409 1699 1448 Socrates,

229 1467 338 1496 contra
360 1463 488 1495 omnino
512 1462 702 1495 conveniens
724 1472 791 1494 esse
808 1462 930 1494 videtur
953 1472 1047 1504 quam
1070 1464 1155 1505 quod
1178 1463 1275 1505 paulo
1299 1469 1372 1496 ante
1388 1464 1562 1496 dicebatur.
1605 1463 1696 1506 Sapi-

231 1522 320 1549 entes
345 1518 472 1560 quidem
496 1518 607 1549 decere
633 1516 766 1558 graviter
790 1521 919 1548 mortem
943 1516 1043 1557 ferre;
1066 1517 1251 1560 insipientes
1266 1528 1338 1550 vero
1363 1518 1507 1552 libenter.
1549 1518 1694 1550 Socrates

229 1571 334 1614 igitur,
349 1582 420 1604 cum
437 1572 504 1604 haec
519 1572 668 1609 audisset,
684 1570 833 1603 delectari
849 1570 931 1602 visus
940 1576 989 1602 est
1003 1571 1124 1613 argutia
1148 1570 1223 1614 [63]
1249 1572 1387 1604 Cebetis.
1410 1582 1640 1614 conversusque
1654 1572 1696 1605 ad

231 1637 300 1664 nos,
317 1626 458 1668 Semper,
481 1626 596 1668 inquit,
620 1626 671 1657 hic
695 1625 797 1658 Cebes
823 1625 958 1657 rationes
980 1626 1132 1668 quasdam
1154 1631 1382 1668 perscrutatur;
1404 1637 1508 1669 neque
1527 1626 1699 1659 admodum

231 1681 335 1723 facile,
351 1681 436 1722 quod
463 1680 565 1723 quivis
584 1679 711 1721 dixerit,
726 1679 793 1711 vult
815 1679 994 1712 admittere.
1036 1680 1127 1712 Tunc
1149 1681 1306 1719 Simmiae,
1321 1681 1405 1713 Mihi
1426 1691 1564 1723 quoque,
1579 1680 1696 1724 inquit,

231 1735 374 1767 nonnihil
391 1735 515 1767 videtur
539 1734 641 1767 Cebes
656 1734 772 1767 dicere.
818 1734 892 1772 Quo
915 1735 998 1766 enirn
1021 1734 1153 1767 consilio
1175 1735 1334 1778 sapientes
1349 1735 1406 1766 viri
1429 1735 1572 1767 meliores
1593 1745 1701 1767 revera

230 1800 323 1831 quam
339 1789 399 1831 ipsi
415 1789 488 1827 sint,
504 1789 628 1831 fugiant
643 1789 766 1831 illisque
782 1799 886 1821 carere
900 1788 993 1821 facile
1008 1789 1188 1831 patiantur?
1235 1789 1338 1832 Atqui
1362 1789 1440 1821 mihi
1454 1789 1577 1822 videtur
1592 1789 1696 1822 Cebes

230 1854 404 1875 sermonem
419 1843 451 1874 in
469 1849 499 1875 te
515 1844 689 1880 intendere,
702 1844 787 1886 quod
805 1848 866 1874 tam
879 1843 972 1876 facile
987 1848 1020 1875 et
1034 1854 1092 1875 nos
1109 1844 1264 1886 relinquas
1280 1849 1313 1875 et
1323 1843 1423 1882 Deos,
1438 1849 1473 1875 ut
1485 1848 1518 1875 tu
1533 1843 1601 1886 ipse
1616 1843 1695 1876 fate-

228 1897 281 1935 ris,
297 1898 454 1940 principes
469 1898 579 1930 bonos.
622 1898 643 1931 J
647 1902 717 1929 usta
732 1897 848 1935 dicitis,
864 1897 969 1940 inquit
983 1898 1138 1930 Socrates.
1161 1898 1288 1929 arbitror
1303 1898 1386 1929 enim
1402 1908 1457 1930 vos
1467 1897 1581 1935 dicere,
1596 1897 1700 1940 meip-·

227 1962 296 1983 sum
316 1957 464 1994 tanquam
490 1951 664 1994 injudicio
690 1957 834 1994 oportere
857 1963 1000 1995 purgare.
1046 1953 1125 1984 Sm.
1149 1952 1191 1984 Et
1218 1952 1351 1984 maxime
1366 1952 1506 1994 quidem.
1549 1952 1603 1984 So.
1623 1951 1698 1995 Age

227 2016 314 2048 ergo,
329 2007 468 2038 conabor
482 2017 566 2038 nunc
582 2007 667 2048 apud
685 2018 739 2038 vos
754 2007 940 2043 accuratius,
957 2017 1050 2049 quam
1077 2018 1179 2049 nuper
1201 2007 1287 2048 apud
1310 2006 1550 2038 Atheniensium
1567 2005 1695 2048 judices

229 2057 368 2098 fecerim,
385 2071 434 2092 me
450 2061 631 2095 defendere.
676 2060 845 2103 Equidem,
860 2070 879 2092 o
895 2061 1023 2092 Simmia
1038 2067 1131 2103 atque
1148 2060 1264 2103 Cebes,
1277 2060 1338 2092 nisi
1355 2071 1404 2092 me
1418 2061 1619 2102 migraturum
1635 2071 1696 2102 pu-

228 2121 325 2148 tarem
340 2115 474 2158 primurn
487 2116 614 2158 quidem
631 2115 670 2146 ad
687 2115 776 2147 Deos
792 2115 870 2147 alios
881 2115 1039 2157 sapientes
1054 2121 1088 2147 et
1103 2116 1213 2152 bonos,
1229 2115 1346 2147 deiude
1356 2116 1397 2146 ad
1409 2114 1550 2146 homiues
1562 2113 1695 2147 defunc-

228 2176 278 2201 tos
293 2170 355 2211 his,
371 2170 425 2212 qui
442 2169 492 2202 hic
508 2174 594 2211 sunt,
607 2169 763 2207 meliores,
778 2169 897 2212 injuste
919 2180 1040 2212 agerem
1063 2181 1128 2202 non
1151 2170 1281 2202 moleste
1297 2169 1398 2201 ferens
1414 2174 1556 2202 mortem.
1599 2168 1696 2202 Nunc

228 2229 310 2256 certe
327 2225 486 2264 habetote,
499 2235 622 2266 sperare
645 2235 695 2256 me
717 2225 756 2255 ad
773 2225 854 2256 viros
877 2225 977 2256 bonos
1002 2219 1128 2257 ifnrum.
1152 2225 1206 2256 sed
1229 2225 1289 2255 hoc
1311 2224 1439 2266 quidem
1464 2223 1547 2255 haud
1565 2223 1696 2256 omuino

228 2289 445 2310 asseverarem.
493 2279 587 2316 Quod
605 2289 676 2310 vero
692 2280 733 2310 ad
750 2278 836 2310 Deos
853 2280 998 2311 dominos
1013 2279 1104 2310 valde
1127 2279 1227 2310 bonos
1249 2278 1345 2310 iturus
1370 2277 1440 2316 sim,
1467 2282 1584 2310 certum
1599 2279 1698 2310 habe·

228 2338 307 2370 tote,
324 2333 439 2374 siquid
455 2332 540 2364 aliud
556 2333 722 2375 ejusmodi,
738 2339 772 2365 et
784 2333 846 2365 hoc
862 2334 970 2376 utique
985 2345 1035 2365 me
1047 2334 1279 2365 affirmaturum.
1325 2332 1496 2374 Propterea
1510 2332 1595 2363 haud
1610 2331 1697 2363 simi-

229 2387 300 2419 liter
316 2392 446 2418 mortem
465 2387 593 2419 moleste
610 2388 674 2419 fero
690 2400 697 2419 z
724 2389 778 2419 sed
801 2388 884 2419 bono
909 2388 1011 2419 animo
1036 2398 1127 2427 sum;
1150 2397 1302 2429 speroque
1326 2396 1487 2428 superesse
1501 2385 1619 2428 aliquid
1634 2386 1696 2424 his,

228 2442 282 2484 qui
299 2442 442 2475 defuncti
457 2448 548 2483 sunt;
571 2451 677 2485 atque,
704 2449 738 2474 ut
759 2443 825 2485 jam
849 2443 904 2474 diu
920 2443 1045 2479 dicitur,
1062 2442 1161 2474 multo
1179 2441 1288 2473 melius
1303 2442 1392 2472 bonis
1406 2441 1471 2472 fore
1485 2450 1580 2482 qnam
1595 2441 1696 2474 malis.

227 2497 306 2528 Sim.
330 2496 503 2538 Quidnam,
520 2508 538 2528 o
554 2497 708 2534 Socrates,
724 2498 844 2539 cogitas
860 2497 870 2528 ?
895 2496 1037 2539 nunquid
1054 2497 1121 2538 ipse
1137 2506 1207 2527 cum
1219 2495 1320 2526 isthac
1332 2494 1484 2526 sententia
1495 2493 1568 2526 hinc
1580 2494 1666 2526 abire
1683 2495 1694 2526 ?

227 2561 266 2582 an
283 2561 340 2581 nos
355 2560 479 2593 quoque
494 2551 663 2594 participes
677 2551 745 2593 ejus
761 2551 934 2594 relinquere
947 2551 958 2582 ?
981 2561 1095 2592 nempe
1111 2559 1275 2582 commune
1291 2549 1382 2580 nobis
1398 2559 1522 2591 quoque
1533 2549 1564 2580 id
1579 2549 1695 2581 bouum

227 2605 356 2637 arbitror
370 2614 437 2637 esse
463 2606 588 2638 debere.
611 2612 760 2648 praeterea
781 2606 826 2638 ita
849 2606 973 2637 demum
997 2610 1028 2637 te
1051 2605 1136 2647 apud
1160 2614 1217 2635 nos
1238 2601 1428 2645 purgaveriS,
1455 2603 1493 2641 si,
1518 2613 1589 2644 quoe
1604 2602 1695 2640 dicis,

228 2660 318 2691 nobis
334 2660 428 2691 etiam
444 2660 642 2702 persuaseris.
689 2660 745 2692 So.
770 2659 864 2692 Dabo
881 2659 1027 2702 equidem
1045 2669 1182 2702 operam.
1207 2658 1262 2690 sed
1279 2657 1439 2689 Critonem
1462 2655 1548 2698 pribs
1571 2656 1698 2688 auscul-

228 2718 341 2745 temus.
366 2713 489 2745 videtnr
510 2714 593 2745 enim
620 2714 697 2745 mibi
715 2713 904 2755 jamdudum
927 2713 1072 2745 nonnihil
1095 2712 1270 2754 siguificare
1293 2711 1385 2744 velle.
1431 2711 1510 2742 Ciu.
1534 2710 1695 2748 Quidnam

225 2773 319 2810 putas
333 2767 432 2808 aliud,
448 2779 466 2798 o
482 2768 637 2805 Socrates,
652 2779 746 2811 quam
763 2769 849 2810 quod
869 2767 1058 2810 jamdudum
1085 2767 1160 2798 milii
1187 2766 1266 2797 dicit
1282 2765 1319 2801 is,
1335 2765 1390 2808 qui
1405 2764 1462 2796 tibi
1478 2775 1633 2796 venenum
1647 2769 1697 2796 est

226 2823 354 2854 daturus
370 2823 381 2854 ?
399 2822 493 2864 jubet
507 2822 591 2854 enim
606 2828 636 2855 te
654 2823 784 2864 moneri,
801 2828 941 2865 utquam
959 2821 1136 2864 parcissime
1149 2821 1283 2863 loquaris
1298 2832 1304 2850 :
1330 2820 1440 2851 dicens
1452 2819 1568 2862 eosqui
1582 2819 1693 2860 dispu-

226 2881 306 2914 tant,
332 2877 464 2908 nimium
491 2877 676 2909 incalescere
691 2890 698 2909 z
724 2877 801 2909 nihil
824 2888 897 2909 vero
921 2877 983 2908 tale
1009 2876 1153 2908 bibituris
1169 2885 1323 2907 venenum
1350 2872 1528 2906 convenire.
1549 2871 1692 2914 alioquin

226 2942 294 2974 eos,
308 2932 364 2974 qni
379 2932 411 2963 id
428 2932 568 2969 fecerint,
583 2932 654 2974 cogi
670 2932 825 2964 interdum
842 2932 901 2968 bis.
916 2932 1106 2974 quandoque
1123 2935 1168 2962 ter
1181 2939 1334 2961 venenum
1351 2928 1467 2960 bibere.
1513 2926 1567 2958 So.
1592 2925 1690 2957 Mitte

225 2986 340 3029 ipsum.
364 2990 485 3019 tantum
505 2987 551 3026 id,
566 2987 651 3029 quod
675 2991 723 3019 cst
745 2986 839 3021 officii
862 2986 942 3028 ejus,
958 2992 1058 3030 paret,
1075 2990 1225 3028 tanquam
1248 2983 1296 3015 bis
1319 2987 1363 3022 et,
1387 2982 1413 3014 si
1434 2979 1618 3023 oportuerit,
1645 2985 1692 3011 ter
