1846 3268
177 288 248 340 273
619 284 899 326 APOLOGIA
930 285 1208 327 SOCRATIS.
1560 290 1635 328 137

175 394 305 427 omnino
319 404 386 426 sum
401 394 518 436 absque
534 393 618 426 deo:
645 402 750 435 neque
773 393 806 424 in
821 393 882 425 hoc
896 392 1013 434 injuste
1030 401 1102 435 ago,
1126 391 1268 435 quamvis
1283 401 1345 425 non
1361 402 1426 431 eos,
1448 403 1526 435 quos
1541 394 1637 427 habet

173 449 294 486 civitas,
307 449 361 480 sed
377 448 457 480 alios
474 458 541 479 esse
563 447 706 478 doceam.
751 446 877 484 Utrum,
905 447 1046 489 inquam,
1070 447 1131 478 hoc
1150 451 1209 485 est,
1233 447 1269 478 in
1296 458 1359 489 quo
1381 458 1431 478 me
1454 447 1637 485 criminaris,

173 502 259 544 quod
274 501 421 534 videlicet
432 502 508 533 deos
523 501 599 532 alios
613 501 834 532 introducam?
857 510 898 531 an
925 511 975 532 me
997 500 1045 531 ais
1066 499 1194 532 omnino
1214 511 1328 543 negare
1350 501 1438 539 deos,
1459 512 1637 543 rursusque,

171 559 208 586 ut
219 561 345 598 negent,
358 556 435 587 aiios
446 565 573 598 quoque
589 556 701 586 docere
717 555 727 585 ?
771 555 884 586 Assero
902 555 1061 597 equidem,
1082 561 1114 586 te
1129 555 1258 586 omnino
1273 566 1386 597 negare
1401 556 1489 587 deos.
1534 555 1564 587 Ο
1580 557 1636 587 ad-

170 609 318 641 mirabilis
333 610 459 647 Melite,
476 619 603 641 curnam
620 609 679 640 ista
708 608 810 640 dicis?
855 608 970 650 Neque
986 609 1082 640 solem
1099 609 1204 650 igitur,
1228 620 1331 651 neque
1345 610 1450 641 lunam
1470 620 1538 641 esse
1560 610 1637 640 deos

167 664 274 702 eredo,
288 668 321 696 ut
334 664 476 695 homines
488 663 551 695 aiii.
598 663 660 695 Per
673 662 785 695 Jovem
807 662 865 700 ita,
882 674 900 694 ο
911 662 1049 704 judices.
1074 673 1145 694 nam
1161 663 1256 694 solem
1273 664 1399 705 quidem
1415 663 1550 705 lapidem
1567 673 1638 694 esse

169 717 270 758 dicit3
294 718 398 749 inuam
415 727 487 749 vero
504 723 626 749 terram.
672 716 888 758 Anaxagoram
906 722 940 747 tu
957 717 1096 758 quidem,
1123 727 1141 748 ο
1158 717 1258 749 amice
1278 717 1404 755 Melite,
1426 717 1636 748 accusandum

170 781 297 812 censes;
320 777 414 814 atque
428 772 472 804 ita
486 772 542 803 hos
557 771 644 814 parvi
659 771 749 808 facis,
772 771 966 808 existimans,
991 781 1046 802 eos
1061 770 1217 802 literarum
1232 771 1357 813 ignaros
1371 781 1450 808 esse,
1475 771 1565 813 quasi
1581 781 1636 802 ne-

167 824 280 863 sciant,
295 825 388 858 libros
404 825 600 867 Anaxagorae
616 825 812 857 Clazomenii
830 824 988 867 ejusmodi
1010 824 1212 866 opinionibus
1224 835 1291 856 esse
1307 825 1428 867 plenos,
1441 829 1473 856 et
1489 825 1574 855 locus
1590 829 1638 855 est

167 880 393 921 gymnasticus.
437 880 458 912 J
462 890 576 911 uvenes
591 879 636 910 ais
650 880 718 911 haec
734 888 753 910 a
768 889 817 910 me
833 878 972 910 discere?
996 888 1067 920 quae
1084 878 1192 910 liceret
1204 879 1374 916 interdum,
1387 879 1480 910 etiam
1494 878 1518 909 si
1535 878 1634 910 multa

167 933 241 970 sint,
256 933 348 965 unius
363 934 518 966 drachmie
533 935 634 976 pretio
658 943 760 965 emere
781 943 819 965 ex
843 933 1001 965 orchestra
1023 933 1244 974 Socratemque
1267 933 1419 970 deridere,
1443 932 1468 963 si
1491 943 1546 963 sua
1568 943 1636 964 esse

169 985 310 1028 fingeret,
326 989 494 1028 praesertim
509 999 605 1031 quum
621 993 683 1019 tam
700 988 834 1019 absurda
850 987 924 1019 sint.
969 986 1033 1018 Sed
1051 997 1106 1028 per
1121 986 1238 1024 Deum,
1253 998 1272 1018 o
1289 986 1414 1024 Melite,
1438 991 1572 1028 putasne
1587 997 1635 1018 re-

168 1048 252 1078 vera,
267 1042 386 1073 nulium
401 1053 450 1074 me
466 1043 560 1073 deum
576 1042 750 1073 existimare
764 1043 775 1072 ?
820 1041 951 1073 Nullum
967 1050 1023 1082 per
1037 1040 1057 1073 J
1060 1051 1161 1073 ovem.
1205 1040 1396 1072 Incredibile
1407 1045 1466 1078 est,
1480 1051 1499 1071 o
1511 1040 1636 1077 Melite,

170 1095 256 1135 quod
272 1093 372 1135 dicis3
394 1101 426 1127 et
441 1096 580 1138 quidem,
593 1102 628 1128 ut
644 1096 720 1127 mihi
736 1096 871 1134 videtur,
886 1095 980 1126 etiam
1005 1094 1062 1125 tibi
1084 1094 1156 1136 ipsi.
1201 1094 1287 1125 Mihi
1313 1095 1409 1132 enim,
1430 1105 1449 1125 o
1465 1094 1520 1125 viri
1537 1094 1637 1126 Athe-

166 1147 302 1186 nienses,
313 1149 405 1180 nimis
415 1151 657 1182 contumeliosus
670 1160 708 1181 ac
721 1149 864 1191 petulans
878 1149 939 1179 iste
954 1149 1010 1185 vir,
1024 1148 1189 1190 ipsamque
1204 1149 1433 1180 accusationem
1446 1148 1637 1180 contumelia

169 1203 305 1243 quadam
321 1208 353 1234 et
367 1204 542 1246 petulantia
555 1209 586 1236 et
592 1203 727 1246 juvenili
738 1203 914 1235 temeritate
927 1202 1033 1244 procul
1046 1202 1144 1233 dubio
1155 1202 1373 1244 conscripsisse
1388 1202 1523 1234 videtur.
1546 1202 1637 1233 vide—

167 1258 217 1286 tur
228 1255 310 1287 enirn
326 1267 383 1288 ceu
394 1257 470 1301 [27]
487 1259 619 1299 aenigma
637 1258 798 1300 quoddam
814 1266 1015 1298 componere,
1030 1260 1164 1292 tentans,
1178 1266 1217 1287 an
1234 1256 1376 1287 Socrates
1391 1256 1515 1298 sapiens
1525 1256 1638 1297 depre-

169 1309 290 1341 hendat
313 1311 416 1352 ipsum
443 1313 533 1354 quasi
551 1313 723 1347 ludentem,
745 1311 868 1353 sibique
891 1310 952 1352 ipsi
974 1310 1128 1342 contraria
1152 1314 1400 1352 proponentem3
1421 1310 1471 1341 vei
1495 1310 1638 1341 Socrates

168 1371 232 1393 una
247 1373 319 1395 cum
335 1365 529 1397 auditoribus
546 1365 622 1407 ipsis
638 1364 827 1407 decipiatur.
872 1363 936 1395 Hic
952 1374 1088 1405 namque
1106 1374 1281 1405 repugnare
1295 1363 1420 1395 sibimet
1441 1364 1475 1394 in
1493 1363 1570 1405 ipsis
1585 1373 1636 1394 ac-

167 1417 338 1449 cusationis
354 1419 452 1450 verbis
467 1420 540 1450 mihi
557 1420 690 1457 videtur,
716 1429 774 1451 ceu
796 1419 822 1449 si
837 1417 972 1463 dixerit,
989 1417 1108 1449 Contra
1123 1418 1207 1459 leges
1222 1418 1287 1459 agit
1308 1418 1450 1449 Socrates
1470 1418 1546 1448 deos
1570 1427 1636 1448 non

167 1475 296 1512 putans,
319 1473 374 1504 sed
401 1474 477 1504 deos
498 1479 623 1516 putans.
668 1473 750 1510 Quae
773 1473 900 1514 quidem
918 1472 1057 1514 jocantis
1081 1482 1176 1513 nugae
1198 1482 1266 1503 esse
1283 1471 1436 1503 videntur.
1481 1471 1636 1503 Animad-

166 1525 289 1563 vertit&
315 1537 336 1558 ο
359 1527 427 1565 viri,
446 1538 509 1570 quo
535 1533 630 1570 pacto
656 1527 790 1559 Melitus
819 1527 893 1559 mihi
920 1526 1044 1557 videtur
1066 1525 1134 1558 haec
1161 1526 1276 1557 dicere.
1319 1525 1367 1557 Tu
1383 1536 1456 1557 vero
1481 1525 1636 1567 responde

169 1579 272 1618 nobis,
289 1580 449 1613 oMelite.
494 1582 557 1614 Sed
571 1593 640 1620 vos,
654 1582 740 1624 quod
767 1582 807 1613 ab
831 1580 921 1612 initio
946 1580 1041 1619 oravi,
1069 1590 1108 1611 ne
1132 1580 1266 1621 graviter
1288 1580 1404 1617 feratis,
1426 1579 1451 1611 si
1474 1590 1530 1621 pro
1552 1589 1637 1610 more

167 1638 240 1665 meo
256 1635 348 1667 verba
361 1636 454 1668 facio.
498 1637 596 1668 Estne
611 1636 790 1678 quisquam,
807 1646 825 1666 o
841 1635 968 1672 Melite,
991 1635 1047 1676 qui
1063 1635 1200 1665 humana
1213 1634 1342 1675 quidem
1359 1644 1426 1664 esse
1450 1636 1551 1675 putet,
1574 1634 1632 1663 ho-

164 1686 265 1720 mines
279 1699 351 1720 vero
367 1691 588 1732 nequaquam?
634 1690 845 1732 Respondeat
861 1689 947 1726 mihi,
971 1699 989 1719 o
1005 1689 1072 1726 viri,
1096 1698 1200 1729 neque
1228 1688 1321 1718 modo
1343 1687 1376 1718 in
1398 1686 1459 1723 his,
1481 1687 1576 1718 modo
1599 1687 1634 1717 in

166 1741 229 1772 iiiia
245 1744 414 1784 perturbet.
436 1749 524 1776 estne
539 1743 664 1786 aliquis,
679 1744 735 1785 qui
751 1753 849 1785 equos
863 1753 927 1774 non
950 1747 1040 1784 putet
1055 1752 1134 1782 esse,
1157 1743 1212 1773 sed
1228 1741 1380 1783 equestria
1393 1742 1403 1772 ?
1427 1740 1476 1772 vel
1493 1740 1636 1773 tibicines

167 1795 294 1838 quidem
310 1807 374 1828 non
399 1807 478 1836 esse,
501 1799 554 1830 sed
575 1798 740 1829 tibicinum
765 1797 889 1828 officia?
934 1796 1010 1827 Non
1035 1800 1083 1827 est
1104 1796 1282 1838 quisquam,
1306 1806 1324 1826 ο
1340 1795 1473 1827 virorum
1499 1795 1631 1836 optime.

163 1850 233 1892 Ego
248 1851 332 1882 euim
348 1862 403 1894 pro
418 1857 449 1884 te
465 1858 498 1884 et
511 1852 568 1884 tibi
584 1858 617 1884 et
638 1853 685 1883 his
707 1851 777 1882 aliis
804 1851 991 1892 respondeo,
1018 1850 1174 1891 siquidem
1198 1850 1267 1891 ipse
1293 1859 1356 1880 non
1371 1849 1417 1880 vis
1433 1849 1634 1890 respondere.

166 1904 230 1936 Sed
255 1905 296 1936 ad
318 1906 379 1937 hoc
405 1906 526 1944 saltem,
547 1906 630 1948 quod
659 1904 758 1947 magis
780 1905 819 1936 ad
846 1915 909 1936 rem
932 1903 1080 1946 pertinet,
1102 1905 1269 1946 responde.
1314 1902 1367 1934 An
1388 1907 1436 1935 est
1457 1903 1636 1945 quisquam,

160 1959 215 2000 qui
239 1959 395 1991 daemonia
418 1961 544 2002 quidem
570 1970 666 2002 opera
691 1959 838 2000 opinetur
865 1968 945 1996 esse,
972 1959 1133 1990 daemones
1161 1962 1266 1989 autem
1299 1957 1448 1988 minime?
1502 1956 1632 1988 Nullus.

165 2012 269 2050 Quam
286 2014 372 2045 tarde
387 2019 421 2045 et
431 2014 482 2045 vix
497 2013 689 2057 respondisti
705 2013 744 2044 ab
759 2012 807 2044 his
822 2017 949 2044 coactus
962 2012 973 2044 ?
1019 2012 1137 2044 Nonne
1161 2012 1256 2054 igitur
1278 2013 1433 2043 daemonia
1447 2022 1543 2053 opera
1557 2021 1635 2043 con-

163 2066 260 2099 fiteris
275 2078 324 2099 me
341 2072 374 2099 et
395 2073 505 2110 putare
520 2074 552 2100 et
567 2068 693 2108 docere,
719 2067 784 2099 sive
799 2077 892 2104 nova,
916 2066 981 2099 sive
1007 2067 1136 2108 antiqua
1159 2066 1244 2097 sint?
1269 2066 1397 2097 omnino
1421 2066 1518 2107 enim,
1542 2070 1577 2096 ut
1601 2070 1634 2096 tu

161 2121 333 2162 confiteris,
349 2122 504 2154 daemonia
518 2133 577 2165 ego
607 2132 722 2159 assero,
748 2127 843 2163 atque
858 2122 926 2152 haec
940 2121 1068 2163 quidem
1084 2121 1116 2151 in
1134 2120 1337 2162 responsione
1351 2118 1488 2151 vicissim
1505 2129 1634 2150 accusa-

164 2174 244 2206 tioni
255 2175 402 2217 rescripta
413 2175 539 2218 jurabo.
583 2176 678 2214 Quod
692 2176 718 2207 si
734 2176 890 2207 daemonia
899 2182 990 2218 puto,
1006 2175 1214 2207 necessarium
1230 2179 1279 2205 est
1293 2173 1434 2211 omnino,
1458 2177 1567 2215 putare
1583 2183 1633 2204 me

164 2228 324 2260 daemones
346 2239 473 2272 quoque
497 2241 576 2263 esse.
601 2241 640 2262 an
658 2231 783 2262 nonita
797 2240 829 2261 se
845 2240 892 2261 res
915 2230 1033 2261 habet?
1078 2229 1129 2260 Ita
1150 2234 1245 2260 certe.
1289 2228 1380 2259 Pono
1401 2227 1486 2258 enim
1505 2231 1536 2258 te
1557 2237 1633 2258 con·

168 2282 321 2321 fitentem,
350 2285 604 2326 quandoquidem
634 2285 820 2327 respondere
844 2294 908 2315 non
926 2284 982 2314 vis.
1028 2283 1200 2314 Daemones
1227 2287 1343 2318 autem,
1369 2291 1473 2312 nonne
1489 2285 1542 2311 aut
1558 2280 1634 2312 deos

170 2336 353 2369 arbitramur
368 2349 446 2376 esse,
463 2344 518 2370 aut
539 2340 668 2371 deorum
691 2338 795 2369 filios?
819 2338 966 2369 faterisne
982 2338 1053 2374 hoc,
1075 2347 1114 2367 an
1127 2337 1246 2378 negas?
1292 2336 1430 2367 Prorsus.
1475 2334 1593 2366 Nonne
1608 2334 1635 2365 si

167 2391 326 2423 daemones
341 2402 407 2424 esse
422 2393 565 2431 arbitror,
580 2398 615 2424 ut
628 2393 697 2435 ipse
712 2391 873 2433 concedis,
899 2392 1119 2433 daemonesque
1137 2390 1181 2421 dii
1206 2389 1333 2431 quidam
1355 2394 1439 2426 suut,
1461 2389 1495 2419 id
1518 2388 1637 2430 evenit,

162 2445 248 2486 quod
265 2447 358 2477 modo
373 2447 540 2479 dicebam?
565 2447 699 2490 aenigma
715 2457 888 2489 proponere
905 2451 936 2477 te
949 2450 982 2477 et
998 2445 1086 2487 quasi
1102 2444 1211 2486 nugari
1236 2444 1385 2481 dicendo,
1411 2454 1459 2474 me
1475 2444 1551 2474 deos
1567 2452 1631 2473 non

160 2499 399 2537 existimantem,
414 2502 490 2532 deos
506 2506 612 2532 tamen
631 2511 740 2532 rursus
765 2500 953 2537 existimare,
975 2498 1230 2540 quandoquidem
1252 2497 1410 2528 daemones
1433 2506 1499 2527 esse
1525 2496 1633 2527 duco?

165 2551 300 2590 Rursus,
316 2553 342 2584 si
357 2554 515 2586 daemones
530 2555 658 2586 deorum
675 2554 732 2585 filii
748 2558 832 2590 sunt,
847 2553 943 2594 spurii
958 2552 1105 2583 videlicet
1118 2552 1257 2593 quidam,
1274 2556 1328 2582 aut
1342 2561 1380 2582 ex
1397 2550 1557 2592 nymphis,
1578 2554 1633 2580 aut

111 2635 116 2640 ,
164 2615 202 2636 ex
218 2604 287 2637 aliis
301 2606 501 2649 quibusdam,
517 2612 552 2639 ut
567 2607 674 2645 fertur,
690 2608 833 2651 quisnam
850 2607 1010 2638 hominum
1037 2606 1117 2636 filios
1139 2606 1267 2647 quidem
1292 2606 1419 2637 deorum
1446 2614 1514 2636 esse
1529 2608 1634 2645 putet,

166 2659 243 2691 deos
258 2670 331 2692 vero
345 2661 463 2702 neget?
508 2662 644 2694 Perinde
660 2662 744 2694 enim
771 2662 804 2694 id
829 2662 995 2693 absurdum
1012 2660 1104 2701 foret,
1129 2670 1166 2691 ac
1189 2659 1214 2690 si
1236 2659 1305 2701 quis
1327 2669 1478 2701 equorum
1503 2657 1632 2699 quidem

167 2713 249 2745 filios
265 2714 313 2746 vei
330 2715 484 2746 asinorum
501 2715 602 2747 mutos
618 2725 686 2748 esse
701 2721 804 2759 putet,
821 2726 919 2758 equos
935 2722 1038 2746 autem
1054 2719 1088 2745 et
1102 2714 1205 2745 asinos
1227 2724 1295 2745 esse
1318 2723 1383 2744 non
1407 2715 1508 2754 putet.
1556 2711 1633 2746 Sed,

165 2777 186 2799 o
201 2767 327 2806 Melite,
343 2769 456 2800 videris
474 2769 580 2811 procul
597 2770 694 2801 dubio
710 2770 940 2802 accusationem
956 2769 1046 2799 istam
1073 2768 1189 2799 idcirco
1210 2767 1255 2798 ita
1270 2767 1422 2808 posuisse,
1447 2766 1495 2797 vel
1519 2770 1555 2795 ut
1580 2765 1633 2794 in-

165 2821 252 2862 genii
266 2823 364 2854 nostri
379 2823 551 2864 periculum
566 2823 696 2860 faceres,
711 2824 760 2855 vel
786 2824 871 2866 quia,
894 2823 927 2854 in
950 2832 1014 2864 quo
1038 2832 1070 2853 re
1089 2831 1158 2852 vera
1180 2832 1228 2853 me
1243 2819 1461 2857 criminarer-is,
1476 2819 1552 2850 nihil
1578 2818 1633 2847 ha-

165 2876 266 2909 beres.
309 2876 358 2907 Tu
372 2887 446 2908 vero
461 2887 595 2918 quanam
621 2877 742 2908 ratione
763 2877 966 2918 persuaderes
989 2875 1095 2911 alicui,
1111 2875 1159 2906 vel
1184 2875 1343 2906 minimum
1366 2874 1493 2915 quidem
1519 2870 1632 2902 mentis

165 2930 306 2967 habenti,
322 2940 386 2961 non
400 2941 469 2963 esse
484 2930 624 2972 ejusdem
641 2931 710 2968 viri,
724 2931 881 2962 daemonia
896 2929 986 2961 simul
998 2934 1031 2961 et
1042 2929 1149 2960 divina
1162 2934 1291 2970 putare;
1315 2938 1350 2958 ac
1364 2937 1465 2958 rursus
1477 2925 1632 2966 ejusdem,

166 2993 270 3026 neque
285 2985 454 3022 daemones,
469 2995 572 3027 neque
588 2985 676 3027 deos,
698 2995 802 3027 neque
826 2984 954 3016 heroes?
1001 2983 1100 3015 Nulla
1125 2988 1208 3015 certe
1230 2982 1351 3013 ratione
1374 2980 1439 3011 fieri
1462 2988 1552 3020 posse
1575 2977 1631 3007 ali-

253 3037 344 3070 Plat.
364 3038 418 3069 Tr.
873 3038 902 3069 1.
1512 3031 1533 3061 S
