1846 3268
243 291 320 329 394
851 287 1118 326 PLATONIS
1620 286 1718 338 [305

246 391 402 428 Quisnam·
416 390 488 422 artis
504 394 647 432 expertes
664 388 856 430 praefecturae
870 388 978 429 reique
995 383 1132 418 militaris
1147 387 1247 419 omnis
1264 387 1405 419 actiones
1421 386 1561 419 dixerit?
1606 386 1714 420 How.

252 445 444 476 Facultatem
461 455 532 475 vero
558 443 656 482 illam,
680 452 751 483 quae
779 441 988 473 consultando
1017 441 1185 482 prudenter
1209 441 1379 473 deliberare
1403 446 1519 484 potest,
1534 441 1719 483 quibuscum

249 498 367 530 bellum
385 499 556 540 gerendum
572 497 612 528 sit
627 496 675 527 vel
693 506 753 538 pax
770 495 922 532 ineunda,
939 495 1082 536 nunquid
1099 496 1138 525 ab
1151 505 1189 526 ea
1203 495 1356 527 diversam
1369 505 1409 527 an
1425 495 1557 526 eandem
1580 505 1651 527 cum
1666 495 1720 526 illa

250 553 452 594 putabimus?
498 552 556 583 So.
580 550 768 581 Diversam:
791 549 816 580 si
845 549 878 580 in
901 548 1111 590 superioribus
1133 554 1260 581 stamus.
1285 549 1383 591 [305]
1406 549 1516 581 HosP.
1538 548 1667 586 Nonne,
1695 548 1722 580 si

253 606 446 648 superiorum
462 604 613 636 rationem
630 604 800 646 sequimur,
815 604 896 634 hanc
911 613 982 645 quae
995 603 1038 654 >de
1063 603 1146 634 bello
1162 603 1331 640 consultat,
1345 603 1390 635 illi
1410 613 1481 645 quae
1501 602 1616 634 bellum
1631 601 1725 645 gerit,

249 659 405 690 dominari
441 659 606 691 dicemus?
651 658 709 690 So.
732 657 775 689 Et
805 656 902 689 istud.
948 656 1056 688 Hosr’.
1081 657 1184 694 Quam
1215 667 1286 689 vero
1315 657 1511 699 potissimum
1540 656 1722 689 facultatem

250 723 334 750 vere,
358 721 469 754 praeter
493 712 608 754 regiam
632 712 771 743 civilium
795 711 1005 753 disciplinam,
1028 719 1092 742 tam
1119 711 1317 753 amplissima}
1340 711 1628 754 potentissimasque
1651 711 1722 752 arti,

250 766 296 798 rei
324 767 444 799 scilicet
473 765 600 797 militari
628 766 770 798 universe
808 765 960 808 imperare
998 765 1162 797 dicemus?
1208 765 1265 797 So.
1289 766 1418 797 Nullam
1455 776 1578 807 prorsus
1615 766 1719 799 aliam.

250 821 361 852 Hosr’.
383 820 554 852 Scientiam
571 819 666 862 igitur
681 831 801 860 eorum,
826 820 881 862 qui
898 821 1019 850 ducunt
1034 820 1198 855 exercitus,
1213 830 1283 851 curn
1299 820 1427 851 obediat
1442 825 1474 852 et
1490 821 1603 851 serviat
1617 820 1718 857 alteri,

252 874 497 916 haudquaquam
514 873 638 905 civilem
655 872 754 914 ipsam
771 883 838 904 esse
854 873 1016 904 scientiam
1031 872 1261 904 affirmabimus.
1306 873 1360 906 So.
1384 874 1480 905 Haud
1496 884 1570 905 sane
1585 875 1723 906 deceret.

251 927 362 960 Hosr.
385 922 457 968 Aige
469 926 537 969 jam
554 932 733 968 praetorum,
748 926 803 968 qui
814 926 901 968 juste
928 926 1051 968 singula
1063 926 1222 968 judicant⁷
1244 927 1418 968 potentiam
1440 927 1624 969 cogitemus.
1667 928 1724 959 So.

252 980 451 1023 Cogitemus.
498 980 608 1012 HosP.
630 980 784 1022 Nunquid
810 981 891 1011 ultra
913 981 1166 1012 commerciorum
1187 980 1260 1022 jura
1281 980 1422 1022 legitima
1446 981 1612 1013 auctoritas
1637 981 1724 1013 illius

253 1034 444 1071 extenditur,
461 1039 497 1065 ut
511 1034 593 1066 circa
614 1034 682 1065 haec
705 1034 884 1065 consideret
906 1033 1126 1076 quidjustum,
1149 1034 1225 1075 quid
1251 1044 1327 1070 non,
1342 1039 1374 1065 et
1395 1034 1436 1064 ad
1451 1044 1590 1065 normam
1606 1035 1722 1076 legum,

254 1098 333 1130 quas
348 1098 400 1119 rex
416 1087 486 1130 ipse
499 1087 659 1129 condidit,
673 1087 855 1129 respiciens,
870 1087 911 1118 de
926 1087 1057 1128 singulis
1069 1086 1205 1126 judicet,
1226 1087 1351 1128 propria
1370 1087 1484 1118 virtute
1497 1097 1620 1129 semper
1633 1088 1724 1119 adhi-

254 1142 334 1178 bita,
350 1152 406 1183 per
420 1151 514 1183 quam
530 1149 634 1183 neque
649 1141 830 1172 muneribus
845 1151 949 1183 neque
964 1140 1057 1172 minis
1073 1151 1174 1182 neque
1190 1141 1508 1172 commiserationibus
1523 1151 1627 1183 neque
1649 1142 1725 1174 odio

254 1206 358 1237 neque
374 1206 477 1227 amore
491 1195 575 1236 leges
591 1195 854 1236 transgrediantur
864 1199 897 1226 et
910 1193 1081 1236 praeterjus
1092 1194 1225 1225 alternas
1235 1204 1344 1226 causas
1357 1194 1526 1226 dirimant?
1569 1195 1626 1229 So.
1648 1194 1726 1227 Non

254 1249 341 1281 aliud
357 1255 452 1288 certe,
469 1260 566 1291 quam
578 1260 664 1281 nunc
682 1250 737 1280 abs
753 1254 784 1280 te
799 1249 931 1286 dictum,
943 1249 1061 1290 judicis
1077 1254 1124 1280 est
1139 1247 1286 1281 officium.
1332 1248 1439 1281 Hosr.
1461 1249 1596 1280 Constat
1607 1249 1727 1291 itaque,

253 1302 317 1334 vim
338 1302 485 1344 judicum
511 1314 575 1334 non
597 1314 665 1334 esse
690 1303 805 1345 regiam
831 1302 1038 1344 majestatem,
1067 1301 1161 1333 immo
1185 1306 1218 1333 et
1241 1302 1345 1344 legum
1368 1302 1555 1340 custodiam,
1582 1293 1739 1345 regisque*

256 1356 489 1398 pedissequam.
534 1356 591 1388 So.
614 1356 769 1399 Apparet.
814 1356 922 1388 Hosr’.
953 1356 1105 1398 Quisquis
1121 1361 1212 1398 artes,
1239 1367 1316 1398 quas
1331 1357 1579 1394 memoravimus,
1595 1362 1725 1389 cunctas

256 1411 510 1449 consideraverit,
526 1411 663 1452 cogitare
680 1411 776 1442 debet
789 1421 894 1442 earum
911 1411 1028 1442 nullam
1046 1421 1113 1441 esse
1128 1410 1265 1448 civilem,
1280 1421 1373 1452 quam
1389 1410 1567 1452 quaerimus,
1581 1411 1725 1453 discipli-

257 1474 330 1495 nam
346 1476 353 1495 :
377 1465 497 1507 quippe
514 1475 586 1497 cum
603 1465 694 1507 regiae
710 1464 883 1506 majestatis
906 1464 1042 1496 officium
1066 1464 1118 1501 sit,
1141 1474 1205 1494 non
1232 1470 1266 1496 ut
1289 1465 1357 1505 ipsa
1372 1463 1499 1506 quidem
1514 1469 1599 1506 agat,
1621 1465 1676 1496 sed
1693 1470 1729 1496 ut

259 1527 350 1560 agere
366 1518 548 1560 potentibus
564 1518 708 1560 imperet,
732 1523 966 1560 cognoscatque
982 1518 1169 1560 principium
1196 1523 1290 1560 atque
1314 1529 1507 1560 progressum
1523 1529 1643 1560 eorum,
1658 1530 1729 1561 quae

257 1571 292 1603 in
306 1572 435 1603 civitate
450 1577 523 1603 sunt
538 1573 683 1613 maxima,
699 1573 816 1615 quidve
830 1573 976 1604 decorum
995 1577 1027 1604 et
1042 1577 1253 1614 opportunum
1269 1572 1319 1608 sit,
1331 1573 1407 1613 quid
1421 1577 1529 1603 contra.
1542 1582 1550 1602 z
1563 1572 1640 1604 alias
1655 1583 1728 1603 vero

258 1625 424 1657 facultates
435 1624 525 1666 jussa
540 1618 703 1668 capessere
718 1631 750 1657 et
765 1627 913 1657 mandata
935 1626 1119 1668 transigere.
1143 1626 1199 1657 So.
1224 1625 1366 1667 Optime.
1388 1625 1496 1657 Hosr’.
1518 1625 1729 1663 Quamobrem

259 1684 341 1710 artes
354 1679 428 1717 illae,
442 1690 520 1722 quas
545 1680 640 1711 modo
662 1680 865 1718 narravimus,
887 1691 959 1711 cum
984 1690 1087 1722 neque
1113 1679 1298 1721 suiipsarurn
1320 1690 1422 1721 neque
1445 1671 1581 1711 invicem
1596 1680 1732 1711 dominae

259 1732 334 1769 sint,
362 1734 418 1764 sod
445 1733 575 1775 singulae
598 1734 732 1776 propriis
756 1734 943 1776 quibusdam
969 1734 1152 1765 incumbant
1177 1734 1336 1775 operibus,
1359 1733 1469 1766 merito
1493 1744 1532 1766 ex
1556 1733 1732 1766 actionibus

259 1786 394 1828 propriis
432 1788 556 1829 propria
588 1787 704 1819 sortitae
733 1793 806 1819 sunt
836 1788 975 1820 nomina.
1022 1788 1079 1819 So.
1102 1788 1256 1830 Apparet.
1302 1788 1410 1820 Hosr’.
1433 1788 1512 1819 Eam
1540 1798 1624 1825 vero,
1659 1798 1731 1830 quae

261 1840 384 1872 cunctis
409 1841 457 1872 his
487 1841 643 1882 praesidet,
669 1841 837 1884 legumque
860 1847 894 1873 et
919 1841 1070 1878 omnium,
1096 1851 1167 1883 quae
1192 1841 1225 1872 in
1247 1842 1373 1873 civitate
1404 1847 1488 1879 sunt,
1511 1852 1615 1874 curam
1637 1843 1732 1874 babet

261 1894 428 1936 omniaque
446 1895 598 1932 contexit,
622 1895 731 1926 merito
747 1896 907 1927 communi
931 1896 1147 1938 appellatione
1171 1896 1472 1938 comprehendentes
1493 1895 1616 1928 civilem
1631 1896 1733 1928 scien-

262 1947 339 1978 tiam
354 1949 615 1990 nuncupabimuS.
662 1949 719 1980 So.
744 1949 895 1981 Omnino.
939 1949 1050 1981 Hosr’.
1073 1949 1228 1992 Nunquid
1244 1950 1278 1980 in
1295 1953 1459 1991 praesentia
1472 1950 1645 1982 secundum
1665 1955 1734 1981 tex-

262 2001 351 2032 toriae
367 2001 524 2040 facultatis
539 2002 715 2044 exemplum
731 2003 817 2035 illam
845 2014 1018 2045 percurrere
1034 2003 1188 2041 volumus,
1204 2009 1370 2045 postquam
1386 2004 1502 2041 omnia,
1517 2015 1588 2046 quae
1610 2004 1642 2035 in
1659 2004 1736 2036 civi·

263 2058 329 2085 tate
344 2059 428 2096 sunt,
445 2066 559 2097 genera
582 2057 808 2097 patefecimus?
855 2057 911 2089 So.
935 2056 1089 2089 Maxime.
1133 2057 1241 2089 Hosr’.
1265 2057 1498 2089 Declarandum
1521 2058 1681 2100 deinceps,
1697 2062 1734 2090 ut

264 2106 399 2146 videtur,
415 2119 486 2150 quae
504 2109 602 2152 [306]
618 2110 658 2141 sit
673 2111 847 2152 complexio
863 2111 959 2153 regia,
975 2116 1006 2142 et
1022 2122 1085 2152 qua
1099 2111 1219 2142 ratione
1235 2111 1404 2152 complicet
1418 2116 1577 2154 texatque,
1591 2112 1731 2154 qualem-

265 2170 327 2202 que
343 2167 495 2195 texturam
507 2163 599 2194 nobis
614 2163 738 2196 efficiat.
783 2164 840 2197 So.
865 2164 918 2196 Sic
933 2169 991 2196 est.
1036 2164 1144 2196 Hesi».
1168 2163 1233 2196 Res
1247 2165 1374 2206 quidem
1390 2165 1603 2197 demonstratu
1619 2165 1730 2198 diffici-

264 2214 303 2246 lis
322 2227 330 2247 ι
353 2216 421 2254 sed,
437 2217 588 2259 quoniam
603 2218 776 2249 necessaria
800 2218 866 2249 visa
881 2223 939 2256 est,
955 2229 1012 2260 pro
1027 2218 1144 2251 viribus
1160 2218 1347 2250 declaranda
1361 2219 1494 2251 videtur.
1538 2219 1634 2258 Quod
1647 2219 1732 2252 enim

265 2269 388 2302 virtutis
404 2281 475 2314 pars
490 2282 509 2303 a
527 2272 633 2314 specie
651 2272 772 2304 virtutis
788 2272 965 2311 dissentiat,
980 2273 1073 2305 facile
1090 2277 1194 2315 potest
1208 2273 1354 2304 adversus
1370 2273 1536 2305 multorum
1551 2274 1732 2316 opinionem

266 2334 286 2355 a
301 2325 506 2357 contentiosis
519 2324 697 2357 hominibus
713 2327 846 2368 probari.
892 2327 948 2359 So.
973 2326 1069 2358 Haud
1087 2326 1241 2368 intelligm
1286 2326 1394 2359 Hosn.
1417 2327 1468 2359 Sic
1481 2327 1736 2371 foroeinoelliges.

265 2378 495 2412 Fortitudinem
512 2380 650 2412 arbitrari
665 2385 697 2412 te
712 2386 788 2423 puto
804 2386 923 2423 partem
947 2381 1084 2423 aliquam
1099 2381 1222 2412 virtutis
1242 2391 1320 2413 esse.
1364 2381 1420 2412 So.
1442 2381 1584 2413 Penitus.
1629 2382 1737 2416 Hosr’.

269 2432 521 2475 Temperantiam
535 2439 639 2465 autem
656 2445 675 2465 a
687 2434 874 2466 fortitudine
890 2445 956 2467 esse
972 2435 1138 2473 diversam,
1153 2445 1223 2466 esse
1236 2440 1338 2466 tamen
1348 2434 1490 2476 ejusdem
1502 2441 1634 2478 partem,
1645 2436 1736 2478 cujus

266 2491 317 2519 est
329 2487 493 2520 fortitudo.
539 2488 594 2519 So.
616 2488 680 2521 Ita.
724 2488 833 2521 HosP.
857 2488 976 2520 Mirum
991 2489 1146 2531 quendam
1163 2489 1203 2520 de
1217 2489 1264 2520 his
1276 2499 1448 2520 sermonem
1465 2489 1600 2530 proferre
1614 2490 1735 2522 auden-

267 2540 355 2572 dum.
400 2541 455 2573 So.
480 2541 609 2578 Quem?
655 2542 764 2574 Hosr.
788 2543 884 2581 Quod
899 2543 962 2575 duo
978 2544 1045 2575 haec
1069 2543 1300 2585 quodammodo
1318 2543 1422 2573 multis
1447 2542 1482 2574 in
1498 2543 1588 2574 rebus
1601 2543 1661 2575 sibi
1685 2543 1735 2575 in-

267 2594 369 2626 vIcem
386 2594 554 2636 plurimum
571 2595 784 2629 adversantur.
830 2596 886 2629 So.
911 2597 984 2634 Qua
1006 2596 1126 2628 ratione
1149 2596 1182 2627 id
1205 2596 1274 2628 ais?
1319 2596 1426 2628 Hosr.
1449 2597 1631 2629 Inauditum
1653 2598 1736 2631 hoc:

268 2648 424 2690 siquidem
452 2653 555 2689 partes
584 2649 709 2681 virtutis
736 2661 844 2682 omnes
873 2655 983 2682 mutua
1009 2650 1144 2682 invicem
1173 2650 1311 2683 amicitia
1340 2650 1449 2682 vinciri
1477 2651 1635 2685 dicuntur.
1680 2652 1740 2684 So.

269 2701 400 2744 Utique.
443 2701 551 2736 Hosr‘.
576 2702 818 2736 Consideremus
832 2704 938 2746 itaque
953 2703 1131 2747 diligenter,
1146 2709 1248 2736 utrum
1265 2705 1325 2736 hoc
1347 2704 1391 2735 ita
1406 2704 1537 2747 simplex
1552 2704 1604 2743 sit,
1619 2715 1659 2737 an
1673 2694 1735 2737 dif'·

267 2755 430 2788 ferentium
457 2756 565 2788 horum
597 2757 761 2789 maximam
784 2758 817 2788 in
841 2758 983 2801 cognatis
1007 2759 1240 2801 quodammodo
1266 2759 1392 2792 habeat.
1438 2758 1494 2791 So.
1518 2758 1654 2800 Nempe.
1679 2759 1734 2791 sed

269 2809 368 2847 dicas,
383 2809 436 2841 ubi
453 2810 726 2843 considerandum.
771 2811 880 2845 HosP.
903 2812 942 2844 In
966 2813 1121 2850 omnibus,
1143 2823 1340 2855 quaecunque
1364 2812 1496 2854 pulchra.
1512 2821 1681 2845 vocamus:
1704 2818 1739 2844 et

270 2863 310 2897 ad
327 2863 404 2895 duas
418 2863 501 2895 inter
516 2874 549 2895 se
564 2865 732 2897 contrarias
748 2866 869 2908 species
884 2877 922 2898 ea
937 2867 1106 2899 referimus.
1152 2867 1207 2899 So.
1230 2866 1292 2898 Dic
1308 2866 1444 2908 apertius
1457 2865 1588 2908 aliquid.
1625 2864 1734 2898 Hosr’.

269 2916 460 2949 Laudastine
476 2928 613 2960 unquam
629 2924 684 2950 aut
698 2920 793 2952 alium
810 2921 989 2953 laudantem
1005 2921 1122 2953 audisti
1137 2931 1268 2953 acumen
1286 2919 1544 2962 velocitatemque
1559 2918 1607 2951 vel
1622 2929 1732 2961 corpo-

273 2981 338 3002 rum
354 2970 403 3003 vel
419 2970 590 3004 animorum
606 2973 655 3004 vel
672 2984 795 3013 vocum,
811 2974 874 3008 sive
890 2975 999 3010 horum
1016 2975 1166 3018 ipsorum,
1183 2985 1237 3007 seu
1263 2974 1357 3007 etiam
1373 2973 1616 3012 simulacrorum,
1645 2983 1734 3015 qute-
