1846 3268
185 242 284 315 2440]
770 262 1069 303 CRATYLUS.
1559 270 1638 309 339

179 367 306 405 sentire,
319 371 355 399 ut
370 371 461 409 putet
481 364 559 398 nihil
577 365 734 408 integrum
757 365 942 408 firmumque
964 366 1108 409 existere,
1123 366 1179 399 sed
1201 367 1307 404 omnia
1319 367 1407 400 velut
1422 368 1530 401 fictilia
1544 370 1642 403 fluere

182 426 278 464 atque
302 421 477 459 concidere,
501 424 535 452 et
558 419 822 462 quemadmodum
845 420 987 452 homines
1011 420 1275 453 destillationibus
1302 422 1414 464 capitis
1441 427 1640 463 aegrota'ntes,

180 474 320 507 similiter
333 485 459 517 quoque
471 484 519 505 res
541 471 625 515 ipsas
650 473 731 504 affici
751 472 889 514 judIcet,
904 474 984 505 adeo
1006 479 1042 505 ut
1063 474 1276 506 destillatione
1289 481 1322 506 et
1335 475 1421 506 fluxu
1436 476 1540 507 omnia
1556 487 1644 508 com-

179 527 422 568 prehendantur.
465 525 569 563 Forte,
585 536 604 557 o
621 526 762 569 Cratyle,
776 527 820 558 ita
840 532 898 565 est,
914 526 992 559 forte
1014 528 1109 559 etiam
1132 528 1231 560 aliter.
1276 528 1363 560 Porti
1384 529 1489 560 animo
1514 534 1548 561 et
1569 530 1643 562 dili-

180 578 268 621 genti
282 578 386 610 studio
400 578 623 620 investiganda
637 590 684 611 res
700 585 748 612 est
761 591 771 620 3
793 591 897 622 neque
920 581 1003 612 enim
1025 581 1119 612 facile
1134 581 1377 615 assentiendum.
1395 581 1525 624 juvenis
1538 585 1643 616 adhuc

181 643 228 670 es,
243 636 337 674 atque
353 631 411 663 tibi
425 632 538 664 sufficit
550 638 637 665 aetas.
659 638 691 665 et
705 634 730 665 si
746 635 823 676 quid
849 634 1004 666 inveneris
1028 635 1222 677 indagando,
1239 635 1314 666 mihi
1338 646 1465 678 quoque
1488 637 1643 679 impertiri

180 685 288 717 debes.
331 685 442 718 Clur.
465 685 600 718 Navabo
624 698 763 728 operam,
777 688 931 719 Socrates.
956 698 993 720 ac
1015 693 1099 720 certe
1123 689 1213 726 scito,
1237 700 1286 721 me
1311 690 1405 721 etiam
1428 689 1461 722 in
1477 692 1643 732 praesentia

180 750 245 771 non
268 732 390 782 torpere
403 750 413 772 ε
437 739 532 772 immo
555 741 709 783 cogitanti
731 742 807 773 mihi
824 746 856 774 et
881 741 979 773 multa
991 742 1095 774 animo
1109 742 1293 780 revolventi,
1309 743 1407 774 multo
1421 744 1519 786 magis
1533 745 1590 786 ita,
1606 750 1643 777 ut

179 792 305 824 dicebas
318 792 398 834 ipse,
414 803 508 835 quam
530 798 567 824 ut
582 793 772 833 Heraclitus,
785 805 833 827 res
848 805 915 827 sese
930 795 1044 827 habere
1057 796 1213 828 videntur.
1259 796 1316 828 So.
1337 796 1513 838 Deinceps,
1528 799 1640 836 amice,

176 850 340 888 postquam
364 845 502 884 redieris,
527 857 578 878 me
601 848 728 879 doceto.
772 848 803 880 N
809 859 871 881 unc
896 853 1014 886 autem,
1037 853 1074 879 ut
1103 849 1307 887 constituisti,
1334 849 1370 880 in
1395 860 1502 892 agrum
1532 862 1641 893 perge.

178 898 277 941 Atqui
291 904 324 931 et
337 898 554 942 Hermogenes
569 900 627 932 iste
643 904 674 933 te
689 901 899 936 comitabitur.
944 902 1054 936 Cur.
1079 902 1149 936 Fiet
1163 908 1198 935 ut
1219 913 1339 946 mones,
1354 903 1509 938 Socrates.
1532 915 1638 936 verum

183 955 220 984 tu
235 961 361 995 quoque
373 951 441 994 jam
456 951 496 985 de
507 952 555 985 hia
567 953 682 997 cogita.
