1832 3256
213 198 312 260 314]
607 191 609 193 ’
746 198 1131 240 PROTAGORAS.
1622 210 1678 246 43

215 304 256 338 ad
281 303 466 347 sapientiam
487 300 676 344 pertinentes
695 299 886 343 intelligunt.
933 303 1050 334 Verum
1073 303 1099 335 si
1122 303 1192 346 quis
1218 304 1259 336 de
1282 303 1452 347 pictoribus
1481 313 1612 349 peteret,
1636 310 1677 340 ad

212 368 342 403 quarum
358 367 456 389 remur
472 355 657 397 sapientiam
673 367 679 385 τ
703 356 960 396 responderemus
977 357 1097 399 utique,
1124 358 1163 389 ad
1180 358 1411 391 efficiendarum
1434 361 1605 402 imaginum
1629 372 1679 394 sa-

215 412 365 456 pientiam
379 423 388 451 3
411 410 612 450 similiterque
627 409 667 440 de
681 409 802 440 ceteris.
846 409 888 440 Et
903 410 929 440 si
943 411 1055 442 eodem
1071 412 1165 443 modo
1187 413 1227 443 de
1252 411 1393 454 sophistl
1409 414 1676 456 interrogaremur,

214 467 338 510 qualem
354 467 422 507 ejus
438 463 622 505 sapientiam
638 473 706 494 esse
730 463 1009 505 responderemus?
1034 466 1118 506 quod
1140 465 1210 507 ejus
1232 467 1394 498 officium?
1439 468 1520 499 Hir.
1545 469 1677 510 Sapien-

211 521 290 552 tiam
305 519 445 562 profecto
460 528 523 560 qua
536 517 678 548 homines
693 517 732 548 ad
749 517 918 549 dicendum
934 518 1063 549 facundi
1079 520 1260 552 redduntur.
1305 521 1360 552 So.
1387 521 1466 552 Vere
1481 522 1526 553 sic
1548 523 1679 554 forsitan

214 574 399 610 diceremus,
415 583 479 603 non
494 578 596 603 tamen
612 571 811 605 sufficienter.
856 571 1036 613 Responsio
1052 573 1134 603 enirn
1149 573 1205 604 illa
1215 574 1489 616 interrogationem
1506 576 1596 607 aliam
1612 577 1679 608 exi-

216 629 274 670 git,
302 627 487 670 quibusnam
516 625 658 656 dicendis
687 624 827 666 sophista
851 625 991 657 homines
1017 626 1170 659 facundos
1191 628 1317 660 efficiat.
1363 629 1532 661 Citharista
1564 640 1680 672 nempe

214 682 326 714 iisdem
341 679 484 712 dicendis
499 684 589 720 aptos
604 678 689 716 facit,
706 678 738 709 in
753 678 866 719 quibus
881 685 913 710 et
927 680 1079 718 eruditos,
1095 681 1129 711 in
1144 682 1371 723 pulsationibus
1383 683 1530 715 videlicet
1540 684 1679 716 citharae.

216 735 356 768 nonne?.
388 733 472 765 Hir.
495 732 601 765 Certe.
646 732 700 763 So.
725 731 768 763 At
783 743 855 764 vero
878 733 1032 774 sophista,
1055 745 1148 776 quam
1171 735 1300 767 dicendi
1322 736 1502 768 facultatem
1529 738 1675 779 praestat?

214 789 332 832 quibus
345 789 385 820 de
399 787 512 818 rebus?
535 791 634 828 patet,
650 786 736 827 quod
760 787 800 817 de
822 786 870 817 his
893 797 964 828 quae
983 788 1143 829 intelligit.
1186 789 1268 820 Hu‘.
1293 790 1468 823 Verisimile
1492 792 1524 823 id
1540 793 1680 834 quidem.

218 845 272 876 So.
294 843 381 881 Quid
396 851 469 883 ergo
492 841 575 871 istud
599 845 657 877 est,
679 840 763 881 quod
786 847 819 871 et
838 840 908 881 ipse
931 841 1075 882 sophista
1096 842 1258 884 intelligit,
1282 849 1315 874 et
1335 845 1413 875 alios
1433 846 1552 877 docet?
1596 846 1680 880 Hu’.

220 898 281 930 Per
294 897 418 932 Jovern,
434 895 553 937 ignoro.
579 893 676 935 [313]
699 893 751 925 So.
775 893 828 924 An
843 904 907 925 non
923 894 1022 932 vides,
1037 902 1155 936 quanto
1172 897 1346 928 discrimini
1359 899 1497 930 animum
1510 904 1596 931 tuum
1609 901 1683 932 sub·

217 952 298 983 das?
321 950 474 992 numquid
489 948 514 980 si
531 958 642 989 corpus
657 952 744 978 tuum
759 947 860 979 eidem
877 948 1050 979 discrimini
1066 950 1282 991 suppositurus
1297 962 1392 992 esses,
1414 963 1477 994 quo
1494 954 1542 985 vel
1566 954 1600 985 in
1617 965 1681 986 me-

218 1006 281 1038 lius
295 1004 386 1046 verti,
403 1003 450 1035 vel
466 1004 500 1034 in
515 1002 651 1034 deterius
677 1006 792 1043 posset,
814 1012 878 1033 non
902 1002 986 1043 prius
1007 1002 1104 1035 alicui
1127 1009 1247 1035 tantum
1270 1006 1310 1036 de
1327 1010 1357 1037 te
1372 1007 1545 1047 periculum
1561 1008 1681 1040 facturo

218 1051 439 1095 committeres,
463 1067 555 1099 quam
571 1056 739 1097 diligenter
753 1055 992 1093 considerasses,
1014 1057 1315 1090 committendumne
1337 1059 1377 1091 sit
1398 1070 1438 1091 an
1458 1071 1542 1091 uon:
1565 1062 1681 1093 amicos

215 1113 404 1156 quinetiam,
428 1116 461 1143 et
474 1110 668 1153 propinquos
683 1109 737 1140 diu
753 1110 794 1140 de
809 1109 868 1140 hoc
883 1109 952 1151 ipso
967 1111 1200 1143 consuluisset?
1246 1113 1326 1144 Cum
1342 1124 1415 1145 vero
1434 1114 1570 1146 animum
1593 1120 1681 1146 tuurn

215 1167 318 1210 ‘pluris
332 1166 430 1198 facias
444 1176 535 1208 quarn
552 1174 677 1205 corpus,
693 1169 725 1194 et
738 1174 776 1194 ex
790 1163 860 1205 ejus
874 1164 1050 1206 corruptela
1065 1165 1113 1196 vel
1128 1165 1308 1207 integritate
1324 1168 1487 1209 contingat
1508 1174 1562 1199 tua
1578 1170 1684 1200 omnia

220 1221 312 1258 male,
328 1221 375 1251 vel
391 1221 473 1251 bene
487 1218 580 1255 affici,
596 1222 697 1248 utrum
714 1217 954 1249 committendus
969 1218 1012 1250 sit
1026 1229 1066 1250 an
1081 1230 1145 1250 non
1157 1220 1212 1251 hui
1225 1221 1361 1262 chospiti
1376 1222 1509 1260 animus,
1524 1223 1682 1254 nerninem

216 1275 268 1306 vel
285 1274 529 1317 propinquorum
546 1272 594 1303 vel
610 1272 778 1302 amicorum
803 1272 1006 1303 consuluisti:
1032 1273 1087 1304 sed
1110 1284 1183 1305 curn
1204 1275 1348 1306 hesterno
1364 1277 1484 1317 vesperi
1511 1277 1680 1308 adventurn

216 1329 302 1362 illius
317 1328 481 1363 audiveris,
498 1327 536 1358 ad
553 1337 623 1357 eum
640 1336 759 1357 summo
776 1335 866 1357 mane
882 1337 1040 1367 properas,
1057 1328 1144 1358 nullo
1162 1329 1201 1360 de
1217 1320 1276 1360 hoc
1291 1329 1423 1361 consilio
1440 1331 1560 1367 habito,
1576 1336 1680 1362 utrum

218 1383 344 1416 credere
358 1383 492 1425 teipsum
507 1381 554 1412 illi
570 1381 696 1417 debeas,
721 1390 832 1411 necne.
876 1381 972 1412 immo
994 1386 1026 1412 et
1046 1387 1116 1413 tuas
1140 1393 1259 1420 omnes,
1284 1388 1317 1415 et
1338 1384 1506 1415 amicorum
1531 1385 1681 1426 pecunias

215 1447 343 1480 erogare
368 1441 493 1479 paratus
516 1445 560 1471 ea,
584 1434 672 1476 quasi
693 1433 759 1475 jam
784 1435 967 1476 cognoveris
989 1435 1118 1467 omnino
1146 1447 1213 1468 esse
1238 1438 1419 1478 Protagorae
1443 1440 1678 1476 adhaerendum,

217 1502 311 1534 quern
328 1501 430 1532 neque
443 1489 550 1521 vidisti
565 1499 714 1530 unquam,
741 1493 776 1519 ut
801 1489 858 1525 ais,
885 1499 987 1530 neque
1003 1500 1035 1521 es
1057 1490 1221 1522 allocutus.
1266 1492 1445 1533 Sophistam
1463 1503 1554 1524 vocas
1570 1493 1656 1524 illurn
1674 1505 1682 1523 ε

214 1544 340 1588 etquid
357 1544 496 1586 sophista
511 1544 551 1575 sit
566 1542 678 1580 nescis,
706 1543 755 1574 cui
779 1542 911 1584 teipsum
937 1555 969 1574 es
985 1544 1159 1577 dediturus.
1205 1544 1286 1576 Hrv.
1312 1546 1395 1577 Vera
1411 1546 1498 1587 loqui
1515 1546 1640 1588 videris,
1661 1557 1681 1578 ο

215 1600 373 1633 Socrates.
416 1599 475 1629 So.
497 1597 614 1628 Nonne
629 1596 769 1637 sophista
783 1602 842 1637 est,
857 1608 875 1628 ο
892 1597 1117 1639 Hippocrates,
1133 1604 1282 1630 mercator
1295 1600 1437 1642 quidam,
1454 1605 1486 1631 et
1500 1610 1601 1642 caupo
1618 1601 1682 1633 vic-

214 1653 348 1686 tualium
365 1652 573 1695 quorundam,
589 1651 701 1692 quibus
716 1651 839 1681 animus
854 1651 965 1683 alitur?
1011 1651 1092 1685 ΗΠ).
1114 1652 1198 1683 Talis
1214 1653 1290 1684 mihi
1306 1663 1382 1684 sane
1398 1654 1530 1687 videtur.
1577 1665 1683 1686 verum

215 1707 335 1750 ’quibus
350 1706 441 1737 alitur
453 1705 573 1736 animus
587 1705 598 1735 ?
643 1704 699 1735 S0.
723 1703 920 1745 Disciplinis.
959 1706 1014 1736 sed
1030 1707 1206 1737 cavendum
1222 1713 1281 1743 est,
1306 1718 1326 1737 o
1342 1707 1453 1745 amice,
1469 1718 1509 1738 ne
1525 1709 1600 1739 dum
1617 1709 1684 1740 lau-

221 1762 278 1792 dat
291 1760 430 1802 sophista
437 1767 514 1801 'quae
529 1758 651 1798 vendit,
664 1768 721 1788 nos
735 1758 888 1798 decipiat,
902 1763 936 1788 ut
951 1759 1072 1790 faciunt
1087 1760 1142 1801 qui
1157 1761 1295 1801 corporis
1311 1761 1421 1802 epulas
1437 1762 1589 1799 vendunt,
1606 1772 1685 1793 mer-

219 1819 342 1848 catores
362 1813 489 1855 quidam
515 1817 547 1844 et
567 1821 742 1853 caupones.
784 1811 929 1842 Laudant
944 1812 990 1843 illi
1005 1813 1132 1854 quidem
1155 1823 1210 1844 sua
1231 1813 1348 1855 omnia,
1370 1825 1472 1857 neque
1493 1815 1684 1857 intelligunt,

220 1875 323 1901 utrum
339 1867 472 1899 salubria
485 1866 548 1897 sint
561 1876 600 1896 an
612 1865 704 1896 noxia
715 1866 835 1906 corpori
845 1876 916 1907 quae
931 1867 1090 1898 vendunt:
1118 1867 1213 1909 idque
1230 1868 1375 1909 ignorant
1387 1874 1419 1900 et
1432 1863 1476 1899 illi
1488 1870 1542 1911 qui
1553 1876 1661 1901 emunt
1675 1882 1684 1910 ;

220 1923 282 1955 nisi
297 1922 376 1953 forte
390 1921 511 1952 illorum
527 1919 638 1961 aliquis
654 1919 794 1950 medicus
810 1919 861 1957 sit,
878 1925 932 1951 aut
947 1920 1174 1963 gymnasticus.
1221 1921 1315 1953 Haud
1339 1933 1429 1954 secus
1451 1923 1497 1954 illi
1518 1924 1572 1966 qui
1589 1924 1684 1955 disci-

221 1978 323 2020 plinas
339 1975 437 2007 varias
453 1984 506 2017 per
521 1973 610 2004 urbes
624 1974 750 2005 venales
772 1973 1003 2012 circumferunt,
1029 1981 1061 2006 et
1081 1980 1297 2017 cauponantes
1323 1986 1376 2007 eas
1398 1977 1590 2019 emptoribus
1606 1988 1684 2009 ven-

215 2033 312 2068 dunt,
337 2029 467 2062 laudant
481 2038 599 2060 omnes.
644 2037 680 2059 ac
696 2028 776 2059 forte
797 2038 904 2059 eorum
926 2028 1070 2059 nonnulli
1094 2029 1239 2071 ignorant
1254 2040 1350 2072 saepe,
1375 2031 1451 2072 quid
1477 2031 1555 2062 utile
1579 2032 1684 2063 animo

213 2085 274 2122 -sit,
286 2084 403 2127 quidve
417 2083 528 2114 inutile
542 2093 580 2114 ex
596 2081 643 2113 his
657 2092 727 2124 quae
745 2082 905 2114 vendunt:
930 2081 1070 2113 similiter
1091 2093 1216 2125 quoque
1242 2084 1297 2125 qui
1324 2085 1363 2115 ab
1390 2084 1450 2115 illis
1471 2090 1602 2125 emunt;
1625 2085 1686 2116 nisi

219 2138 342 2170 illorum
358 2137 468 2179 aliquis
483 2136 523 2168 sit
537 2135 632 2167 animi
647 2135 799 2168 medicus.
837 2136 870 2167 Si
886 2147 959 2178 ergo
975 2136 1125 2178 intelligis
1140 2137 1219 2178 ipse,
1235 2138 1310 2179 quid
1326 2148 1364 2168 ex
1381 2138 1427 2168 his
1443 2139 1551 2180 prosit,
1570 2139 1686 2180 quidve

216 2192 317 2230 obsit,
331 2196 399 2223 tuto
413 2201 515 2222 emere
529 2189 710 2231 disciplinas
727 2195 760 2221 et
775 2199 794 2220 a
808 2189 980 2231 Protagora
994 2195 1027 2221 et
1040 2190 1079 2221 ab
1095 2190 1158 2221 alio
1173 2191 1283 2232 quovis
1299 2196 1399 2232 potes.
1423 2191 1520 2234 [314]
1544 2193 1684 2234 alioquin

216 2256 306 2283 cave,
322 2256 342 2278 o
354 2246 444 2277 beate
459 2244 653 2281 adolescens,
667 2253 707 2275 ne
718 2244 750 2274 in
766 2254 919 2274 summum
930 2242 1062 2285 jacturae
1078 2244 1257 2286 discrimen,
1269 2255 1340 2286 quae
1357 2245 1414 2276 tibi
1428 2245 1584 2276 carissima
1599 2251 1683 2284 sunt,

216 2300 367 2331 deducas.
410 2298 494 2331 Nam
519 2298 613 2340 longe
639 2298 762 2340 gravius
784 2298 959 2340 periculum
982 2303 1030 2329 est
1051 2297 1086 2328 in
1109 2298 1285 2340 disciplinis
1311 2309 1405 2341 quarn
1430 2299 1510 2330 cibis
1533 2300 1684 2331 emendis.

219 2352 343 2385 Etenim
359 2353 412 2395 qui
426 2353 587 2384 esculenta
601 2352 678 2383 emit
693 2356 725 2383 et
740 2351 923 2393 poculenta,
948 2357 1050 2394 potest
1066 2357 1233 2394 antequam
1248 2352 1296 2383 his
1310 2357 1466 2390 vescatur,
1483 2354 1515 2384 in
1530 2353 1598 2384 aliis
1613 2354 1684 2396 qui-

218 2407 349 2439 busdam
365 2406 494 2439 vasculis
508 2406 563 2438 illa
578 2406 704 2437 domum
721 2405 854 2442 deferre,
867 2405 976 2447 ibique
991 2406 1136 2448 deposita
1151 2406 1319 2448 diligenter
1333 2407 1519 2445 examinare,
1539 2412 1572 2438 et
1587 2408 1683 2439 advo-

219 2466 292 2493 cato
307 2460 411 2503 aliquo
423 2461 551 2492 istarum
576 2470 675 2492 rerum
693 2459 806 2502 perito,
835 2460 911 2502 quid
926 2460 1082 2491 edendum
1100 2461 1308 2492 bibendumve
1323 2461 1374 2498 sit,
1399 2461 1475 2503 quid
1491 2471 1567 2502 non,
1584 2471 1683 2503 quan-

220 2519 362 2556 tumque,
377 2518 409 2545 et
423 2514 563 2556 quando,
579 2513 761 2546 deliberare.
807 2514 1007 2556 quamobrem
1023 2514 1106 2545 haud
1123 2524 1215 2556 grave
1230 2519 1278 2545 est
1299 2514 1332 2546 in
1350 2515 1483 2546 emendo
1497 2515 1682 2556 periculum.

220 2566 414 2609 Disciplinas
428 2571 531 2599 autem
546 2578 610 2598 non
626 2567 701 2599 licet
715 2568 777 2599 alio
794 2568 826 2598 in
843 2578 914 2599 vase
929 2568 1101 2605 transferre,
1128 2569 1183 2599 sed
1199 2578 1325 2600 necesse
1341 2573 1400 2609 est,
1423 2573 1458 2598 ut
1473 2569 1527 2610 qui
1543 2569 1620 2599 emit
1633 2579 1686 2600 eas

219 2621 326 2652 animo
340 2621 456 2663 capiat,
479 2625 513 2651 et
526 2621 635 2653 relicto
657 2622 757 2663 pretio
780 2622 883 2658 abeat,
908 2622 989 2652 intra
1011 2632 1044 2652 se
1062 2622 1176 2663 ferens,
1200 2622 1444 2663 inquinatusque
1465 2621 1546 2663 jam,
1570 2622 1619 2652 vel
1645 2622 1686 2652 ad

218 2674 350 2706 meliora
375 2678 550 2715 provectus.
595 2674 672 2706 Haec
697 2675 803 2717 itaque
825 2686 896 2706 cum
925 2675 1097 2706 senioribus
1119 2675 1334 2707 discutiamus.
1383 2674 1527 2715 juniores
1551 2686 1685 2717 namque

221 2738 279 2760 nos
293 2738 398 2759 sumus
414 2737 507 2769 quarn
531 2727 635 2770 exigat
660 2732 755 2759 tantae
778 2729 823 2760 rei
845 2729 1013 2771 judicium.
1057 2728 1096 2759 In
1121 2729 1287 2770 praesentia
1311 2735 1414 2760 tamen
1435 2739 1598 2770 pergamus
1623 2739 1686 2771 quo

221 2781 384 2823 coepimus,
401 2781 562 2822 virumque
576 2782 660 2812 hunc
677 2783 840 2813 audiamus
855 2794 862 2814 ι
886 2793 949 2824 quo
973 2782 1080 2814 audito
1107 2793 1177 2814 cum
1195 2783 1264 2814 aliis
1279 2782 1587 2813 communicabimus.
1631 2792 1686 2813 ne-

222 2845 285 2877 que
301 2835 383 2866 enIm
399 2834 584 2876 Protagoras
599 2835 641 2866 ibi
658 2835 741 2866 solus
757 2837 859 2874 adest,
877 2837 932 2867 sed
948 2836 1042 2867 etiarn
1059 2836 1193 2868 Eliensis
1207 2836 1354 2878 Hippias,
1369 2840 1401 2866 et
1416 2835 1576 2872 Prodicus,
1590 2840 1625 2865 ut
1638 2845 1687 2865 ar-

227 2888 332 2927 bitror,
348 2888 458 2925 Chius‘,
474 2888 589 2930 aliique
605 2888 751 2930 permulti
767 2889 835 2928 viri,
852 2895 883 2922 et
899 2891 1070 2922 admodum
1086 2890 1254 2933 sapientes.
1294 2889 1490 2921 Placuerunt
1505 2889 1570 2919 haec
1586 2889 1686 2930 nobis,
