1846 3268
206 272 274 322 97]
845 264 1019 304 MENO.
1581 268 1669 329 ,285

209 374 338 406 monitis
360 380 535 415 persuasus.
569 377 675 402 verum
705 368 843 401 docendo
868 378 1027 410 nunquam
1055 377 1097 402 ex
1125 370 1207 401 malo
1233 368 1345 401 bonum
1373 369 1527 402 hominem
1550 371 1666 410 facies.

210 427 318 460 Cernis
332 428 416 459 hunc
430 426 511 458 circa
532 424 642 456 eadem
659 422 812 454 contraria
835 422 894 453 sibi
909 422 971 464 ipsi
985 422 1145 464 proferre?
1189 423 1289 454 ΜΕΝ.
1311 422 1456 456 Videtur.
1499 425 1555 455 So.
1576 424 1663 456 Num

210 481 328 523 aliquid
357 480 443 511 aliud
470 478 566 519 nosti,
590 477 680 518 cujus
705 476 760 518 qui
786 481 992 518 praeceptores
1015 486 1082 507 esse
1107 476 1239 518 professi
1265 482 1349 515 sunt,
1368 477 1484 509 deinde
1498 477 1531 509 id
1547 478 1664 509 nedum

209 535 321 567 docere
335 534 412 566 alios
426 543 531 576 posse,
545 531 600 563 sed
615 541 655 562 ne
670 528 733 572 ipsi
748 529 876 573 quidem
891 525 968 562 scire
985 530 1128 562 dicantur
1141 540 1150 562 :
1175 530 1231 561 sed
1246 530 1278 561 in
1297 541 1336 562 eo
1351 530 1420 573 ipso
1434 531 1568 573 improbi
1582 542 1664 573 esse,

206 588 297 630 cujus
311 599 345 620 se
358 591 498 619 asserunt
513 590 731 628 praeceptores,
748 589 781 615 et
802 584 856 626 qui
871 584 945 616 clari
960 595 1028 616 esse
1050 584 1084 616 in
1098 595 1137 616 eo
1160 585 1318 622 dicuntur,
1339 595 1424 616 nunc
1439 585 1545 618 doceri
1559 595 1665 627 posse,

209 652 294 673 nunc
323 652 395 673 vero
423 651 486 672 non
515 650 607 682 posse
637 639 758 670 ferant:
783 648 878 670 eosne
907 638 962 680 qui
986 638 1020 669 in
1045 639 1104 670 hac
1130 638 1341 670 controversia
1362 643 1446 676 sunt,
1460 644 1668 681 praeceptores

208 695 395 738 nuncupas?
438 695 537 726 ΜΕΝ.
559 692 705 726 Minime.
749 693 805 724 So.
827 692 910 734 Ergo
937 693 963 724 si
988 702 1092 734 neque
1116 693 1266 734 sophistae
1294 702 1398 734 neque
1427 693 1503 724 boni
1531 693 1668 735 clarique

206 749 263 781 viri
297 748 391 791 hujus
416 748 460 780 rei
484 748 627 780 doctores
655 751 739 784 sunt,
777 746 876 777 multo
907 745 1008 777 minus
1041 746 1136 777 ceteri
1165 750 1374 787 praeceptores
1411 751 1514 779 erunt.
1569 746 1669 778 ΜΕΝ.

208 802 312 835 Certe.
354 802 412 836 So.
434 802 469 834 Si
483 812 548 833 non
576 806 650 832 sunt
673 805 892 842 praeceptores,
917 811 1022 842 neque
1049 799 1200 841 discipuli
1222 799 1327 831 etiam.
1372 799 1470 831 ΜΕΝ.
1503 799 1592 831 Sicut
1610 800 1669 838 ais,

206 857 285 889 mihi
298 857 431 890 videtur.
476 856 534 887 So.
557 854 611 886 An
635 865 699 886 non
723 852 859 886 confessi
879 865 997 891 sumus,
1011 853 1103 891 illud,
1119 853 1210 896 cujus
1234 864 1293 886 nec
1317 853 1455 895 magistri
1479 863 1583 895 neque
1603 854 1669 890 dis-

211 911 309 954 cipuli
332 916 416 952 sunt,
428 909 535 942 doceri
556 909 684 940 minime
705 909 822 951 posse?
867 909 965 941 ΜΕΝ.
988 908 1134 940 Confessi
1158 918 1276 941 sumus.
1321 906 1378 941 So.
1401 907 1443 938 Et
1453 907 1580 944 virtutis·
1594 918 1668 938 nus-

209 976 302 1007 quam
320 969 525 1007 praeceptores
548 963 767 1006 reperiuntur?
813 962 912 994 ΜΕΝ.
936 961 1113 1004 Nusquam.
1157 962 1214 993 So.
1238 962 1273 993 Si
1297 972 1361 993 non
1377 966 1598 1003 praeceptores,
1612 971 1670 993 ne-

210 1031 273 1062 que
287 1019 434 1061 discipuli
447 1019 552 1051 etiam.
595 1017 695 1050 ΜΕΝ.
717 1017 768 1049 Sic
791 1021 935 1059 apparet.
980 1017 1038 1050 So.
1062 1015 1171 1048 Virtus
1197 1026 1270 1057 ergo
1286 1015 1393 1047 doceri
1407 1015 1528 1057 nequit.
1570 1015 1670 1047 ΜΕΝ.

213 1073 267 1106 Sic
280 1073 412 1115 videtur,
427 1073 453 1103 si
467 1071 592 1115 quidem
607 1082 664 1102 nos
680 1076 763 1103 recte
786 1070 1042 1113 dijudicavimus.
1088 1070 1192 1108 Quam
1214 1071 1255 1102 ob
1278 1080 1341 1101 rem
1358 1070 1555 1101 vehementer
1568 1069 1669 1101 admi-

210 1138 272 1170 ror,
286 1138 305 1158 ο
321 1127 474 1164 Socrates,
489 1127 588 1157 bonos
604 1125 684 1157 ullos
699 1125 780 1156 inter
794 1124 936 1156 homines
950 1124 1089 1166 reperiri,
1103 1129 1137 1156 et
1160 1135 1231 1166 quae
1248 1123 1288 1155 sit
1302 1124 1392 1161 ratio,
1409 1134 1472 1166 qua
1486 1124 1561 1155 boni
1575 1124 1669 1166 fiunt,

210 1181 346 1223 ambigo.
391 1180 448 1212 So.
470 1180 635 1222 videmur,
649 1190 667 1210 o
683 1179 818 1219 Menon,
834 1190 893 1220 ego
906 1178 995 1209 simul
1019 1183 1051 1210 et
1074 1184 1108 1210 tu
1135 1178 1223 1220 parvi
1238 1178 1331 1220 pretii
1343 1189 1423 1209 esse.
1445 1178 1568 1210 videtur
1587 1177 1669 1210 Gor·

211 1234 279 1276 gias
293 1244 418 1276 quoque
435 1239 477 1271 te,
498 1244 536 1265 ac
561 1244 611 1265 me
633 1233 786 1265 Prodicus
800 1234 883 1264 haud
900 1233 974 1264 satis
990 1232 1154 1265 erudiisse.
1197 1232 1312 1274 Itaque
1328 1232 1460 1263 maxime
1475 1233 1615 1264 omnium
1628 1233 1669 1264 ad

212 1299 270 1320 nos
284 1288 371 1330 ipsos
385 1288 560 1319 revocanda
575 1298 661 1319 mens
671 1291 729 1325 est,
744 1288 992 1329 quaerendusque
1006 1285 1133 1328 aliquis,
1148 1286 1204 1328 qui
1218 1287 1279 1318 hoc
1295 1297 1358 1317 uno
1373 1297 1431 1317 nos
1446 1286 1589 1319 meliores
1602 1286 1669 1318 effi-

209 1342 285 1380 ciat.
333 1342 413 1373 Haec
429 1347 533 1373 autem
548 1340 621 1373 dico
645 1341 685 1372 ad
705 1341 892 1382 superiorem
910 1341 1145 1382 inquisitionem
1161 1339 1351 1381 respiciens:
1375 1339 1449 1382 quia
1465 1349 1522 1371 nos
1537 1339 1668 1372 ridicule

207 1395 310 1432 latuit,
326 1396 411 1437 quod
427 1406 490 1426 non
503 1395 602 1426 solum
618 1395 754 1426 ducente
770 1394 901 1426 scientia
916 1395 1044 1436 negotia
1067 1398 1152 1425 recte
1174 1398 1269 1435 atque
1292 1393 1372 1425 bene
1394 1393 1592 1435 procedunt:
1619 1394 1667 1425 vel

208 1449 287 1481 forte
303 1459 361 1480 nos
376 1449 574 1491 subterfugit,
589 1459 653 1490 qua
667 1447 787 1480 ratione
814 1448 890 1479 boni
916 1448 1059 1479 homines
1082 1447 1269 1479 efficiuntur.
1313 1447 1413 1481 ΜΕΝ.
1436 1447 1509 1485 Quo
1525 1453 1620 1490 pacto
1634 1447 1670 1479 id

207 1503 263 1542 ais,
289 1513 309 1534 ο
330 1503 495 1535 Socrates?
539 1502 595 1535 So.
618 1502 681 1534 Sic.
704 1502 788 1544 quod
816 1503 945 1544 quidem
972 1503 1073 1533 bonos
1086 1502 1168 1533 viros
1195 1501 1287 1533 utiles
1309 1512 1377 1533 esse
1400 1506 1555 1544 oporteat,
1572 1503 1669 1544 probe

207 1557 342 1588 confessi
355 1567 555 1595 sumus‚cum
566 1567 726 1598 nunquam
743 1567 776 1587 se
791 1567 838 1588 res
854 1556 944 1588 aliter
969 1556 1044 1598 [97]
1069 1556 1193 1588 habeat.
1217 1556 1348 1587 nonne?
1392 1555 1490 1589 ΜΕΝ.
1515 1555 1576 1589 Ita.
1599 1556 1670 1590 ,So-

212 1611 348 1648 Quodve
362 1611 454 1642 utiles
470 1609 566 1642 futuri
582 1610 654 1649 sint,
671 1611 698 1642 si
713 1615 796 1642 recte
812 1610 943 1652 agendis
958 1610 1098 1652 praesint,
1112 1609 1206 1641 etiam
1222 1610 1319 1652 probe
1333 1609 1414 1641 inter
1428 1620 1486 1640 nos
1496 1609 1669 1641 convenit?

210 1665 309 1696 ΜΕΝ.
333 1664 446 1696 Probe.
491 1664 546 1697 So.
569 1664 665 1702 Quod
683 1675 753 1696 vero
774 1664 879 1696 nullus
899 1669 982 1696 recte
1008 1674 1140 1706 praeesse
1162 1663 1271 1705 possit,
1287 1663 1346 1695 nisi
1361 1664 1403 1695 sit
1418 1664 1566 1705 prudens,
1581 1664 1666 1695 hand

210 1718 285 1750 satis
300 1723 383 1750 recte
398 1729 586 1750 asseverasse
602 1718 753 1750 videmur.
797 1719 898 1750 ΜΕΝ.
921 1718 1090 1756 Quomodo
1106 1718 1208 1749 Recte
1232 1717 1335 1749 dicis?
1381 1718 1437 1748 So.
1461 1717 1589 1754 Dicam,
1612 1719 1666 1760 qui

210 1773 271 1804 iter
284 1771 372 1803 novit
386 1772 552 1813 Larissam,
567 1772 616 1803 vel
639 1773 702 1804 alio
718 1773 826 1815 quovis
849 1772 1062 1814 proficiscatur
1077 1772 1126 1804 vel
1141 1772 1218 1809 alios
1233 1773 1340 1809 ducat,
1356 1782 1462 1802 nonne
1476 1776 1559 1803 recte
1574 1777 1669 1814 atque

214 1827 294 1858 bene
314 1826 487 1868 perducet?
532 1822 629 1857 ΜΕΝ.
653 1827 794 1858 Prorsus.
839 1826 895 1858 So.
919 1826 1005 1864 Quid
1021 1836 1106 1867 vero,
1120 1826 1147 1857 si
1166 1826 1235 1868 quis
1255 1830 1338 1857 recte
1361 1825 1518 1866 opinatur,
1532 1836 1603 1867 quae
1618 1826 1670 1857 via

213 1881 291 1912 ferat
315 1879 482 1918 Larissam,
497 1890 657 1922 nunquam
681 1886 786 1912 tamen
811 1880 968 1922 profectus
988 1880 1028 1911 sit
1050 1890 1153 1921 neque
1178 1879 1313 1916 sciverit,
1336 1889 1440 1910 nonne
1464 1879 1669 1920 istequoque

210 1938 294 1965 recte
309 1933 460 1965 duceret?
504 1933 602 1965 ΜΕΝ.
623 1934 737 1966 Valde.
781 1935 837 1967 So.
861 1933 904 1965 Et
930 1934 1033 1965 donec
1053 1938 1167 1965 rectam
1183 1932 1364 1975 opinionem
1379 1933 1485 1970 habet,
1501 1933 1542 1964 de
1555 1934 1668 1974 quibus

209 1984 287 2020 alter
311 1988 484 2026 scientiam,
499 1987 598 2019 nihilo
619 1988 754 2020 deterior
768 1989 832 2019 dux
856 1988 926 2026 erit,
952 1988 1132 2020 existimans
1154 1987 1281 2029 quidem
1308 1997 1393 2024 vera,
1413 1987 1514 2018 sciens
1528 1987 1670 2027 minime,

209 2052 303 2086 quam
318 2042 344 2073 is
356 2041 411 2084 qui
425 2041 486 2073 ista
499 2041 609 2073 novit?
655 2043 754 2075 ΜΕΝ.
777 2042 887 2074 Nihilo
902 2047 997 2074 certe.
1042 2043 1097 2074 So.
1119 2042 1203 2073 Vera
1217 2052 1290 2083 ergo
1301 2040 1410 2084 opinio
1421 2042 1460 2072 ad
1476 2047 1558 2073 recte
1573 2053 1670 2084 agen-

211 2096 286 2127 dum
301 2095 346 2127 nil
361 2096 462 2126 minus
476 2106 569 2138 quam
585 2096 752 2138 prudentia
768 2097 860 2130 valet.
884 2102 978 2139 atque
993 2096 1026 2130 id
1047 2101 1107 2134 est,
1121 2097 1206 2138 quod
1229 2095 1262 2126 iu
1285 2095 1534 2127 consideratione
1549 2097 1670 2129 virtutis

206 2149 240 2181 in
256 2149 464 2192 superioribus
481 2150 743 2191 praetermisimus,
759 2151 832 2182 dum
849 2151 945 2182 solam
961 2150 1160 2193 prudentiam
1172 2155 1255 2182 recte
1267 2150 1381 2191 agendi
1394 2150 1506 2181 ducem
1520 2161 1670 2182 asserere·

210 2214 300 2236 mus:
324 2204 391 2234 hoec
417 2208 521 2234 autem
546 2209 612 2235 erat
633 2204 743 2247 opinio
760 2215 842 2237 vera.
889 2205 990 2238 ΜΕΝ.
1013 2204 1160 2237 Videtur.
1207 2204 1262 2235 So.
1285 2203 1372 2234 Num
1388 2203 1482 2245 igitur
1495 2204 1594 2236 nihilo
1609 2207 1667 2238 mi-

213 2268 272 2289 nus
295 2262 381 2289 recta
407 2256 528 2299 opinio,
543 2268 636 2299 quam
656 2258 799 2296 scientia,
826 2259 971 2290 confert?
1015 2259 1114 2290 ΜΕΝ.
1137 2258 1209 2290 Hoc
1235 2257 1343 2299 utique
1368 2257 1470 2288 minus
1495 2259 1627 2298 confert,
1649 2272 1668 2292 o

211 2311 365 2349 Socrates,
380 2312 464 2354 quod
475 2312 655 2355 quicunque
670 2313 830 2344 scientiam
843 2313 950 2350 habet,
966 2323 1087 2354 semper
1101 2311 1294 2354 assequitur:
1317 2311 1372 2353 qui
1388 2322 1460 2343 vero
1472 2317 1585 2344 rectam
1601 2315 1670 2356 opi-

211 2365 350 2403 nionem,
362 2365 517 2397 interdum
533 2366 661 2408 quidem
677 2367 889 2410 consequitur,
905 2377 1132 2408 nonnunquam
1149 2376 1221 2397 vero
1245 2365 1372 2396 fallitur.
1416 2365 1474 2399 So.
1497 2366 1583 2403 Quid
1599 2369 1668 2401 ais?

211 2419 276 2456 Qui
290 2423 374 2450 recta
397 2419 549 2460 opinione
570 2419 701 2458 incedit,
722 2431 828 2452 nonne
856 2420 1007 2462 quamdiu
1033 2420 1181 2462 opinatur
1204 2424 1301 2460 recte,
1316 2429 1436 2460 semper
1452 2420 1517 2451 voti
1539 2431 1668 2464 compos

210 2472 363 2504 efficitur?
406 2473 504 2505 ΜΕΝ.
527 2473 747 2506 Necessarium
768 2480 911 2517 apparet.
936 2485 1030 2517 quam
1055 2475 1095 2505 ob
1120 2484 1183 2505 rem
1201 2473 1302 2510 miror,
1317 2483 1425 2515 quare,
1449 2485 1519 2505 cum
1546 2475 1591 2507 ita
1617 2476 1669 2516 sit,

210 2525 341 2558 scientia
364 2530 468 2557 tamen
489 2526 583 2568 longe
605 2528 774 2559 admodum
798 2529 993 2570 praestantior
1017 2528 1179 2564 habeatur,
1195 2537 1287 2568 quam
1313 2532 1397 2558 recta
1411 2528 1543 2569 opinio:
1566 2535 1599 2560 et
1613 2541 1669 2562 cur

213 2585 343 2620 utraque
356 2578 479 2611 illarum
499 2580 585 2613 aliud
605 2581 757 2622 quiddam
782 2582 835 2623 sit,
849 2582 971 2613 dubito.
1017 2582 1074 2613 So.
1097 2580 1129 2612 N
1132 2581 1237 2620 ostin’,
1251 2591 1343 2623 quam
1365 2582 1406 2612 ob
1421 2591 1545 2613 causam
1560 2583 1593 2614 id
1609 2585 1667 2616 mi-

212 2633 309 2666 reris?
332 2643 372 2664 an
394 2633 463 2674 ipse
492 2633 539 2665 vis
561 2633 620 2665 tibi
644 2635 770 2667 dicam?
814 2635 914 2666 ΜΕΝ.
935 2634 998 2667 Dic
1022 2644 1153 2676 prorsus.
1198 2634 1256 2666 So.
1279 2634 1366 2671 Quia
1394 2634 1523 2666 Daedali
1551 2641 1669 2669 statuas

211 2697 371 2729 nunquam
387 2686 601 2719 considerasti.
623 2688 702 2719 forte
713 2699 786 2720 vero
800 2699 903 2731 neque
926 2690 1011 2731 apud
1025 2698 1081 2719 vos
1104 2692 1236 2720 exstant.
1279 2687 1378 2719 ΜΕΝ.
1401 2688 1558 2725 Quorsum
1574 2691 1640 2722 haec
1655 2692 1668 2722 ?

212 2742 269 2773 So.
293 2740 448 2778 Quoniam
471 2740 550 2778 istae,
575 2741 637 2772 nisi
662 2741 810 2783 ligentur,
826 2742 996 2775 discedunt
1018 2748 1114 2784 atque
1139 2741 1323 2783 aufugiunt:
1344 2741 1448 2783 ligatae
1473 2749 1667 2783 permanent.

212 2795 312 2826 ΜΕΝ.
335 2794 422 2832 Quid
432 2794 521 2825 tum?
567 2795 622 2826 So.
648 2795 695 2826 Ex
709 2794 778 2836 ejus
793 2796 929 2828 artificiis
944 2797 1028 2838 quod
1046 2796 1182 2826 solutum
1197 2800 1254 2832 est,
1266 2795 1351 2826 haud
1367 2795 1472 2826 multae
1488 2796 1668 2826 aestimatio·

215 2849 264 2880 nis
287 2853 345 2885 est,
360 2849 456 2879 instar
477 2847 601 2890 fugitivi
619 2849 777 2880 hominis:
801 2860 904 2891 neque
927 2850 1009 2881 enim
1030 2853 1212 2891 permanet:
1234 2849 1363 2890 ligatum
1377 2859 1449 2879 vero
1464 2848 1668 2880 admiratione

214 2903 355 2944 dignuin.
378 2902 583 2944 pulcherrima
597 2902 679 2934 enim
696 2914 790 2944 opera
806 2909 888 2934 sunt.
933 2903 1034 2945 Cujus
1048 2905 1114 2935 liaec
1129 2904 1227 2945 gratia
1241 2903 1336 2934 dico?
1382 2902 1529 2933 verarum
1544 2901 1667 2942 opinio-

217 2965 290 2987 nurn
316 2956 423 2998 gratia.
447 2957 495 2989 hae
520 2957 652 3000 quippe,
680 2967 842 3000 quousque
868 2958 993 2991 stabiles
1018 2962 1224 3000 perseverant,
1251 2957 1381 2999 pulchra
1407 2955 1549 2998 quadam
1575 2965 1669 2997 opera
