1846 3268
212 280 313 330 247]
805 274 904 315 SOI>
910 274 1080 313 I-IISTA.
1598 272 1676 310 355

207 381 365 425 propriam
389 385 527 412 naturam
551 388 687 410 seorsum
712 378 751 409 ab
775 377 873 409 altero
897 377 937 409 sit
960 377 1113 408 sortltum.
1158 375 1243 406 Tun.
1271 373 1427 406 Profecto.
1485 373 1550 404 ΗΟ.
1574 372 1617 404 Et
1647 373 1673 404 si

207 434 336 466 omnino
352 444 413 465 non
429 434 469 464 sit
494 436 607 471 totum,
623 432 734 462 eadem
758 432 828 462 haee
852 431 918 462 enti
947 430 1153 472 proveniunt:
1177 439 1214 460 ae
1238 432 1348 470 praeter
1364 428 1396 458 id
1413 427 1500 468 quod
1516 427 1674 468 contingit

210 498 274 519 non
297 497 377 526 esse,
391 485 547 527 contingit
567 483 662 515 etiam
685 494 789 525 neque
811 484 927 514 factum
952 483 1047 514 fuisse
1073 493 1129 513 ens
1143 492 1295 524 unquam.
1338 481 1427 512 Tna-
1449 480 1562 518 Quid?
1607 479 1671 512 flo'.

210 541 372 583 Quicquid
387 539 503 571 factum
519 544 578 575 est,
593 548 714 579 semper
729 537 845 568 sactum
861 541 909 568 est
923 541 1037 568 totum.
1081 536 1291 572 Quamobrem
1315 545 1418 576 neque
1433 533 1600 566 essentiam
1617 543 1673 563 ne-

207 594 271 636 que
286 594 516 636 generationem
532 597 680 633 tanquam
695 590 878 622 existentem
895 589 1055 631 appellare
1071 584 1180 629 debet,v
1195 587 1250 629 qui
1265 598 1362 618 unum
1379 587 1427 619 vel
1452 591 1552 618 toturn
1562 584 1564 586 ’
1574 586 1607 616 in
1623 596 1672 616 or-

207 648 283 680 dine
298 658 403 679 eorum
420 657 490 688 quae
506 651 590 683 sunt,
605 656 668 676 non
686 644 789 686 ponit.
832 643 921 674 Tne.
944 642 1082 674 Omnino
1106 642 1150 674 sic
1165 653 1232 673 esse
1249 641 1381 672 videtur.
1427 641 1495 673 110.
1519 640 1673 671 Praeterea

207 701 294 743 quod
310 695 408 732 toturn
424 710 488 731 non
503 704 562 736 cst,
578 703 729 740 quantum
745 708 812 728 esse
828 697 915 728 nullo
932 697 1026 727 modo
1042 700 1158 737 potest.
1182 706 1253 726 nam
1269 700 1424 736 quatenus
1439 698 1591 736 quantum
1613 697 1672 730 est,

206 758 337 786 eatenus
357 758 405 785 est
426 759 459 785 et
473 758 585 785 totum.
629 752 717 784 Tne.
741 752 881 783 Prorsus.
925 750 993 783 Ho.
1017 750 1194 780 Iunurnerae
1217 759 1344 790 quoque
1368 753 1478 789 praeter
1492 747 1565 778 istas
1580 746 1672 777 dubi·

207 808 342 839 tationes
365 799 510 838 adversus
532 818 603 838 eum
629 807 805 847 insurgunt,
819 804 962 846 quisquis
986 814 1042 835 ens
1068 809 1123 835 aut
1149 814 1245 834 unum
1261 802 1359 833 solum
1378 806 1432 833 aut
1447 801 1511 832 duo
1526 801 1672 843 quaedam

209 861 311 902 ponit.
354 861 442 894 Tne.
461 859 489 891 T
491 865 631 892 estantur
652 861 809 902 hnc‚quae
836 859 931 889 modo
959 857 1208 889 monstravimus.
1231 867 1303 887 nam
1328 855 1390 887 alia
1412 865 1533 896 semper
1554 865 1593 886 ex
1609 855 1672 886 alia

207 915 355 946 adversus
369 914 456 946 dieta
478 913 599 956 gravior
623 913 759 944 exoritur
781 912 949 943 dubitatio.
997 912 1062 944 110.
1086 911 1251 942 Sermones
1266 910 1394 952 quidem
1410 909 1547 950 illorum,
1561 909 1673 950 quide

209 973 282 999 ente
297 973 330 999 et
344 978 408 998 non
433 972 507 999 ente
530 971 640 998 exacte
663 967 831 1008 disserunt,
847 966 987 996 nondum
1010 965 1183 998 retulimus.
1208 968 1419 995 verumtamen
1435 963 1509 994 satis
1524 962 1583 993 ista
1598 962 1671 994 siut.

210 1022 273 1052 Eos
288 1026 404 1058 autem,
419 1021 474 1063 qui
489 1021 579 1052 aliter
594 1025 739 1058 tractant,
755 1031 856 1052 rursus
869 1019 904 1051 in
921 1019 1056 1050 medium
1074 1019 1279 1055 adducamus,
1295 1023 1332 1048 ut
1345 1028 1383 1048 ex
1400 1016 1447 1048 his
1462 1015 1608 1047 omnibus
1623 1017 1670 1047 in-

207 1074 401 1116 telligamus,
412 1074 511 1106 nihilo
533 1074 655 1106 facilius
677 1085 733 1106 ens
756 1085 849 1116 quam
871 1085 935 1105 non
958 1074 1055 1116 [246]
1080 1084 1136 1105 ens
1152 1072 1229 1114 quid
1243 1072 1283 1103 sit
1297 1071 1419 1102 definiri
1436 1081 1540 1112 posse.
1583 1070 1670 1105 Tua.

208 1128 303 1160 Certe
328 1134 362 1160 et
384 1127 436 1159 isti
459 1128 597 1159 adeundi
618 1128 775 1160 videntur.
820 1128 888 1160 Ho.
911 1128 1046 1159 Videtur
1069 1127 1180 1169 utique
1204 1126 1285 1157 inter
1310 1135 1365 1157 eos
1388 1124 1479 1166 quasi
1507 1123 1670 1165 gigantum

209 1193 316 1224 pugna
330 1182 474 1223 quaedam
489 1192 569 1222 esse,
585 1186 711 1224 propter
725 1192 793 1213 earn
817 1181 1072 1222 controversiam,
1088 1190 1151 1222 qua
1169 1178 1304 1211 invicem
1328 1178 1370 1209 de
1390 1176 1525 1209 essentia
1539 1181 1670 1209 certant.

208 1236 295 1267 Tar..
319 1236 393 1273 Quo
409 1235 524 1277 pacto?
570 1235 637 1267 Ho.
661 1235 800 1272 Quidam
817 1229 938 1266 illorum
956 1235 996 1267 de
1011 1235 1090 1267 coelo
1106 1239 1139 1266 et
1162 1233 1312 1265 invisibili
1334 1231 1461 1273 regione
1475 1231 1581 1262 omnia
1595 1230 1671 1272 ipsis

207 1294 292 1321 certe
307 1289 448 1320 manibus
461 1289 493 1319 in
510 1293 619 1320 terram
635 1289 773 1327 trallunt,
783 1299 856 1320 saxa
871 1293 904 1320 et
916 1299 1048 1330 quercus
1062 1288 1347 1331 apprehendentes.
1390 1287 1474 1318 Nam
1500 1295 1572 1319 cum
1596 1283 1672 1315 talia

210 1344 277 1374 haec
289 1342 396 1373 onmia
418 1346 560 1383 tangant,
576 1342 676 1373 solum
704 1342 737 1372 id
762 1352 829 1373 esse
853 1343 1018 1380 affirmant,
1032 1342 1117 1384 quod
1133 1352 1261 1384 quoquo
1278 1342 1372 1372 modo
1389 1339 1559 1382 percipitur
1573 1342 1668 1379 atque

207 1394 357 1435 tangitur,
373 1395 520 1437 idemque
535 1406 648 1437 corpus
663 1401 696 1426 et
710 1396 876 1427 essentiam
893 1396 1032 1428 tradunt.
1055 1396 1207 1437 quicquid
1223 1405 1295 1427 vero
1311 1395 1429 1436 absque
1443 1403 1572 1435 corpore
1587 1391 1670 1423 dici-

208 1454 258 1479 tur
271 1459 351 1489 esse,
367 1453 585 1487 contemnunt,
601 1449 678 1480 nihil
694 1449 779 1480 aliud
795 1449 903 1480 audire
917 1449 1069 1483 volentes.
1113 1450 1203 1482 Tun.
1227 1449 1314 1480 Novi
1332 1447 1479 1489 equidem
1493 1456 1573 1488 quos
1589 1445 1670 1476 viros

205 1501 333 1550 dhretis,
354 1502 432 1534 tales
447 1503 530 1534 enim
547 1503 660 1534 multos
675 1503 787 1545 reperi.
831 1502 899 1534 Ηο.
923 1503 1044 1534 Horum
1066 1509 1169 1535 autem
1192 1502 1359 1535 adversarii
1380 1506 1473 1533 caute
1498 1499 1670 1531 admodum

206 1560 300 1598 atque
314 1556 366 1599 pie
380 1567 515 1599 superne
530 1568 568 1589 ex
579 1556 728 1588 invisibili
744 1557 819 1588 sede
835 1567 890 1599 pro
906 1556 1054 1588 invisibili
1068 1556 1207 1589 essentia
1229 1561 1385 1598 pugnant,
1409 1560 1504 1596 atque
1517 1551 1668 1594 intelligi-

206 1610 283 1642 biles
297 1611 445 1653 quasdam
461 1617 493 1642 et
504 1611 703 1652 incorporeas
718 1610 839 1653 species
861 1617 979 1653 cogunt
993 1611 1159 1644 essentiam
1175 1621 1276 1642 veram
1292 1610 1436 1642 existere.
1457 1608 1578 1639 illorum
1594 1617 1668 1638 vero

204 1674 336 1705 corpora
349 1674 480 1707 eamque
492 1675 586 1706 quarn
599 1665 763 1696 nominant
774 1665 935 1697 veritatem
958 1664 991 1697 in
1006 1665 1134 1697 minima
1149 1664 1321 1696 rationibus
1336 1663 1522 1706 partiuntur,
1537 1672 1667 1703 genera·

203 1716 384 1759 tionemque
400 1728 455 1759 pro
469 1719 604 1750 essentia
618 1719 769 1751 fluentem
784 1719 1001 1751 denominant.
1046 1719 1141 1751 Unde
1156 1718 1266 1761 ingens
1278 1723 1311 1749 et
1324 1715 1546 1749 inextricabilis
1559 1725 1669 1758 pugna

204 1770 285 1802 inter
299 1777 446 1815 utrosque
460 1773 500 1804 de
513 1773 562 1804 his
576 1784 699 1815 semper
709 1773 839 1805 exstitit.
881 1773 972 1805 Tne.
993 1773 1076 1805 Vera
1091 1783 1206 1804 narras.
1251 1772 1315 1805 Ho.
1344 1771 1397 1802 Ab
1408 1771 1545 1812 utrisque
1559 1769 1666 1812 itaque

204 1824 354 1856 rationem
369 1826 511 1857 essentiae
526 1837 619 1869 quam
635 1832 771 1869 ponunt,
787 1827 948 1868 sigillatim
970 1827 1037 1869 jam
1052 1827 1223 1869 exigamus.
1265 1825 1351 1857 Tne.
1375 1825 1547 1863 Quomodo
1562 1823 1666 1865 exige-

205 1879 298 1909 mus?
342 1879 406 1911 Ho.
430 1879 482 1911 Ab
507 1880 556 1918 iis,
582 1881 638 1922 qui
661 1881 695 1912 in
715 1881 880 1923 speciebus
908 1882 1073 1913 essentiam
1100 1882 1217 1919 locant,
1243 1880 1389 1912 facilius:
1414 1879 1551 1911 mitiores
1580 1877 1664 1909 enim

203 1937 298 1964 sunt:
322 1932 437 1964 abillis
461 1938 577 1972 autem,
592 1935 647 1976 qui
668 1935 708 1966 nd
731 1946 861 1978 corpora
876 1936 906 1966 vi
932 1935 1054 1978 singula
1078 1936 1215 1972 trallunt,
1231 1934 1348 1972 durius,
1363 1933 1443 1964 forte
1458 1943 1530 1964 vero
1552 1935 1585 1963 et
1606 1931 1664 1962 im-

204 1985 362 2025 possibile.
409 1986 526 2018 Verum
542 1988 587 2019 sie
601 1988 642 2020 de
658 1989 720 2020 illis
734 1990 890 2030 agendum
907 1990 1039 2022 videtur.
1085 1989 1171 2022 Tua.
1194 1988 1268 2026 Quo
1281 1988 1396 2029 pacto?
1441 1987 1509 2019 Ho.
1532 1986 1665 2018 Praesta-

204 2042 251 2069 ret
263 2038 335 2069 illos
357 2049 451 2080 opere
475 2041 629 2084 meliores,
653 2042 678 2072 si
701 2042 765 2073 fieri
789 2048 905 2084 posset,
922 2043 1054 2075 efficere.
1076 2043 1126 2074 sin
1148 2047 1251 2074 autem
1273 2042 1308 2073 id
1335 2041 1400 2072 fieri
1422 2041 1543 2083 nequit,
1557 2040 1664 2071 danda

203 2103 299 2133 opera
313 2098 372 2131 est,
389 2098 422 2124 ut
436 2104 576 2126 sermone
592 2095 700 2126 saltem
723 2095 904 2134 efficiamus,
921 2101 1135 2138 supponentes
1157 2106 1211 2127 eos
1234 2095 1404 2126 modestius
1431 2100 1526 2137 atque
1550 2093 1664 2125 rectius

200 2156 294 2188 quam
310 2157 395 2178 nune
409 2158 620 2189 responsuros.
643 2149 728 2191 quod
743 2150 827 2181 enirn
850 2160 869 2181 a
898 2150 1069 2192 potioribus
1093 2149 1288 2186 conceditur,
1303 2149 1419 2180 firmius
1438 2152 1532 2190 atque
1556 2147 1667 2189 potius·

202 2204 250 2230 est
264 2210 357 2242 quam
373 2201 458 2242 quod
473 2211 492 2233 a
507 2202 712 2234 deterioribus
726 2208 774 2235 est
788 2205 985 2236 concessum.
1007 2214 1065 2235 nos
1080 2208 1184 2235 autem
1201 2214 1264 2234 non
1279 2203 1311 2234 id
1331 2213 1484 2240 curamus,
1496 2202 1552 2233 scd
1576 2201 1666 2243 quae-'

201 2253 295 2284 rimus
308 2253 481 2287 veritatem.
524 2255 614 2288 Tun.
637 2257 750 2288 Probe.
794 2258 863 2290 Ho.
887 2258 970 2290 Jube
997 2268 1051 2289 eos
1076 2257 1218 2289 meliores
1242 2257 1342 2288 factos
1366 2256 1424 2287 tibi
1448 2256 1588 2298 protinus
1614 2265 1662 2286 re-

202 2307 369 2349 spondere,
381 2312 414 2339 et
428 2309 514 2350 quod
530 2310 620 2341 aiunt
633 2311 845 2353 interpretare.
890 2311 979 2344 Tne.
1001 2311 1081 2343 Fiet.
1127 2312 1192 2343 Ho.
1215 2311 1326 2343 Utrum
1342 2311 1428 2352 quod
1453 2310 1580 2341 mortale
1595 2310 1663 2340 ani-

204 2360 263 2391 mal
281 2362 455 2400 nominant,
474 2373 542 2395 esse
569 2363 688 2406 aliquid
712 2366 873 2396 asserunt?
917 2366 1004 2397 Tua.
1028 2365 1150 2402 Quidni
1173 2364 1334 2396 asserant?
1379 2363 1447 2395 Ho.
1469 2362 1586 2395 Nonne
1602 2364 1663 2394 hoe

202 2414 372 2445 animatum
387 2425 499 2457 eorpus
515 2417 701 2459 appellant?
745 2418 833 2450 Tne.
856 2418 971 2450 Valde.
1016 2418 1083 2450 Ho-
1106 2418 1193 2450 Dum
1216 2419 1276 2450 hoc
1299 2419 1414 2454 ferunt,
1429 2418 1565 2449 animam
1593 2427 1662 2448 esse

201 2467 319 2509 aliquid
342 2469 474 2500 volunt?
496 2470 593 2513 [24⁷]
613 2471 700 2504 Tum
722 2471 785 2503 Ita.
828 2472 896 2512 Ho.
919 2472 1069 2504 Animam
1091 2483 1186 2504 unam
1202 2472 1332 2513 justam,
1358 2471 1506 2514 injustam
1520 2471 1662 2508 alteram,

203 2531 296 2551 unam
320 2521 506 2565 sapientem,
518 2524 719 2565 insipientem
742 2525 869 2557 alteram
894 2526 1099 2557 arbitrantur?
1143 2526 1231 2557 Tne.
1254 2525 1386 2568 Utique.
1430 2526 1497 2557 Ηο.
1516 2525 1570 2556 An
1595 2535 1659 2556 non

198 2573 329 2614 justitiae
347 2575 539 2618 aliorumque
568 2577 674 2609 talium
697 2579 804 2610 habitu
830 2580 1058 2622 praesentiaque
1074 2579 1167 2610 talem
1183 2579 1318 2610 animam
1342 2579 1421 2619 fieri,
1436 2578 1659 2611 contrariorum

200 2638 274 2658 vero
287 2629 468 2660 contrariam
481 2631 492 2661 ?
535 2630 621 2663 Tua.
645 2632 724 2665 Haee
736 2644 862 2676 quoque
877 2635 1024 2666 fatentur.
1070 2634 1136 2665 110.
1159 2633 1254 2671 Quod
1271 2633 1365 2665 alicui
1380 2634 1488 2664 adesse
1504 2638 1536 2664 et
1551 2633 1659 2664 abesse

199 2686 316 2723 potest,
328 2692 394 2714 esse
409 2683 527 2725 aliquid
544 2684 688 2716 dabunt?
731 2686 818 2719 Tun.
842 2687 932 2718 Dant
946 2693 1039 2719 certe.
1086 2687 1151 2719 Ho.
1176 2687 1256 2719 Cum
1272 2697 1345 2728 ergo
1355 2687 1395 2718 sit
1407 2687 1523 2729 aliquid
1536 2686 1659 2728 justitia

199 2740 232 2766 et
246 2735 400 2776 sapientia
422 2742 455 2768 et
477 2738 571 2769 virtus
593 2740 755 2780 quaelibet,
780 2751 839 2773 nec
864 2752 928 2771 non
943 2741 1065 2772 virtutis
1089 2740 1241 2783 cujusque
1267 2741 1466 2778 contrarium,
1496 2746 1528 2772 et
1554 2740 1658 2771 anima

200 2794 360 2830 praeterea,
372 2791 423 2822 cui
438 2792 506 2823 haee
521 2792 670 2823 accidunt
682 2805 692 2833 ;
716 2799 818 2825 utrum
834 2794 932 2826 videri
956 2796 1103 2837 tangique
1127 2805 1218 2837 posse
1234 2795 1360 2827 istorum
1375 2795 1509 2837 singula,
1523 2805 1562 2825 an
1580 2804 1656 2831 non,

198 2841 392 2882 opinantur?
435 2844 522 2877 Tur-2.
545 2845 654 2877 Ferme
668 2847 786 2879 nullum
801 2859 838 2879 ex
855 2848 903 2879 his
918 2848 1028 2879 videri.
1069 2848 1138 2880 Ho.
1160 2848 1315 2890 Nunquid
1331 2849 1440 2879 horum
1455 2848 1582 2888 aliquod
1600 2848 1653 2877 ha-

199 2894 270 2953 bere
283 2907 396 2938 corpus
411 2898 611 2930 existimant?
655 2900 742 2932 Tne⁸
766 2900 860 2933 Haud
873 2902 1054 2944 simpliciter
1074 2904 1113 2934 ad
1130 2902 1190 2934 ista
1205 2903 1418 2946 respondent:
1444 2902 1497 2932 sed
1519 2900 1653 2930 animam

197 2949 324 2988 qmdcm
338 2961 451 2994 corpus
466 2952 592 2996 aliquod
608 2954 719 2986 habere
733 2965 741 2987 ;
769 2954 952 2998 sapientiam
964 2967 1036 2988 vero
1049 2962 1080 2989 et
1097 2962 1212 2996 cetera,
1228 2957 1268 2988 de
1285 2956 1397 2999 quibus
1411 2953 1654 2998 percont-abaris,
