1846 3268
577 587 1186 641 EUTHYPHRO.

614 772 910 812 EUTHYPHRO,
933 771 1174 805 SOCRATES.

156 1021 210 1064 [2]
234 1021 330 1060 Qum
352 1019 440 1058 novi,
453 1030 472 1050 o
488 1018 646 1054 Socrates,
669 1014 799 1053 accidit,
821 1015 922 1057 quod,
940 1012 1179 1057 praetermittens
1201 1012 1439 1046 exercitationes
1455 1014 1486 1045 in
1503 1013 1624 1057 Lyceo,

154 1077 237 1107 circa
253 1074 332 1116 regis
347 1073 501 1116 porticum
516 1071 566 1103 hic
583 1070 732 1102 versaris?
758 1080 860 1111 neque
879 1069 962 1100 enim
979 1078 1074 1099 causa
1089 1078 1174 1098 nunc
1190 1068 1246 1098 tibi
1259 1068 1323 1099 ulla
1338 1075 1398 1106 est,
1414 1071 1619 1111 quemadmo-

154 1130 228 1160 dum
245 1129 333 1169 milri,
359 1128 399 1159 ad
415 1137 530 1168 regem.
577 1125 630 1156 So.
655 1124 731 1155 Non
752 1134 876 1155 causam
898 1124 991 1161 hanc,
1015 1134 1034 1153 o
1060 1122 1284 1164 Eutliypliron,
1310 1124 1364 1154 sed
1389 1124 1621 1155 accusationem

154 1163 363 1216 A⁴tl¹enienses
385 1185 511 1213 vocant.
557 1179 622 1212 Eu.
659 1179 747 1216 Quid
774 1178 842 1210 ais?
878 1189 952 1208 num
979 1182 1011 1208 te
1036 1176 1150 1218 aliquis
1179 1177 1358 1208 accusavit?
1390 1188 1455 1208 non
1484 1178 1567 1209 enim
1593 1184 1624 1209 te

152 1238 248 1268 alium
260 1246 423 1269 accusasse
443 1239 597 1277 putarem.
643 1233 700 1265 So.
722 1232 798 1264 Non
825 1242 910 1263 sane.
955 1231 1020 1262 Eu.
1043 1230 1087 1261 At
1104 1241 1176 1262 vero
1199 1235 1231 1262 te
1254 1231 1355 1262 alius?
1400 1232 1456 1263 So.
1480 1232 1622 1266 Prorsus,

153 1291 218 1323 Eu.
241 1290 320 1328 Quis
337 1290 418 1321 iste?
463 1289 524 1321 So.
546 1287 616 1318 Nec
631 1287 701 1328 ipse
718 1287 858 1329 quidem,
874 1297 893 1317 o
910 1285 1136 1327 Euthypliron,
1152 1285 1250 1316 virum
1274 1286 1357 1317 hunc
1379 1286 1452 1316 satis
1474 1297 1623 1328 agnosco.

147 1345 276 1387 juvenis
289 1344 373 1376 enim
388 1343 517 1386 quidam
533 1346 566 1373 et
579 1341 707 1382 ignotus
721 1352 790 1372 esse
805 1340 947 1371 videtur:
971 1345 1086 1370 vocant
1101 1345 1205 1370 autem
1232 1339 1332 1376 illum,
1357 1345 1393 1370 ut
1408 1345 1499 1382 puto,
1525 1341 1624 1372 Meli·

151 1405 219 1430 tum
233 1410 271 1430 ex
295 1398 423 1430 Pittheo
447 1395 589 1438 populo3
612 1394 748 1436 siquem
775 1399 808 1424 tu
834 1393 994 1425 Pittheum
1015 1393 1164 1424 Melituru
1180 1394 1283 1425 noscis
1299 1394 1426 1436 prolixis
1448 1395 1624 1437 denuisque

151 1453 287 1495 capillis,
333 1451 475 1494 aquilino
512 1454 546 1481 ct
581 1449 713 1491 gibboso
743 1459 834 1486 naso,
868 1449 1028 1490 barbaque
1066 1458 1142 1481 rara.
1197 1448 1262 1479 Eu.
1306 1448 1403 1479 Haud
1436 1449 1563 1491 agnovi,
1603 1461 1623 1480 o

153 1507 316 1539 Socrates:
341 1506 396 1538 sed
419 1503 510 1546 cnjus
531 1508 563 1535 te
588 1513 673 1535 reum
700 1502 802 1534 fecit?
849 1503 906 1535 So,
937 1502 978 1533 In
1000 1513 1038 1534 ea
1065 1507 1184 1542 tamen,
1207 1507 1244 1533 ut
1266 1503 1343 1534 milii
1366 1504 1502 1541 videtur,
1528 1514 1622 1535 accu-

152 1561 272 1593 satione
296 1571 361 1592 non
387 1564 424 1591 ut
452 1560 658 1601 ingenerosus
678 1568 711 1589 sc
735 1558 841 1599 gessit.
873 1567 945 1588 nam
965 1557 1117 1599 juvenem
1143 1558 1300 1589 hominem
1326 1569 1389 1589 rem
1417 1563 1535 1590 tantam
1565 1569 1622 1590 no-

155 1615 246 1653 visse,
282 1625 347 1646 non
360 1602 432 1645 'Gne
465 1613 617 1656 quiddam
651 1618 710 1644 est.
766 1612 826 1644 Ille
856 1612 1027 1654 siquidem,
1062 1617 1098 1644 ut
1123 1613 1178 1650 ait,
1211 1614 1370 1654 quomodo
1395 1613 1530 1654 juvenes
1554 1624 1624 1645 cor-

152 1674 346 1711 rumpantur,
361 1668 462 1710 etqui
477 1679 531 1699 eos
546 1670 758 1709 corrumpant,
784 1666 954 1708 intelligit:
977 1677 1014 1698 ac
1040 1666 1166 1708 sapiens
1186 1667 1313 1709 quidam
1337 1672 1481 1709 apparet,
1506 1677 1621 1698 meam-

151 1734 214 1765 que
229 1723 383 1755 inscitiam
399 1722 614 1764 conspicatus,
639 1721 729 1763 quasi
745 1732 818 1752 suos
833 1722 967 1762 aequales
983 1726 1168 1763 pervertam,
1191 1722 1230 1753 ad
1256 1722 1387 1763 patriam
1403 1732 1452 1753 me
1469 1722 1554 1753 velut
1577 1722 1618 1753 ad

153 1782 282 1808 matrem
298 1781 498 1809 accusaturus
523 1775 682 1817 confugit:
706 1776 787 1806 adeo
805 1780 838 1806 ut
854 1775 930 1806 mihi
946 1776 1029 1806 solus
1045 1775 1112 1817 ipse
1127 1780 1210 1807 recte
1227 1785 1360 1817 praeesse
1373 1776 1464 1807 rebus
1477 1775 1621 1807 civilibus

152 1831 303 1864 videatur.
347 1831 431 1863 Nam
447 1831 479 1862 in
495 1830 604 1873 primis
614 1830 769 1872 juvenum
785 1841 858 1862 cura
873 1830 1074 1872 suscipienda
1089 1835 1147 1867 est,
1163 1835 1198 1861 ut
1212 1840 1304 1872 quam
1320 1829 1431 1872 optimi
1446 1829 1504 1862 viri
1520 1830 1596 1861 fiant
1610 1841 1618 1861 ε

151 1885 415 1927 quemadmodum
443 1885 560 1916 bonum
586 1884 803 1926 agricultorem
831 1884 999 1915 teneriores
1024 1883 1156 1926 primum
1180 1884 1303 1925 plautas
1325 1894 1431 1916 curare
1455 1884 1560 1921 dccet,
1582 1894 1620 1915 ac

152 1939 304 1981 deinceps
329 1939 397 1970 aliis
423 1938 598 1981 providere.
643 1938 746 1980 Atqui
770 1943 804 1970 et
819 1938 951 1970 Melitus
966 1938 1095 1970 fortasse
1119 1938 1174 1980 [3]
1199 1938 1330 1980 primum
1347 1949 1404 1970 nos
1421 1944 1543 1980 purgat,
1565 1938 1620 1979 ju-

151 2002 278 2029 venum,
306 1998 341 2024 ut
353 1992 410 2037 ait,
435 1992 574 2035 germina
587 1997 821 2035 corrumpentes
835 2005 843 2024 ε
867 1993 998 2035 posthac
1021 1992 1194 2024 senioribus
1208 2004 1333 2035 quoque
1348 2004 1452 2025 euram
1467 1993 1622 2024 adhibens

151 2045 353 2087 plurimorum
369 2047 605 2089 ingentiumque
622 2048 772 2079 bonorum
789 2047 909 2079 civitati
935 2058 1031 2079 causa
1049 2047 1130 2078 erit:
1155 2052 1189 2078 ut
1212 2053 1456 2079 consentaneum
1476 2052 1525 2078 est
1546 2057 1619 2078 cum

151 2099 268 2142 facere,
289 2101 343 2142 qui
360 2100 548 2142 principium
570 2100 750 2143 hujusmodi
770 2101 870 2133 dedit.
914 2102 979 2133 Eu.
1004 2101 1127 2133 Vellem
1151 2101 1312 2144 equidem,
1336 2113 1356 2132 o
1378 2101 1538 2133 Socrates:
1562 2101 1619 2132 sed

152 2163 258 2184 vereor
273 2164 313 2185 nc
328 2158 435 2186 contra
450 2153 625 2196 contingat.
650 2155 790 2197 profecto
811 2166 830 2186 a
845 2155 945 2187 Vesta
964 2155 1104 2197 incipere
1126 2155 1202 2187 mihi
1218 2156 1342 2187 videtur
1368 2155 1441 2187 huic
1465 2155 1534 2186 urbi
1559 2166 1618 2186 no-

151 2217 235 2247 cere,
246 2217 317 2239 cum
332 2207 450 2249 injuria
466 2214 496 2240 te
512 2209 634 2241 afficere
656 2214 768 2240 tentat.
813 2209 856 2240 Et
872 2209 947 2241 mihi
973 2210 1072 2245 dicas,
1097 2209 1173 2251 quid
1198 2214 1228 2240 te
1253 2215 1398 2251 agentem
1417 2209 1617 2250 juventutem

150 2260 277 2293 inficere
293 2263 460 2303 praedicat?
505 2263 560 2295 So.
582 2262 731 2295 Absurde
746 2264 890 2306 quaedam
917 2264 1042 2301 auditu,
1065 2274 1084 2295 ο
1099 2265 1145 2294 vir
1167 2264 1306 2296 mirifice.
1328 2263 1431 2305 inquit
1445 2264 1527 2294 enim
1543 2273 1619 2294 auc-

152 2319 249 2347 turem
266 2326 316 2347 rue
329 2326 396 2348 esse
414 2317 542 2349 deorum
560 2328 569 2357 ;
591 2322 624 2349 et
639 2322 674 2349 ut
689 2329 788 2350 novos
802 2318 1005 2350 inducentem
1021 2318 1110 2356 deos,
1125 2318 1242 2360 priscos
1257 2328 1328 2350 vero
1352 2323 1531 2361 negantem,
1554 2328 1618 2354 me.

146 2374 189 2400 *ut
202 2369 316 2412 inquit,
332 2371 462 2402 deorum
478 2372 577 2414 gratia
592 2372 760 2404 incusavit.
805 2373 871 2404 Eu.
894 2372 1043 2414 Intelligo
1054 2372 1135 2415 jam,
1161 2384 1181 2403 ο
1196 2373 1352 2410 Socrates,
1367 2373 1452 2414 quod
1468 2372 1537 2414 ipse
1552 2373 1618 2403 dae-

151 2423 289 2454 monium
303 2424 361 2455 tibi
378 2425 495 2467 passim
523 2436 683 2458 occurrere
703 2427 870 2469 profiteris.
891 2428 977 2459 unde
993 2428 1139 2458 ads-ersus
1155 2431 1186 2459 te
1201 2433 1350 2469 tanquam
1372 2426 1493 2458 divinas
1509 2435 1556 2457 res
1571 2426 1619 2456 in-

151 2482 331 2515 novantem,
347 2480 581 2512 accusationem
597 2482 678 2513 lianc
693 2481 866 2524 inscripsit,
882 2487 915 2513 et
930 2481 960 2513 in
980 2481 1137 2523 judicium
1153 2487 1184 2514 te
1198 2481 1442 2513 calumniaturus
1456 2482 1619 2518 adventat,

151 2529 271 2571 quippe
285 2540 357 2563 cum
372 2534 494 2565 noverit
506 2534 568 2566 ista
582 2534 676 2567 facile
692 2536 785 2577 vulgo
798 2535 985 2568 calumniam
1001 2536 1105 2567 subire
1120 2546 1223 2577 posse.
1267 2536 1326 2567 Mc
1340 2546 1478 2578 quoque,
1489 2545 1560 2566 cum
1576 2535 1617 2565 de

150 2583 266 2614 divinis
275 2583 310 2615 in
326 2585 480 2619 concione
499 2590 667 2629 pertracto,
691 2589 795 2620 sutura
811 2589 1039 2631 praenuntinns,
1057 2594 1205 2631 tanquam
1220 2589 1426 2620 insanientem
1441 2589 1555 2629 rident,
1578 2587 1617 2618 li-

151 2641 203 2667 eet
217 2637 294 2668 nihil
307 2648 446 2680 unquam
468 2640 529 2672 nisi
543 2652 650 2672 verum
666 2643 873 2684 praedixerim.
896 2643 987 2674 nobis
1001 2643 1099 2685 euim,
1113 2643 1288 2685 ceterisque
1303 2643 1398 2684 hujus
1413 2642 1534 2684 generis
1549 2653 1615 2673 om·

150 2690 244 2722 nibus
256 2691 423 2724 invident:
445 2693 523 2725 nihil
546 2700 650 2726 autem
670 2696 712 2728 de
737 2696 777 2728 iis
797 2698 982 2738 curandum,
1008 2697 1063 2728 sed
1086 2697 1210 2728 interim
1225 2697 1335 2728 eadem
1350 2696 1469 2728 ratione
1486 2706 1616 2737 pergen-

153 2744 242 2778 dum.
284 2746 342 2780 So.
365 2746 394 2778 O
411 2747 510 2779 amice
526 2748 751 2792 Euthyphron,
767 2750 887 2784 irrideri
902 2751 983 2782 forte
997 2751 1114 2782 nullius
1139 2751 1289 2783 momenti
1309 2755 1367 2783 est.
1412 2748 1617 2781 Atheniensi-

150 2797 209 2829 ΒΜ
224 2809 349 2842 nempe.
365 2806 401 2832 ut
414 2801 490 2833 mihi
505 2801 640 2839 videtur,
656 2814 720 2836 non
737 2805 907 2836 admodum
921 2815 1003 2836 curae
1019 2810 1078 2842 est,
1101 2805 1126 2836 si
1148 2815 1243 2848 quem
1260 2806 1391 2847 peritum
1406 2814 1476 2835 esse
1492 2806 1615 2844 putent,

150 2861 210 2883 nec
235 2858 340 2885 tamen
363 2854 522 2887 facultatis
543 2855 612 2898 ejus
628 2852 934 2890 communicatorem}
957 2869 1051 2900 quem
1067 2869 1140 2890 vero
1156 2859 1267 2900 peritia
1283 2858 1406 2900 propria
1421 2863 1540 2889 ceteros
1557 2856 1613 2886 im-

151 2904 299 2938 buentem
314 2909 464 2951 sentiunt,
478 2909 693 2951 insectantur3
716 2912 780 2943 sive
795 2912 829 2944 id
846 2912 941 2944 livore
956 2913 1106 2956 quodam,
1130 2918 1166 2944 ut
1191 2918 1224 2943 tu
1250 2912 1371 2947 asseris,
1398 2910 1526 2946 conciti.
1549 2909 1614 2938 sive

151 2958 214 2991 alia
224 2961 264 2992 de
278 2972 372 2993 causa
387 2963 516 2998 saciant.
563 2964 627 2997 Eu.
651 2966 725 3003 Quo
741 2971 845 2998 autem
861 2968 955 2998 modo
975 2977 1048 3009 erga
1063 2978 1113 2999 rue
1127 2978 1211 2999 nunc
1223 2966 1328 2998 affecti
1341 2965 1412 3002 sint,
1436 2964 1518 2995 haud
1536 2962 1614 2993 mul-

238 3014 327 3047 Plat.
354 3016 408 3049 Tr.
898 3020 928 3053 1.
1498 3016 1527 3047 N
