1846 3268
636 765 1382 850 EUTHYDEMUS·

293 1047 443 1085 CRITO,
466 1045 704 1083 SOCRATES,
728 1043 1054 1087 EUTHYDEMUS,
1077 1044 1453 1083 DIONYSODORUS,
1477 1031 1675 1086 thNtAs,

860 1128 1109 1162 CTESIPPUS.

253 1331 352 1374 [271]
375 1331 542 1369 QurssrAM
566 1328 620 1360 ille
640 1333 718 1369 erat,
734 1338 752 1358 o
768 1326 923 1367 Socrates,
943 1326 1072 1368 quicum
1098 1325 1163 1358 heri
1179 1325 1212 1358 in
1227 1325 1329 1369 Lycio
1345 1326 1550 1370 disputabas?
1595 1329 1722 1374 Nempe

254 1387 345 1418 turba
368 1386 515 1427 frequens
530 1383 761 1416 circumstabat.
783 1391 890 1422 quare,
907 1380 982 1413 licet
996 1381 1126 1423 propius
1140 1381 1322 1413 accederem
1337 1382 1488 1414 audiendi
1503 1383 1625 1426 avidus,
1643 1384 1723 1416 nihil

254 1446 358 1472 tamen
385 1444 493 1482 aperte
517 1437 678 1481 percipere
704 1441 855 1478 poteram.
900 1435 981 1467 Cum
1009 1446 1080 1466 vero
1105 1435 1139 1466 in
1165 1436 1262 1476 pedes
1286 1441 1407 1467 erectus
1431 1436 1628 1479 inspicerem,
1643 1438 1721 1470 mihi

253 1495 337 1526 visus
352 1499 404 1526 est
417 1495 533 1535 hospes
548 1492 676 1534 quidam
691 1501 770 1527 esse,
784 1489 910 1531 quicum
936 1489 1119 1520 disserebas.
1165 1489 1246 1526 Quis
1269 1489 1346 1520 ille?
1390 1490 1447 1522 So.
1469 1490 1522 1522 De
1537 1495 1608 1523 utro
1623 1491 1720 1524 inter-

254 1560 356 1591 rogas,
371 1548 459 1580 Crito
473 1548 484 1578 ?
530 1546 604 1577 Non
620 1545 702 1577 enirn
719 1554 800 1575 unus
824 1548 959 1580 tantum,
976 1544 1031 1574 sed
1048 1543 1112 1574 duo
1127 1543 1268 1574 aderant.
1314 1543 1379 1575 Cn.
1402 1544 1526 1576 Tertius
1547 1546 1589 1577 ad
1606 1546 1718 1578 dexte-

251 1614 316 1635 ram
332 1609 416 1634 tuam
434 1602 564 1633 sedebat
578 1601 615 1637 is,
631 1598 721 1641 cujus
735 1609 850 1629 nomen
866 1598 973 1629 audire
991 1597 1160 1639 percupio:
1187 1597 1307 1628 medius
1333 1603 1438 1629 autem
1462 1599 1717 1632 adolescentulus

250 1658 306 1689 ille
316 1656 453 1688 Axioclri
468 1655 562 1692 filius,
578 1654 633 1697 qui
649 1653 723 1684 milri
737 1652 820 1683 visus
836 1656 883 1683 est
899 1652 973 1683 satis
1000 1652 1168 1683 admodum
1190 1651 1371 1693 profecisse.
1417 1652 1574 1685 Critobuli
1587 1653 1716 1696 quidem

249 1712 347 1743 nostri
363 1711 458 1742 ferme
472 1709 600 1752 aequalis
615 1713 674 1741 est.
719 1707 836 1739 Verum
852 1706 905 1738 ille
931 1706 1059 1737 aridiori
1083 1707 1221 1747 quodam
1239 1707 1377 1748 corporis
1393 1699 1503 1738 habitu
1518 1718 1525 1738 ι
1550 1706 1610 1739 iste
1625 1718 1718 1750 gran-

247 1766 345 1798 dioris
360 1765 497 1808 speciem
520 1773 584 1806 prae
606 1773 639 1794 se
661 1762 739 1794 ferre
755 1762 888 1798 videtur,
903 1761 1035 1792 honesta
1062 1770 1136 1791 sane
1151 1759 1261 1791 indole
1276 1764 1371 1802 atque
1387 1760 1524 1802 egregia.
1569 1760 1626 1794 So.
1649 1761 1717 1793 Eu-

245 1820 417 1862 thydemus
431 1818 490 1849 iste
505 1822 554 1848 est
566 1827 659 1859 quem
676 1815 800 1858 quaeris,
820 1826 839 1846 o
863 1814 963 1846 Crito.
988 1813 1128 1856 quivero
1152 1814 1192 1845 ad
1217 1813 1372 1845 sinistram
1392 1814 1533 1852 sedebat,
1549 1813 1718 1858 Dionyso-

246 1874 342 1905 dorus
364 1872 433 1915 ejus
457 1871 563 1910 frater,
577 1871 631 1913 qui
658 1869 879 1911 disputationis
900 1868 1057 1910 particeps
1081 1868 1173 1899 simul
1199 1867 1315 1900 extitit.
1361 1868 1426 1900 Cn.
1450 1867 1608 1900 Neutrum
1631 1880 1708 1912 cog-

246 1937 356 1964 nosco,
371 1938 390 1958 o
414 1926 568 1957 Socrates.
612 1925 669 1956 So.
692 1923 777 1955 Novi
800 1923 928 1965 quidem
954 1922 998 1963 hi,
1026 1927 1061 1953 ut
1076 1922 1233 1959 videntur,
1260 1922 1420 1964 sophistae.
1466 1922 1532 1955 Cn.
1554 1922 1710 1960 Quaenam

246 1981 356 2012 horum
372 1980 474 2022 patria
488 1979 556 2011 est?
579 1989 649 2021 quae
664 1977 842 2020 sapientia?
887 1977 943 2008 So.
968 1975 1042 2007 Chii
1057 1980 1142 2013 sunt,
1154 1980 1190 2006 ut
1204 1975 1344 2013 arbitror,
1361 1975 1463 2017 patria
1476 1987 1484 2007 ε
1506 1975 1641 2008 Thurios
1652 1988 1712 2020 po·

249 2034 341 2076 pulos
353 2033 484 2076 petiere.
506 2032 592 2063 unde
607 2031 736 2074 digressi
752 2031 864 2062 multos
875 2029 942 2072 jam
958 2040 1056 2061 annos
1071 2029 1119 2060 his
1135 2030 1168 2060 in
1184 2029 1260 2061 locis
1275 2034 1446 2063 versantur.
1469 2029 1625 2072 sapientia
1639 2041 1711 2063 vero

248 2088 373 2119 illorum
392 2087 537 2118 mirabilis
563 2091 622 2127 est,
636 2097 655 2118 o
681 2085 780 2118 Crito.
802 2085 837 2116 in
859 2084 1005 2115 omnibus
1021 2088 1105 2116 certe
1122 2082 1353 2126 sapientissimi.
1376 2088 1409 2115 et
1421 2084 1574 2116 hactenus
1589 2084 1714 2127 ignora-

247 2142 320 2173 bam
344 2141 490 2184 equidem
511 2140 665 2182 perfectos
686 2139 819 2171 athletas
834 2149 913 2171 esse.
937 2138 970 2169 hi
993 2138 1075 2170 enim
1101 2138 1142 2169 ad
1167 2148 1260 2170 omne
1283 2137 1426 2170 certandi
1450 2148 1548 2180 genus
1567 2144 1714 2180 potentes

246 2200 331 2234 sunt,
345 2207 410 2227 non
425 2186 691 2238 quemadmodum
710 2193 871 2226 Acarnani
889 2192 997 2224 fratres
1011 2191 1150 2224 athletae.
1194 2191 1247 2223 Illi
1270 2202 1406 2234 namque
1432 2201 1563 2233 corpore
1589 2196 1711 2224 tantum

245 2250 372 2283 valent:
395 2250 428 2280 hi
443 2259 515 2281 vero
536 2259 666 2290 corpore
687 2248 820 2290 primum
839 2257 979 2290 pugnare
1004 2247 1135 2277 maxime
1162 2250 1305 2288 possunt,
1321 2251 1354 2277 et
1378 2256 1417 2285 eo
1442 2256 1557 2288 genere
1582 2257 1712 2289 pugnae,

246 2315 311 2347 quo
326 2304 432 2336 omnia
445 2307 639 2346 superantur.
662 2312 737 2334 sane
752 2303 793 2334 ad
808 2312 871 2334 rem
896 2301 1062 2332 militarem
1085 2299 1230 2332 instructi
1252 2299 1431 2342 plurimum,
1447 2305 1480 2331 et
1495 2300 1638 2342 quemvis
1652 2299 1711 2331 ali-

245 2369 311 2396 urn,
327 2358 422 2389 modo
438 2358 612 2389 mercedem
625 2361 775 2399 exponat,
798 2355 894 2397 [272]
917 2355 959 2386 ad
974 2365 1044 2386 eam
1058 2364 1122 2385 rem
1138 2358 1296 2385 strenuum
1312 2353 1412 2384 virum
1426 2353 1556 2384 reddere
1567 2358 1711 2396 possunt.

243 2411 372 2444 Deinde
383 2411 568 2454 judicialem
580 2422 717 2454 pugnam
733 2416 766 2442 et
778 2410 840 2452 ipsi
854 2414 985 2441 tractare
1000 2408 1223 2450 expediteque,
1239 2411 1273 2438 et
1286 2417 1543 2449 unumquemque
1557 2406 1710 2439 instruere

244 2471 378 2508 possunt
392 2467 434 2498 ad
454 2465 634 2498 scribendas
649 2476 758 2498 causas
773 2470 806 2496 et
820 2464 962 2496 orandas.
985 2464 1137 2494 hactenus
1157 2461 1284 2504 quidem
1306 2461 1416 2493 harum
1432 2471 1532 2492 rerum
1547 2461 1711 2492 dumtaxat

242 2520 336 2563 periti
347 2525 455 2553 erant:
479 2531 563 2552 nunc
579 2525 683 2552 autem
699 2521 839 2562 perfecte
855 2518 1040 2550 athletarum
1054 2515 1197 2548 facultati
1223 2515 1317 2547 finem
1340 2516 1569 2558 imposuerunt.
1612 2514 1709 2552 Quod

241 2574 326 2607 enim
352 2576 460 2607 deerat
481 2574 622 2607 certandi
644 2585 755 2617 genus,
778 2583 880 2616 nuper
900 2571 1035 2604 assecuti
1057 2575 1141 2608 sunt,
1157 2574 1193 2602 ut
1212 2580 1305 2601 nemo
1333 2569 1394 2601 illis
1410 2569 1513 2601 valeat
1537 2569 1706 2601 reluctari:

242 2639 342 2671 usque
357 2629 436 2660 adeo
451 2628 485 2660 in
500 2630 661 2661 verborum
675 2628 877 2661 altercatione
890 2627 986 2658 fortes
1000 2628 1176 2663 evaserunt,
1202 2624 1402 2666 promptique
1425 2624 1466 2654 ad
1482 2622 1615 2666 quodvis
1639 2622 1708 2655 dic-

241 2687 321 2721 tum,
336 2693 390 2715 seu
406 2694 513 2715 verum
533 2694 588 2716 seu
609 2684 721 2715 falsum
748 2683 799 2720 sit,
814 2681 1031 2714 refellendum.
1078 2679 1294 2721 Quapropter,
1322 2689 1341 2709 ο
1369 2677 1470 2715 Crito,
1494 2676 1543 2708 his
1569 2686 1618 2708 me
1632 2676 1707 2708 viris

240 2739 362 2771 tradere
376 2737 493 2780 cogito.
515 2736 706 2780 pollicentur
719 2737 802 2769 enim
818 2735 960 2779 quemvis
976 2733 1071 2766 alium
1088 2733 1174 2765 brevi
1200 2743 1234 2765 se
1257 2732 1428 2764 eorundem
1443 2734 1622 2773 compotem
1636 2730 1707 2761 red-

240 2793 375 2825 dituros.
418 2791 484 2825 Cn.
507 2791 562 2823 An
585 2802 651 2823 non
673 2797 704 2824 te
730 2790 877 2834 grandior
903 2796 978 2821 aetas
1009 2789 1171 2829 absterret,
1199 2798 1218 2819 o
1250 2785 1418 2819 Socrates?
1473 2785 1530 2816 So.
1554 2783 1704 2821 Minime,

241 2847 342 2880 Crito.
363 2851 415 2879 est
429 2846 511 2879 enirn
528 2847 613 2888 quod
630 2857 680 2877 me
695 2846 824 2884 soletur,
838 2855 942 2887 neque
966 2843 1107 2875 diffidere
1132 2835 1226 2875 sinat.
1270 2840 1355 2872 Nam
1369 2844 1402 2871 et
1424 2838 1457 2870 lri
1467 2837 1534 2880 jam
1550 2847 1652 2875 senes,
1667 2843 1703 2869 ut

238 2902 284 2934 ita
297 2901 439 2939 dixerim,
454 2901 528 2932 huic
543 2911 576 2932 se
590 2900 733 2932 facultati
747 2910 840 2942 quam
855 2910 915 2942 ego
930 2909 1016 2930 nunc
1032 2902 1160 2940 exopto,
1175 2895 1381 2929 contentiosae
1395 2892 1544 2925 videlicet
1569 2891 1702 2923 dedide-

238 2961 322 2989 runt.
345 2966 416 2987 nam
430 2960 502 2987 ante
516 2954 680 2986 biennium
695 2965 763 2986 eam
784 2955 924 2985 nondum
942 2953 1109 2986 callebant.
1154 2951 1262 2983 Unum
1282 2959 1355 2981 vero
1367 2948 1431 2985 hoc
1447 2950 1569 2978 tantum
1581 2955 1700 2987 vereor,

238 3021 278 3043 ne
293 3011 341 3042 his
362 3009 507 3043 dedecori
521 3009 590 3052 sim,
604 3008 867 3051 quemadmodum
884 3007 995 3040 Conno
1013 3005 1164 3039 Metrobii
1179 3004 1244 3037 filio
1260 3002 1441 3042 citharistae,
1465 3001 1520 3043 qui
1535 3010 1584 3031 me
1605 2999 1701 3032 etiam
