1846 3268
260 253 340 292 200
861 245 1128 288 PLATONIS
1633 248 1732 301 [472

269 367 341 388 nem
365 361 453 388 tuum
476 359 524 387 est
548 352 744 386 Archelaus?
788 351 845 384 So.
867 351 1036 391 Nimirum,
1060 363 1080 383 o
1103 351 1215 390 amice,
1241 352 1268 384 si
1294 350 1441 395 injustus.
1486 351 1571 384 Por..
1593 351 1641 384 At
1656 363 1728 385 vero

269 420 407 452 quonam
421 414 515 452 pacto
530 408 637 451 negari
651 407 684 439 id
698 411 804 450 potest
817 407 830 438 ἶ
850 407 876 438 is
890 407 974 439 enim
989 418 1026 438 ex
1039 405 1154 439 ancilla
1165 405 1272 438 Alceti
1287 406 1429 438 Perdicae
1442 406 1544 438 fratris
1555 411 1648 439 natus
1661 411 1727 439 est:

266 465 404 507 ideoque
419 463 620 495 Macedoniae
644 472 772 504 regnum
798 461 884 503 quod
910 471 996 493 nunc
1021 461 1129 502 habet,
1143 461 1182 492 ad
1207 471 1279 492 eum
1303 461 1430 492 minime
1453 461 1650 502 pertinebat:
1674 461 1731 493 sed

268 519 340 561 ipso
352 517 423 560 jure
446 517 570 549 Alcetae
594 527 698 548 servus
724 520 810 547 erat:
836 525 872 547 ac
897 515 923 546 si
937 515 1085 547 voluisset
1107 514 1194 556 justa
1216 525 1319 557 agere,
1335 515 1395 557 ipsi
1421 514 1545 547 Alcetae
1566 515 1732 555 servissem

266 573 374 614 itaque
385 571 557 603 secundum
573 570 725 601 rationem
740 574 824 600 tuam
840 573 923 600 esset
937 568 1023 601 felix.
1069 568 1165 600 Nunc
1180 579 1252 600 vero
1267 579 1360 611 quam
1375 568 1555 600 mirabiliter
1570 569 1672 601 factus
1685 574 1734 601 est

265 627 370 663 miser,
386 630 552 668 postquam
568 624 717 656 maximas
736 622 868 665 injurias
882 622 1002 654 intulit.
1045 621 1080 654 Is
1105 622 1189 654 enim
1216 622 1315 664 primo
1335 623 1419 654 hunc
1443 623 1545 665 ipsum
1570 622 1732 654 dominum

267 685 476 722 patruumque
491 689 580 711 suum
597 677 744 710 Alcetam
759 677 943 710 accersitum
959 677 999 708 ad
1016 687 1061 715 se,
1085 676 1175 719 quasi
1193 686 1336 718 regnum,
1351 677 1436 718 quod
1464 677 1615 708 Perdicas
1627 677 1734 708 abstu-

267 734 358 771 lerat,
373 733 564 774 redditurus,
579 732 726 764 convivio
741 731 879 774 vinoque
895 735 1067 773 gravatum,
1083 730 1249 773 ipsumque
1266 735 1299 762 et
1311 730 1410 762 filium
1435 730 1504 772 ejus
1519 730 1734 763 Alexandrum

270 788 442 830 patruelem
460 787 676 829 aequalemque
692 797 783 818 suum
798 785 961 828 conjectos
976 785 1008 816 in
1024 785 1209 827 plaustrum,
1225 789 1382 826 nocteque
1398 789 1584 827 asportatos,
1598 784 1736 817 trucida-

267 842 314 872 vit
328 847 423 884 atque
438 841 566 873 delevit.
589 851 648 873 nec
659 847 765 872 tamen
778 839 828 871 his
843 838 1028 882 perpetratis
1043 848 1130 870 suam
1143 838 1273 881 agnovit
1293 838 1459 876 miseriam,
1481 848 1542 871 nec
1566 838 1600 870 id
1621 838 1734 872 fecisse

268 895 438 938 poenitui‘t:
462 895 517 927 sed
533 894 628 937 paulo
643 898 718 936 post
730 894 856 925 fratrem
871 904 974 931 suum,
998 892 1172 934 legitimum
1193 892 1335 924 Perdicae
1359 892 1470 934 filium,
1489 903 1622 935 puerum
1637 903 1737 925 anno-

269 960 336 981 rum
352 954 485 991 septem,
500 949 540 980 ad
557 958 650 990 quem
666 947 843 989 pertinebat
857 957 999 987 regnum,
1013 946 1128 988 noluit,
1152 951 1188 977 ut
1215 946 1293 978 felix
1317 946 1417 986 fieret,
1428 946 1514 987 juste
1529 946 1624 983 alere.
1639 952 1735 989 atque

269 1004 331 1045 ipsi
345 1013 475 1044 regnum
490 1002 630 1040 tradere;
653 1001 707 1032 sed
723 1000 755 1031 in
773 1005 902 1042 puteum
918 999 1112 1042 praecipitem
1124 999 1215 1030 dedit
1228 1004 1323 1041 atque
1335 999 1513 1031 suffocavit.
1557 999 1735 1042 cleopatra

268 1068 342 1088 vero
358 1056 427 1098 ejus
442 1055 532 1087 matri
547 1054 688 1092 asseruit,
705 1064 850 1096 puerum,
866 1054 940 1084 dum
958 1058 1193 1095 persequeretur
1207 1063 1360 1090 anserem,
1374 1053 1527 1085 cecidisse
1550 1053 1584 1085 in
1605 1058 1735 1096 puteum

268 1116 461 1152 mortemque
478 1109 602 1141 obiisse.
646 1107 706 1139 His
721 1118 795 1149 ergo
811 1112 875 1138 tam
890 1107 1011 1149 magnis
1020 1106 1141 1148 injuriis
1154 1106 1352 1148 perpetratis,
1365 1106 1581 1138 Macedonum
1595 1107 1735 1139 omnium

271 1166 460 1197 miserrimus
475 1169 534 1200 est,
551 1174 590 1194 an
606 1162 711 1204 potius
727 1161 947 1194 felicissimus?
992 1161 1079 1192 Num
1095 1165 1143 1192 est
1157 1160 1239 1192 ullus
1255 1159 1514 1202 Atheniensium,
1528 1165 1564 1192 ut
1588 1171 1608 1192 a
1631 1166 1663 1193 te
1682 1172 1736 1193 ex·

271 1219 438 1254 ordiamur,
452 1229 471 1249 o
485 1218 639 1255 Socrates,
662 1215 717 1259 qui
743 1215 831 1246 malit
845 1215 924 1246 alius
940 1215 1106 1258 quisquam
1121 1214 1337 1246 Macedonum
1353 1225 1419 1246 esse
1434 1225 1528 1257 quam
1541 1214 1739 1247 Archelaus?

269 1273 326 1305 So.
350 1272 392 1303 Et
406 1273 446 1303 ab
460 1271 530 1314 ipso
545 1270 768 1313 disputationis
779 1269 920 1311 exordio,
932 1269 1024 1307 Polo,
1035 1274 1066 1301 te
1082 1274 1230 1312 tanquam
1241 1270 1321 1301 bene
1334 1269 1516 1302 instructum
1531 1270 1571 1302 ad
1586 1270 1738 1302 orandum

270 1327 410 1365 laudavi,
426 1331 522 1358 artem
539 1335 611 1357 vero
626 1324 799 1356 disserendi
814 1324 877 1355 dixi
905 1328 936 1355 te
963 1323 1148 1365 neglexisse.
1193 1323 1238 1355 At
1262 1334 1359 1361 nunc,
1375 1324 1484 1355 haecne
1502 1323 1559 1355 illa
1583 1323 1664 1355 ratio
1678 1329 1739 1365 est,

273 1391 330 1423 per
343 1391 436 1423 quam
452 1380 554 1423 quivis
581 1379 675 1411 etiarn
701 1389 790 1421 puer,
814 1383 849 1409 ut
868 1378 937 1419 ipse
958 1377 1097 1415 dicebas,
1114 1387 1162 1408 me
1185 1377 1364 1409 refelleret?
1387 1383 1481 1420 atque
1495 1388 1554 1420 ego
1569 1378 1626 1409 abs
1640 1382 1684 1416 te,
1705 1382 1742 1409 ut

269 1435 340 1477 ipse
351 1435 488 1478 judicas,
503 1436 562 1466 hac
574 1434 608 1465 in
624 1432 789 1475 praesentia
803 1431 923 1463 ratione
948 1431 1111 1463 convictus
1136 1441 1216 1470 sum,
1232 1431 1287 1473 qui
1302 1431 1430 1463 dixerim
1445 1431 1647 1474 injuriantem
1663 1433 1739 1464 hea-

271 1496 337 1522 tum
353 1501 420 1522 esse
440 1500 505 1521 non
528 1488 645 1531 posse?
690 1487 785 1519 Unde
810 1486 906 1524 enim,
921 1496 940 1517 o
964 1486 1046 1517 bone
1061 1485 1130 1517 vir?
1154 1485 1241 1528 atqui
1265 1485 1342 1516 nihil
1366 1485 1424 1517 tibi
1446 1487 1556 1518 horum
1571 1486 1740 1528 assentior,

272 1555 344 1587 quae
360 1549 394 1575 tu
406 1544 498 1576 dicis.
541 1543 627 1574 Pon.
649 1541 766 1583 Neque
780 1541 864 1573 enim
880 1540 925 1572 vis
941 1540 1093 1578 assentiri,
1106 1550 1175 1571 cum
1193 1545 1297 1571 tamen
1313 1539 1370 1571 tibi
1384 1551 1456 1572 vera
1468 1540 1644 1572 videantur.
1681 1541 1741 1574 So.

274 1599 303 1631 Ο
320 1600 423 1637 beate,
438 1588 593 1630 oratorum
607 1608 692 1629 more
714 1596 900 1629 convincere
925 1606 974 1627 nie
996 1595 1175 1632 contendis,
1190 1594 1456 1637 quemadmodum
1477 1595 1510 1628 in
1528 1595 1653 1638 judicio
1675 1596 1743 1627 fieri

275 1653 367 1692 solet,
382 1654 434 1685 ubi
450 1653 503 1684 alii
519 1652 596 1684 alios
611 1652 797 1684 convincere
813 1661 845 1682 se
860 1650 1041 1693 opinantur,
1057 1661 1127 1682 cum
1142 1660 1199 1692 pro
1215 1660 1272 1680 sua
1285 1659 1380 1681 causa
1392 1649 1554 1682 multosac
1565 1650 1743 1692 probabiles

274 1709 438 1740 adducunt
453 1713 559 1745 testes,
575 1706 602 1738 si
625 1705 816 1750 adversarius
842 1710 897 1736 aut
922 1705 1044 1736 nullum
1070 1708 1126 1735 aut
1140 1714 1237 1735 unum
1259 1703 1395 1745 aliquem
1410 1704 1592 1746 produxerit
1606 1708 1718 1736 testem
1733 1716 1742 1737 ε

275 1761 433 1804 ejusmodi
449 1772 520 1793 vero
537 1760 680 1803 probatio
696 1759 812 1790 nullius
827 1760 867 1791 ad
882 1759 1042 1790 veritatem
1059 1762 1107 1790 est
1132 1758 1295 1790 momenti.
1319 1757 1416 1799 [472]
1439 1758 1532 1799 Saepe
1553 1758 1639 1790 enirn
1661 1758 1741 1790 falsa

277 1815 454 1848 testimonia
470 1820 503 1846 et
516 1825 535 1845 a
550 1814 654 1845 multis
670 1819 703 1844 et
717 1814 756 1844 ab
771 1813 830 1850 his,
846 1812 901 1854 qui
915 1813 1081 1843 videantur
1094 1811 1214 1848 idonei,
1228 1811 1331 1842 solent
1345 1811 1459 1844 afferri.
1503 1811 1603 1854 Atqui
1614 1812 1648 1844 in
1661 1823 1742 1855 prae-

277 1871 379 1902 sentia
393 1870 434 1901 de
447 1869 496 1900 his
509 1861 580 1911 quae
596 1873 630 1898 tu
645 1866 738 1908 dicis,
750 1877 858 1897 omnes
872 1866 968 1896 ferme
980 1869 1013 1896 et
1026 1864 1237 1896 Athenienses
1251 1870 1284 1895 et
1298 1865 1454 1907 peregrini
1469 1870 1572 1897 tecum
1581 1867 1744 1906 sentirent,

277 1925 302 1956 si
316 1924 392 1956 velis
407 1928 516 1955 contra
529 1933 579 1954 me
595 1925 689 1953 testes
705 1921 901 1962 producere3
925 1930 974 1950 me
996 1919 1150 1961 siquidem
1177 1918 1286 1950 afferre.
1307 1918 1386 1950 falsa
1408 1918 1467 1952 tibi
1489 1921 1742 1954 attestabuntur:

278 1978 346 2010 sive
360 1977 486 2009 Niciam
501 1986 640 2008 accersas
654 1974 795 2007 Nicerati
810 1973 922 2011 filium,
936 1972 1107 2014 fratresque
1127 1971 1198 2014 ejus
1220 1982 1340 2014 secum,
1355 1983 1485 2015 quorum
1509 1978 1582 2005 sunt
1604 1974 1639 2006 in
1662 1975 1744 2008 Dio-

280 2032 374 2075 nysio
390 2031 529 2073 tripodes
543 2029 651 2061 ordine
674 2028 810 2071 quodam
834 2026 980 2069 dispositi
994 2038 1004 2066 ;
1027 2026 1092 2057 sive
1107 2025 1329 2059 Aristocraten:
1351 2026 1460 2060 Scellii
1473 2027 1583 2065 filium,
1598 2028 1690 2071 cujus
1711 2029 1745 2062 in

281 2086 401 2129 Pythio
416 2095 528 2117 munus
542 2088 644 2115 exstat
665 2081 906 2125 pulcherrimum
921 2092 931 2121 3
953 2091 1006 2112 seu
1022 2084 1119 2112 totam
1137 2080 1267 2112 Periclis
1281 2081 1421 2119 domum,
1436 2091 1491 2113 seu
1505 2081 1597 2115 aliam
1613 2083 1747 2125 quamli-

280 2141 336 2172 bet
347 2139 588 2172 Atheniensium
602 2137 752 2169 t'amiliam
767 2135 846 2167 velis
871 2135 906 2167 in
927 2134 1139 2167 testimonium
1161 2135 1328 2167 advocare.
1373 2134 1418 2166 At
1432 2146 1492 2178 ego
1507 2147 1589 2168 unus
1602 2137 1662 2170 tibi
1682 2148 1748 2170 non

282 2194 444 2226 assentior.
465 2203 531 2225 non
545 2193 630 2224 enim
645 2202 695 2223 me
709 2190 882 2223 rationibus
898 2189 996 2232 cogis,
1017 2189 1071 2221 sed
1087 2189 1173 2220 falsis
1187 2190 1319 2221 testibus
1332 2195 1442 2221 contra
1456 2201 1506 2223 me
1521 2191 1693 2233 productis,
1707 2202 1747 2224 ex

281 2250 353 2292 ipsa
364 2247 503 2280 veritatis
522 2246 694 2278 substantia
709 2244 845 2286 dejicere
865 2254 915 2275 me
937 2243 1067 2277 moliris.
1110 2242 1180 2286 Ego
1196 2254 1268 2276 vero
1283 2243 1344 2276 nisi
1359 2250 1390 2275 te
1404 2244 1508 2286 ipsum
1523 2249 1634 2278 testem
1648 2255 1747 2277 unum

284 2303 443 2334 adduxero
459 2301 535 2333 mihi
548 2300 783 2337 assentientem,
796 2298 874 2330 nihil
889 2298 1119 2329 existimatione
1134 2298 1264 2339 dignum
1279 2299 1312 2329 in
1326 2298 1376 2330 his
1389 2309 1462 2341 quae
1484 2303 1662 2341 tractamus,
1676 2311 1748 2343 pcr-

283 2358 395 2391 fecisse
410 2369 459 2390 me
475 2357 617 2388 arbitror.
641 2360 720 2397 puto
735 2353 830 2386 etiam
846 2352 926 2385 nihil
949 2358 981 2384 te
1003 2351 1229 2393 profecturum,
1249 2353 1310 2383 nisi
1333 2363 1393 2394 ego
1419 2363 1501 2385 unus
1523 2354 1669 2396 solusque
1691 2354 1751 2386 tibi

284 2412 494 2453 consentiam,
507 2409 760 2454 tuque,·dimissa
773 2407 903 2439 aliorum
919 2406 1043 2438 testium
1058 2405 1274 2444 multitudine,
1289 2406 1322 2438 id
1343 2407 1470 2439 efficias.
1513 2407 1571 2440 Est
1593 2407 1698 2450 igitur,
1713 2413 1750 2440 ut

285 2467 365 2508 dixi,
388 2476 469 2497 unus
491 2465 550 2496 iste
572 2463 723 2505 arguendi
746 2462 869 2499 modus,
889 2460 1155 2504 quemadmodum
1178 2465 1212 2492 tu
1237 2459 1355 2503 aliique
1379 2462 1469 2493 multi
1493 2462 1623 2504 putatis.
1645 2467 1694 2495 est
1717 2466 1752 2494 et

285 2522 374 2559 alter,
389 2530 483 2562 quern
497 2529 556 2560 ego
572 2524 661 2560 puto.
704 2517 770 2548 Eos
790 2516 884 2558 igitur
908 2515 1043 2547 invicem
1066 2519 1294 2556 comparantes,
1310 2520 1414 2547 utrum
1434 2520 1467 2547 et
1481 2526 1545 2559 quo
1562 2521 1656 2558 pacto
1669 2516 1753 2548 inter

286 2587 321 2608 se
335 2575 526 2616 discrepent,
542 2571 708 2614 diligenter
722 2571 963 2603 consideremus.
986 2579 1050 2602 non
1065 2569 1148 2601 enim
1164 2570 1204 2600 de
1220 2569 1310 2601 rebus
1326 2569 1427 2611 parvis
1441 2569 1585 2602 instituta
1599 2570 1690 2602 nobis
1704 2574 1754 2602 est

288 2628 482 2671 disputatio:
505 2627 561 2658 sed
587 2626 628 2657 de
652 2626 716 2667 his,
737 2636 815 2668 quas
837 2629 870 2657 et
893 2623 972 2656 scire
994 2623 1235 2666 pulcherrimum
1257 2629 1306 2655 est
1328 2628 1361 2655 et
1382 2623 1502 2656 nescire
1527 2623 1753 2666 turpissimum.

290 2683 398 2725 Caput
417 2681 501 2713 enim
525 2685 558 2712 et
579 2690 699 2712 summa
719 2690 825 2712 eorum
848 2689 919 2722 quae
941 2678 1161 2721 perquirimus,
1183 2683 1231 2709 est
1255 2678 1304 2709 vel
1326 2688 1514 2720 cognoscere
1529 2677 1579 2710 vel
1602 2677 1757 2719 ignorare,

288 2737 360 2780 quis
375 2737 484 2767 beatus
499 2734 552 2776 sit,
566 2735 636 2777 quis
650 2734 753 2766 miser.
797 2733 958 2775 Principio
974 2733 1102 2775 quidem
1119 2732 1151 2763 in
1166 2731 1204 2764 iis
1218 2742 1289 2775 quae
1301 2731 1518 2775 perquirimus,
1533 2736 1568 2763 tu
1583 2730 1649 2763 fieri
1660 2742 1755 2773 posse

289 2790 461 2827 existimas,
476 2788 580 2831 utqui
604 2788 748 2830 injuriam
771 2788 849 2820 facit
868 2786 1067 2829 injustusque
1089 2791 1148 2824 est,
1163 2786 1204 2818 sit
1230 2787 1361 2818 beatus:
1384 2785 1538 2828 siquidem
1561 2783 1754 2818 Archelaum

290 2855 357 2877 esse
372 2842 499 2886 quidem
514 2841 665 2884 injustum
681 2842 852 2880 confiteris,
867 2842 922 2873 sed
938 2842 1075 2874 beatum.
1098 2841 1242 2884 nunquid
1258 2841 1304 2872 ita
1328 2845 1358 2872 te
1373 2839 1499 2883 opinari
1512 2838 1686 2871 existimare
1698 2840 1755 2873 de—

290 2898 423 2931 bemus?
468 2896 551 2929 Por„
575 2895 726 2928 Omnino.
770 2896 826 2930 So.
852 2896 920 2938 Ego
936 2907 1009 2928 vero
1029 2896 1064 2927 id
1080 2895 1144 2928 fieri
1168 2905 1232 2927 non
1259 2905 1352 2938 posse
1365 2893 1450 2926 dico.
1472 2903 1570 2925 unum
1586 2893 1680 2936 igitur
1694 2894 1756 2927 hoe

289 2958 338 2985 est
352 2952 393 2984 dc
407 2961 470 2995 quo
484 2949 682 2993 ambigimus.
727 2949 804 2982 Esto
820 2950 925 2992 igitur.
970 2949 1113 2992 injustus
1135 2954 1240 2982 autem
1257 2948 1368 2992 ‚eritne
1384 2947 1471 2987 felix,
1496 2947 1522 2981 si
1535 2955 1644 2991 poenas
1659 2946 1759 2990 iujus-
