<?xml version="1.0" encoding="UTF-8"?>
<!DOCTYPE html PUBLIC "-//W3C//DTD XHTML 1.0 Transitional//EN"
    "http://www.w3.org/TR/xhtml1/DTD/xhtml1-transitional.dtd">
<html xmlns="http://www.w3.org/1999/xhtml" xml:lang="en" lang="en">
 <head>
  <title>
</title>
<meta http-equiv="Content-Type" content="text/html;charset=utf-8" />
  <meta name='ocr-system' content='tesseract 3.04.00' />
  <meta name='ocr-capabilities' content='ocr_page ocr_carea ocr_par ocr_line ocrx_word'/>
</head>
<body>
  <div class='ocr_page' id='page_1' title='image "./platonisetquaeve10plat_0425.png"; bbox 0 0 1846 3268; ppageno 0'>
   <div class='ocr_carea' id='block_1_1' title="bbox 195 272 1656 324">
    <p class='ocr_par' dir='ltr' id='par_1_1' title="bbox 195 272 1656 324">
     <span class='ocr_line' id='line_1_1' title="bbox 195 272 1656 324; baseline 0.004 -12"><span class='ocrx_word' id='word_1_1' title='bbox 195 273 294 324; x_wconf 79' lang='lat'><strong>204]</strong></span> <span class='ocrx_word' id='word_1_2' title='bbox 758 272 1090 316; x_wconf 87' lang='lat' dir='ltr'><strong>CONVIVIUM.</strong></span> <span class='ocrx_word' id='word_1_3' title='bbox 1575 280 1656 318; x_wconf 83' lang='lat'><strong>415</strong></span> 
     </span>
    </p>
   </div>
   <div class='ocr_carea' id='block_1_2' title="bbox 178 377 1657 2417">
    <p class='ocr_par' dir='ltr' id='par_1_2' title="bbox 178 377 1657 2417">
     <span class='ocr_line' id='line_1_2' title="bbox 194 377 1657 419; baseline 0.004 -11"><span class='ocrx_word' id='word_1_4' title='bbox 194 382 228 408; x_wconf 84' lang='lat' dir='ltr'><strong>et</strong></span> <span class='ocrx_word' id='word_1_5' title='bbox 251 377 415 417; x_wconf 73' lang='lat' dir='ltr'><strong>sacrificia,</strong></span> <span class='ocrx_word' id='word_1_6' title='bbox 430 377 553 409; x_wconf 82' lang='lat' dir='ltr'><strong>illorum</strong></span> <span class='ocrx_word' id='word_1_7' title='bbox 567 381 724 419; x_wconf 81' lang='lat' dir='ltr'><strong>praecepta</strong></span> <span class='ocrx_word' id='word_1_8' title='bbox 749 387 914 419; x_wconf 76' lang='lat' dir='ltr'><strong>sacrosque</strong></span> <span class='ocrx_word' id='word_1_9' title='bbox 941 378 1107 415; x_wconf 61' lang='lat' dir='ltr'><strong>solemnes,</strong></span> <span class='ocrx_word' id='word_1_10' title='bbox 1126 377 1340 410; x_wconf 73' lang='lat' dir='ltr'><strong>institutiones</strong></span> <span class='ocrx_word' id='word_1_11' title='bbox 1363 383 1398 411; x_wconf 84' lang='lat' dir='ltr'><strong>et</strong></span> <span class='ocrx_word' id='word_1_12' title='bbox 1420 380 1572 414; x_wconf 78' lang='lat' dir='ltr'>ordinem.</span> <span class='ocrx_word' id='word_1_13' title='bbox 1618 382 1657 414; x_wconf 78' lang='lat' dir='ltr'><strong>In</strong></span> 
     </span>
     <span class='ocr_line' id='line_1_3' title="bbox 196 431 1654 476; baseline 0.003 -14"><span class='ocrx_word' id='word_1_14' title='bbox 196 436 329 474; x_wconf 89' lang='lat' dir='ltr'><strong>utroque</strong></span> <span class='ocrx_word' id='word_1_15' title='bbox 353 431 457 462; x_wconf 84' lang='lat' dir='ltr'><strong>medio</strong></span> <span class='ocrx_word' id='word_1_16' title='bbox 480 431 652 463; x_wconf 71' lang='lat' dir='ltr'><strong>constituta</strong></span> <span class='ocrx_word' id='word_1_17' title='bbox 677 435 777 469; x_wconf 88' lang='lat' dir='ltr'><strong>totum</strong></span> <span class='ocrx_word' id='word_1_18' title='bbox 803 432 953 473; x_wconf 87' lang='lat' dir='ltr'><strong>complet,</strong></span> <span class='ocrx_word' id='word_1_19' title='bbox 969 437 1005 463; x_wconf 84' lang='lat' dir='ltr'><strong>ut</strong></span> <span class='ocrx_word' id='word_1_20' title='bbox 1030 433 1204 464; x_wconf 83' lang='lat' dir='ltr'><strong>universum</strong></span> <span class='ocrx_word' id='word_1_21' title='bbox 1229 443 1334 464; x_wconf 84' lang='lat' dir='ltr'><strong>secum</strong></span> <span class='ocrx_word' id='word_1_22' title='bbox 1359 433 1429 476; x_wconf 85' lang='lat' dir='ltr'><strong>ipso</strong></span> <span class='ocrx_word' id='word_1_23' title='bbox 1450 435 1505 466; x_wconf 81' lang='lat' dir='ltr'><strong>tali</strong></span> <span class='ocrx_word' id='word_1_24' title='bbox 1530 436 1654 467; x_wconf 91' lang='lat' dir='ltr'><strong>vinculo</strong></span> 
     </span>
     <span class='ocr_line' id='line_1_4' title="bbox 196 484 1655 531; baseline 0.002 -15"><span class='ocrx_word' id='word_1_25' title='bbox 196 490 411 516; x_wconf 82' lang='lat' dir='ltr'><strong>connectatur.</strong></span> <span class='ocrx_word' id='word_1_26' title='bbox 435 485 533 526; x_wconf 80' lang='lat'><strong>[208]</strong></span> <span class='ocrx_word' id='word_1_27' title='bbox 556 484 618 515; x_wconf 92' lang='lat' dir='ltr'><strong>Per</strong></span> <span class='ocrx_word' id='word_1_28' title='bbox 636 485 717 517; x_wconf 82' lang='lat' dir='ltr'><strong>hanc</strong></span> <span class='ocrx_word' id='word_1_29' title='bbox 741 484 922 516; x_wconf 78' lang='lat' dir='ltr'><strong>vaticinium</strong></span> <span class='ocrx_word' id='word_1_30' title='bbox 946 496 1038 517; x_wconf 87' lang='lat' dir='ltr'><strong>omne</strong></span> <span class='ocrx_word' id='word_1_31' title='bbox 1063 486 1215 527; x_wconf 81' lang='lat' dir='ltr'>procedit,</span> <span class='ocrx_word' id='word_1_32' title='bbox 1242 487 1500 530; x_wconf 75' lang='lat' dir='ltr'><strong>sacerdotumque</strong></span> <span class='ocrx_word' id='word_1_33' title='bbox 1521 489 1655 531; x_wconf 86' lang='lat' dir='ltr'><strong>diligen-</strong></span> 
     </span>
     <span class='ocr_line' id='line_1_5' title="bbox 197 538 1654 581; baseline 0.002 -11"><span class='ocrx_word' id='word_1_34' title='bbox 197 538 243 570; x_wconf 81' lang='lat' dir='ltr'><strong>tia</strong></span> <span class='ocrx_word' id='word_1_35' title='bbox 281 539 363 570; x_wconf 73' lang='lat' dir='ltr'><strong>circa</strong></span> <span class='ocrx_word' id='word_1_36' title='bbox 387 538 538 571; x_wconf 72' lang='lat' dir='ltr'><strong>sacrificia</strong></span> <span class='ocrx_word' id='word_1_37' title='bbox 562 538 818 581; x_wconf 80' lang='lat' dir='ltr'><strong>expiatione-sque</strong></span> <span class='ocrx_word' id='word_1_38' title='bbox 851 544 884 570; x_wconf 88' lang='lat' dir='ltr'><strong>et</strong></span> <span class='ocrx_word' id='word_1_39' title='bbox 906 539 1135 571; x_wconf 74' lang='lat' dir='ltr'><strong>incantationes</strong></span> <span class='ocrx_word' id='word_1_40' title='bbox 1156 545 1190 571; x_wconf 86' lang='lat' dir='ltr'><strong>et</strong></span> <span class='ocrx_word' id='word_1_41' title='bbox 1211 540 1435 572; x_wconf 87' lang='lat' dir='ltr'><strong>divinationem</strong></span> <span class='ocrx_word' id='word_1_42' title='bbox 1458 551 1582 573; x_wconf 87' lang='lat' dir='ltr'><strong>omnem</strong></span> <span class='ocrx_word' id='word_1_43' title='bbox 1607 548 1654 573; x_wconf 84' lang='lat' dir='ltr'><strong>at-</strong></span> 
     </span>
     <span class='ocr_line' id='line_1_6' title="bbox 193 592 1654 635; baseline 0.002 -12"><span class='ocrx_word' id='word_1_44' title='bbox 193 602 256 634; x_wconf 88' lang='lat' dir='ltr'><strong>que</strong></span> <span class='ocrx_word' id='word_1_45' title='bbox 280 593 442 635; x_wconf 79' lang='lat' dir='ltr'><strong>magicam.</strong></span> <span class='ocrx_word' id='word_1_46' title='bbox 485 593 576 624; x_wconf 89' lang='lat' dir='ltr'><strong>Deus</strong></span> <span class='ocrx_word' id='word_1_47' title='bbox 605 593 732 635; x_wconf 87' lang='lat' dir='ltr'><strong>quidem</strong></span> <span class='ocrx_word' id='word_1_48' title='bbox 760 592 878 623; x_wconf 88' lang='lat' dir='ltr'><strong>homini</strong></span> <span class='ocrx_word' id='word_1_49' title='bbox 907 603 972 623; x_wconf 90' lang='lat' dir='ltr'><strong>non</strong></span> <span class='ocrx_word' id='word_1_50' title='bbox 997 592 1154 630; x_wconf 85' lang='lat' dir='ltr'><strong>miscetur,</strong></span> <span class='ocrx_word' id='word_1_51' title='bbox 1183 593 1237 624; x_wconf 85' lang='lat' dir='ltr'><strong>sed</strong></span> <span class='ocrx_word' id='word_1_52' title='bbox 1265 603 1320 634; x_wconf 84' lang='lat' dir='ltr'><strong>per</strong></span> <span class='ocrx_word' id='word_1_53' title='bbox 1342 594 1376 625; x_wconf 90' lang='lat' dir='ltr'><strong>id</strong></span> <span class='ocrx_word' id='word_1_54' title='bbox 1401 595 1538 625; x_wconf 85' lang='lat' dir='ltr'><strong>medium</strong></span> <span class='ocrx_word' id='word_1_55' title='bbox 1566 606 1654 627; x_wconf 89' lang='lat' dir='ltr'><strong>com-</strong></span> 
     </span>
     <span class='ocr_line' id='line_1_7' title="bbox 193 645 1653 689; baseline 0.002 -13"><span class='ocrx_word' id='word_1_56' title='bbox 193 645 340 677; x_wconf 72' lang='lat' dir='ltr'><strong>mercium</strong></span> <span class='ocrx_word' id='word_1_57' title='bbox 368 657 461 678; x_wconf 87' lang='lat' dir='ltr'><strong>omne</strong></span> <span class='ocrx_word' id='word_1_58' title='bbox 476 651 571 689; x_wconf 88' lang='lat' dir='ltr'><strong>atque</strong></span> <span class='ocrx_word' id='word_1_59' title='bbox 585 646 777 688; x_wconf 85' lang='lat' dir='ltr'><strong>colloquium</strong></span> <span class='ocrx_word' id='word_1_60' title='bbox 791 646 872 677; x_wconf 90' lang='lat' dir='ltr'><strong>inter</strong></span> <span class='ocrx_word' id='word_1_61' title='bbox 887 645 975 677; x_wconf 89' lang='lat' dir='ltr'><strong>Deos</strong></span> <span class='ocrx_word' id='word_1_62' title='bbox 989 646 1192 687; x_wconf 82' lang='lat' dir='ltr'><strong>hominesque</strong></span> <span class='ocrx_word' id='word_1_63' title='bbox 1213 646 1390 684; x_wconf 85' lang='lat' dir='ltr'><strong>conficitur,</strong></span> <span class='ocrx_word' id='word_1_64' title='bbox 1406 652 1440 679; x_wconf 90' lang='lat' dir='ltr'><strong>et</strong></span> <span class='ocrx_word' id='word_1_65' title='bbox 1453 647 1653 689; x_wconf 80' lang='lat' dir='ltr'><strong>vigilantibus</strong></span> 
     </span>
     <span class='ocr_line' id='line_1_8' title="bbox 192 699 1654 742; baseline 0.002 -12"><span class='ocrx_word' id='word_1_66' title='bbox 192 699 283 731; x_wconf 82' lang='lat' dir='ltr'><strong>nobis</strong></span> <span class='ocrx_word' id='word_1_67' title='bbox 297 704 330 731; x_wconf 84' lang='lat' dir='ltr'><strong>et</strong></span> <span class='ocrx_word' id='word_1_68' title='bbox 343 700 579 733; x_wconf 78' lang='lat' dir='ltr'><strong>dormientibus.</strong></span> <span class='ocrx_word' id='word_1_69' title='bbox 624 700 814 742; x_wconf 84' lang='lat' dir='ltr'><strong>Quicunque</strong></span> <span class='ocrx_word' id='word_1_70' title='bbox 829 700 936 730; x_wconf 86' lang='lat' dir='ltr'><strong>harum</strong></span> <span class='ocrx_word' id='word_1_71' title='bbox 952 710 1051 731; x_wconf 90' lang='lat' dir='ltr'><strong>rerum</strong></span> <span class='ocrx_word' id='word_1_72' title='bbox 1067 700 1184 741; x_wconf 87' lang='lat' dir='ltr'><strong>peritus</strong></span> <span class='ocrx_word' id='word_1_73' title='bbox 1199 705 1258 737; x_wconf 86' lang='lat' dir='ltr'><strong>est,</strong></span> <span class='ocrx_word' id='word_1_74' title='bbox 1273 701 1458 738; x_wconf 73' lang='lat' dir='ltr'><strong>daemonius,</strong></span> <span class='ocrx_word' id='word_1_75' title='bbox 1473 701 1507 732; x_wconf 87' lang='lat' dir='ltr'><strong>id</strong></span> <span class='ocrx_word' id='word_1_76' title='bbox 1521 706 1569 733; x_wconf 81' lang='lat' dir='ltr'><strong>est</strong></span> <span class='ocrx_word' id='word_1_77' title='bbox 1581 702 1654 733; x_wconf 80' lang='lat' dir='ltr'><strong>felix</strong></span> 
     </span>
     <span class='ocr_line' id='line_1_9' title="bbox 192 752 1652 796; baseline 0.002 -12"><span class='ocrx_word' id='word_1_78' title='bbox 192 752 241 784; x_wconf 84' lang='lat' dir='ltr'><strong>vir</strong></span> <span class='ocrx_word' id='word_1_79' title='bbox 252 761 287 785; x_wconf 85' lang='lat' dir='ltr'><strong>et</strong></span> <span class='ocrx_word' id='word_1_80' title='bbox 297 753 423 795; x_wconf 80' lang='lat' dir='ltr'><strong>sapiens</strong></span> <span class='ocrx_word' id='word_1_81' title='bbox 438 760 657 796; x_wconf 83' lang='lat' dir='ltr'><strong>nuncupatur:</strong></span> <span class='ocrx_word' id='word_1_82' title='bbox 681 754 736 796; x_wconf 84' lang='lat' dir='ltr'><strong>qui</strong></span> <span class='ocrx_word' id='word_1_83' title='bbox 753 764 822 785; x_wconf 88' lang='lat' dir='ltr'><strong>vero</strong></span> <span class='ocrx_word' id='word_1_84' title='bbox 836 753 913 784; x_wconf 78' lang='lat' dir='ltr'><strong>alias</strong></span> <span class='ocrx_word' id='word_1_85' title='bbox 927 758 1006 784; x_wconf 80' lang='lat' dir='ltr'><strong>artes</strong></span> <span class='ocrx_word' id='word_1_86' title='bbox 1021 758 1054 784; x_wconf 90' lang='lat' dir='ltr'><strong>et</strong></span> <span class='ocrx_word' id='word_1_87' title='bbox 1067 753 1242 790; x_wconf 78' lang='lat' dir='ltr'><strong>facultates,</strong></span> <span class='ocrx_word' id='word_1_88' title='bbox 1258 764 1329 795; x_wconf 87' lang='lat' dir='ltr'><strong>quae</strong></span> <span class='ocrx_word' id='word_1_89' title='bbox 1355 755 1499 786; x_wconf 83' lang='lat' dir='ltr'><strong>manibus</strong></span> <span class='ocrx_word' id='word_1_90' title='bbox 1520 755 1652 796; x_wconf 87' lang='lat' dir='ltr'><strong>explen-</strong></span> 
     </span>
     <span class='ocr_line' id='line_1_10' title="bbox 193 807 1654 849; baseline 0.003 -12"><span class='ocrx_word' id='word_1_91' title='bbox 193 811 253 844; x_wconf 84' lang='lat' dir='ltr'><strong>tur,</strong></span> <span class='ocrx_word' id='word_1_92' title='bbox 267 807 396 845; x_wconf 70' lang='lat' dir='ltr'><strong>callent,</strong></span> <span class='ocrx_word' id='word_1_93' title='bbox 413 809 592 840; x_wconf 79' lang='lat' dir='ltr'><strong>mercenarii</strong></span> <span class='ocrx_word' id='word_1_94' title='bbox 608 808 819 839; x_wconf 83' lang='lat' dir='ltr'><strong>nominantur.</strong></span> <span class='ocrx_word' id='word_1_95' title='bbox 862 807 1030 838; x_wconf 79' lang='lat' dir='ltr'><strong>Enimvero</strong></span> <span class='ocrx_word' id='word_1_96' title='bbox 1048 807 1080 838; x_wconf 91' lang='lat' dir='ltr'><strong>hi</strong></span> <span class='ocrx_word' id='word_1_97' title='bbox 1095 808 1254 839; x_wconf 88' lang='lat' dir='ltr'><strong>daemones</strong></span> <span class='ocrx_word' id='word_1_98' title='bbox 1270 808 1360 838; x_wconf 90' lang='lat' dir='ltr'><strong>multi</strong></span> <span class='ocrx_word' id='word_1_99' title='bbox 1375 812 1470 849; x_wconf 83' lang='lat' dir='ltr'><strong>atque</strong></span> <span class='ocrx_word' id='word_1_100' title='bbox 1481 809 1556 839; x_wconf 86' lang='lat' dir='ltr'><strong>varii</strong></span> <span class='ocrx_word' id='word_1_101' title='bbox 1571 814 1654 841; x_wconf 85' lang='lat' dir='ltr'><strong>sunt.</strong></span> 
     </span>
     <span class='ocr_line' id='line_1_11' title="bbox 192 860 1653 904; baseline 0.001 -12"><span class='ocrx_word' id='word_1_102' title='bbox 192 871 231 892; x_wconf 75' lang='lat' dir='ltr'><strong>ex</strong></span> <span class='ocrx_word' id='word_1_103' title='bbox 246 861 294 892; x_wconf 83' lang='lat' dir='ltr'><strong>his</strong></span> <span class='ocrx_word' id='word_1_104' title='bbox 309 872 389 893; x_wconf 88' lang='lat' dir='ltr'><strong>uuus</strong></span> <span class='ocrx_word' id='word_1_105' title='bbox 403 867 450 893; x_wconf 90' lang='lat' dir='ltr'><strong>est</strong></span> <span class='ocrx_word' id='word_1_106' title='bbox 465 861 575 895; x_wconf 90' lang='lat' dir='ltr'><strong>Amor.</strong></span> <span class='ocrx_word' id='word_1_107' title='bbox 620 863 674 894; x_wconf 88' lang='lat' dir='ltr'><strong>So.</strong></span> <span class='ocrx_word' id='word_1_108' title='bbox 697 862 834 899; x_wconf 83' lang='lat' dir='ltr'><strong>Quinam</strong></span> <span class='ocrx_word' id='word_1_109' title='bbox 851 866 994 902; x_wconf 84' lang='lat' dir='ltr'><strong>parentes</strong></span> <span class='ocrx_word' id='word_1_110' title='bbox 1011 860 1160 893; x_wconf 87' lang='lat' dir='ltr'><strong>Amoris?</strong></span> <span class='ocrx_word' id='word_1_111' title='bbox 1207 861 1288 892; x_wconf 82' lang='lat' dir='ltr'><strong>Dro-</strong></span> <span class='ocrx_word' id='word_1_112' title='bbox 1311 861 1462 899; x_wconf 82' lang='lat' dir='ltr'><strong>Quamvis</strong></span> <span class='ocrx_word' id='word_1_113' title='bbox 1477 863 1565 894; x_wconf 88' lang='lat' dir='ltr'><strong>dictu</strong></span> <span class='ocrx_word' id='word_1_114' title='bbox 1582 873 1653 904; x_wconf 88' lang='lat' dir='ltr'><strong>pro-</strong></span> 
     </span>
     <span class='ocr_line' id='line_1_12' title="bbox 194 913 1653 957; baseline 0.002 -12"><span class='ocrx_word' id='word_1_115' title='bbox 194 914 290 946; x_wconf 86' lang='lat' dir='ltr'><strong>lixum</strong></span> <span class='ocrx_word' id='word_1_116' title='bbox 305 913 358 953; x_wconf 89' lang='lat' dir='ltr'><strong>sit,</strong></span> <span class='ocrx_word' id='word_1_117' title='bbox 371 925 527 957; x_wconf 82' lang='lat' dir='ltr'><strong>exponam</strong></span> <span class='ocrx_word' id='word_1_118' title='bbox 543 921 659 947; x_wconf 77' lang='lat' dir='ltr'><strong>tamen.</strong></span> <span class='ocrx_word' id='word_1_119' title='bbox 703 917 841 954; x_wconf 79' lang='lat' dir='ltr'><strong>Quando</strong></span> <span class='ocrx_word' id='word_1_120' title='bbox 857 922 930 948; x_wconf 84' lang='lat' dir='ltr'><strong>nata</strong></span> <span class='ocrx_word' id='word_1_121' title='bbox 945 921 993 948; x_wconf 86' lang='lat' dir='ltr'><strong>est</strong></span> <span class='ocrx_word' id='word_1_122' title='bbox 1008 915 1130 953; x_wconf 83' lang='lat' dir='ltr'><strong>Venus,</strong></span> <span class='ocrx_word' id='word_1_123' title='bbox 1147 921 1253 957; x_wconf 76' lang='lat' dir='ltr'><strong>parato</strong></span> <span class='ocrx_word' id='word_1_124' title='bbox 1269 916 1413 947; x_wconf 87' lang='lat' dir='ltr'><strong>convivio</strong></span> <span class='ocrx_word' id='word_1_125' title='bbox 1428 916 1653 950; x_wconf 83' lang='lat' dir='ltr'><strong>discubuerunt</strong></span> 
     </span>
     <span class='ocr_line' id='line_1_13' title="bbox 194 967 1653 1013; baseline 0.002 -13"><span class='ocrx_word' id='word_1_126' title='bbox 194 967 252 1000; x_wconf 85' lang='lat' dir='ltr'><strong>Dii</strong></span> <span class='ocrx_word' id='word_1_127' title='bbox 262 969 371 1011; x_wconf 82' lang='lat' dir='ltr'><strong>ceteri,</strong></span> <span class='ocrx_word' id='word_1_128' title='bbox 384 975 419 1001; x_wconf 86' lang='lat' dir='ltr'><strong>et</strong></span> <span class='ocrx_word' id='word_1_129' title='bbox 438 970 584 1013; x_wconf 71' lang='lat' dir='ltr'><strong>Mefidis,</strong></span> <span class='ocrx_word' id='word_1_130' title='bbox 599 970 632 1001; x_wconf 89' lang='lat' dir='ltr'><strong>id</strong></span> <span class='ocrx_word' id='word_1_131' title='bbox 652 975 702 1002; x_wconf 89' lang='lat' dir='ltr'><strong>est</strong></span> <span class='ocrx_word' id='word_1_132' title='bbox 723 971 858 1008; x_wconf 88' lang='lat' dir='ltr'><strong>consilii,</strong></span> <span class='ocrx_word' id='word_1_133' title='bbox 880 971 962 1002; x_wconf 86' lang='lat' dir='ltr'><strong>filius</strong></span> <span class='ocrx_word' id='word_1_134' title='bbox 985 970 1096 1007; x_wconf 85' lang='lat' dir='ltr'><strong>Porus,</strong></span> <span class='ocrx_word' id='word_1_135' title='bbox 1111 969 1144 1000; x_wconf 88' lang='lat' dir='ltr'><strong>id</strong></span> <span class='ocrx_word' id='word_1_136' title='bbox 1167 975 1215 1000; x_wconf 87' lang='lat' dir='ltr'><strong>est</strong></span> <span class='ocrx_word' id='word_1_137' title='bbox 1239 969 1405 1001; x_wconf 85' lang='lat' dir='ltr'><strong>affluentiae</strong></span> <span class='ocrx_word' id='word_1_138' title='bbox 1425 969 1525 1002; x_wconf 88' lang='lat' dir='ltr'><strong>Deus.</strong></span> <span class='ocrx_word' id='word_1_139' title='bbox 1570 971 1653 1003; x_wconf 86' lang='lat' dir='ltr'><strong>Cum</strong></span> 
     </span>
     <span class='ocr_line' id='line_1_14' title="bbox 191 1023 1650 1068; baseline 0.001 -14"><span class='ocrx_word' id='word_1_140' title='bbox 191 1023 307 1054; x_wconf 74' lang='lat' dir='ltr'><strong>coenati</strong></span> <span class='ocrx_word' id='word_1_141' title='bbox 329 1029 444 1061; x_wconf 85' lang='lat' dir='ltr'><strong>essent.</strong></span> <span class='ocrx_word' id='word_1_142' title='bbox 469 1024 579 1062; x_wconf 88' lang='lat' dir='ltr'><strong>Penia,</strong></span> <span class='ocrx_word' id='word_1_143' title='bbox 605 1024 639 1056; x_wconf 90' lang='lat' dir='ltr'><strong>id</strong></span> <span class='ocrx_word' id='word_1_144' title='bbox 664 1030 715 1056; x_wconf 87' lang='lat' dir='ltr'><strong>est</strong></span> <span class='ocrx_word' id='word_1_145' title='bbox 739 1025 924 1068; x_wconf 80' lang='lat' dir='ltr'><strong>Paupertas,</strong></span> <span class='ocrx_word' id='word_1_146' title='bbox 949 1024 1162 1056; x_wconf 73' lang='lat' dir='ltr'><strong>mendicatum</strong></span> <span class='ocrx_word' id='word_1_147' title='bbox 1186 1024 1304 1064; x_wconf 87' lang='lat' dir='ltr'><strong>cibum,</strong></span> <span class='ocrx_word' id='word_1_148' title='bbox 1327 1029 1437 1066; x_wconf 84' lang='lat' dir='ltr'><strong>utpote</strong></span> <span class='ocrx_word' id='word_1_149' title='bbox 1460 1025 1562 1066; x_wconf 89' lang='lat' dir='ltr'><strong>epulis</strong></span> <span class='ocrx_word' id='word_1_150' title='bbox 1585 1025 1650 1057; x_wconf 88' lang='lat' dir='ltr'><strong>illic</strong></span> 
     </span>
     <span class='ocr_line' id='line_1_15' title="bbox 193 1077 1651 1118; baseline 0.002 -11"><span class='ocrx_word' id='word_1_151' title='bbox 193 1077 439 1115; x_wconf 74' lang='lat' dir='ltr'><strong>abundantibus,</strong></span> <span class='ocrx_word' id='word_1_152' title='bbox 468 1078 553 1109; x_wconf 87' lang='lat' dir='ltr'><strong>venit</strong></span> <span class='ocrx_word' id='word_1_153' title='bbox 574 1083 608 1110; x_wconf 87' lang='lat' dir='ltr'><strong>et</strong></span> <span class='ocrx_word' id='word_1_154' title='bbox 632 1079 714 1111; x_wconf 74' lang='lat' dir='ltr'><strong>circa</strong></span> <span class='ocrx_word' id='word_1_155' title='bbox 738 1079 819 1111; x_wconf 80' lang='lat' dir='ltr'><strong>fores</strong></span> <span class='ocrx_word' id='word_1_156' title='bbox 846 1079 1075 1110; x_wconf 80' lang='lat' dir='ltr'><strong>obversabatur.</strong></span> <span class='ocrx_word' id='word_1_157' title='bbox 1121 1077 1221 1109; x_wconf 88' lang='lat' dir='ltr'><strong>Porus</strong></span> <span class='ocrx_word' id='word_1_158' title='bbox 1249 1077 1376 1118; x_wconf 86' lang='lat' dir='ltr'><strong>quidem</strong></span> <span class='ocrx_word' id='word_1_159' title='bbox 1399 1082 1525 1109; x_wconf 79' lang='lat' dir='ltr'><strong>nectare</strong></span> <span class='ocrx_word' id='word_1_160' title='bbox 1547 1078 1651 1110; x_wconf 87' lang='lat' dir='ltr'><strong>ebrius</strong></span> 
     </span>
     <span class='ocr_line' id='line_1_16' title="bbox 190 1130 1651 1174; baseline 0.001 -13"><span class='ocrx_word' id='word_1_161' title='bbox 190 1130 316 1172; x_wconf 85' lang='lat' dir='ltr'><strong>(vinum</strong></span> <span class='ocrx_word' id='word_1_162' title='bbox 331 1141 466 1172; x_wconf 84' lang='lat' dir='ltr'><strong>namque</strong></span> <span class='ocrx_word' id='word_1_163' title='bbox 480 1133 620 1163; x_wconf 89' lang='lat' dir='ltr'><strong>nondum</strong></span> <span class='ocrx_word' id='word_1_164' title='bbox 634 1133 717 1174; x_wconf 88' lang='lat' dir='ltr'><strong>erat)</strong></span> <span class='ocrx_word' id='word_1_165' title='bbox 731 1132 751 1165; x_wconf 89' lang='lat' dir='ltr'>J</span> <span class='ocrx_word' id='word_1_166' title='bbox 755 1133 820 1164; x_wconf 90' lang='lat' dir='ltr'><strong>ovis</strong></span> <span class='ocrx_word' id='word_1_167' title='bbox 835 1134 956 1164; x_wconf 88' lang='lat' dir='ltr'><strong>hortum</strong></span> <span class='ocrx_word' id='word_1_168' title='bbox 976 1132 1133 1174; x_wconf 86' lang='lat' dir='ltr'><strong>ingressus</strong></span> <span class='ocrx_word' id='word_1_169' title='bbox 1157 1136 1216 1171; x_wconf 85' lang='lat' dir='ltr'><strong>est,</strong></span> <span class='ocrx_word' id='word_1_170' title='bbox 1230 1138 1263 1162; x_wconf 85' lang='lat' dir='ltr'><strong>et</strong></span> <span class='ocrx_word' id='word_1_171' title='bbox 1285 1141 1393 1162; x_wconf 90' lang='lat' dir='ltr'><strong>somno</strong></span> <span class='ocrx_word' id='word_1_172' title='bbox 1414 1137 1556 1173; x_wconf 85' lang='lat' dir='ltr'><strong>gravatus</strong></span> <span class='ocrx_word' id='word_1_173' title='bbox 1579 1133 1651 1163; x_wconf 92' lang='lat' dir='ltr'><strong>dor-</strong></span> 
     </span>
     <span class='ocr_line' id='line_1_17' title="bbox 192 1183 1650 1228; baseline 0.002 -14"><span class='ocrx_word' id='word_1_174' title='bbox 192 1183 319 1216; x_wconf 81' lang='lat' dir='ltr'><strong>miebat.</strong></span> <span class='ocrx_word' id='word_1_175' title='bbox 364 1185 463 1216; x_wconf 86' lang='lat' dir='ltr'><strong>Penia</strong></span> <span class='ocrx_word' id='word_1_176' title='bbox 479 1195 563 1224; x_wconf 76' lang='lat' dir='ltr'><strong>vero,</strong></span> <span class='ocrx_word' id='word_1_177' title='bbox 579 1187 687 1228; x_wconf 79' lang='lat' dir='ltr'><strong>inopia</strong></span> <span class='ocrx_word' id='word_1_178' title='bbox 701 1187 875 1228; x_wconf 78' lang='lat' dir='ltr'><strong>compulsa,</strong></span> <span class='ocrx_word' id='word_1_179' title='bbox 889 1197 953 1228; x_wconf 87' lang='lat' dir='ltr'><strong>quo</strong></span> <span class='ocrx_word' id='word_1_180' title='bbox 979 1192 1070 1228; x_wconf 84' lang='lat' dir='ltr'><strong>pacto</strong></span> <span class='ocrx_word' id='word_1_181' title='bbox 1092 1185 1190 1216; x_wconf 85' lang='lat' dir='ltr'><strong>filium</strong></span> <span class='ocrx_word' id='word_1_182' title='bbox 1214 1185 1303 1227; x_wconf 86' lang='lat' dir='ltr'><strong>quasi</strong></span> <span class='ocrx_word' id='word_1_183' title='bbox 1325 1185 1512 1227; x_wconf 85' lang='lat' dir='ltr'><strong>quibusdam</strong></span> <span class='ocrx_word' id='word_1_184' title='bbox 1526 1185 1650 1217; x_wconf 84' lang='lat' dir='ltr'><strong>insidiis</strong></span> 
     </span>
     <span class='ocr_line' id='line_1_18' title="bbox 189 1237 1648 1282; baseline 0.001 -13"><span class='ocrx_word' id='word_1_185' title='bbox 189 1248 227 1269; x_wconf 78' lang='lat' dir='ltr'><strong>ex</strong></span> <span class='ocrx_word' id='word_1_186' title='bbox 244 1237 327 1269; x_wconf 89' lang='lat' dir='ltr'><strong>Poro</strong></span> <span class='ocrx_word' id='word_1_187' title='bbox 352 1239 543 1281; x_wconf 80' lang='lat' dir='ltr'><strong>conciperet,</strong></span> <span class='ocrx_word' id='word_1_188' title='bbox 555 1240 757 1282; x_wconf 83' lang='lat' dir='ltr'><strong>excogitavit.</strong></span> <span class='ocrx_word' id='word_1_189' title='bbox 781 1250 874 1282; x_wconf 84' lang='lat' dir='ltr'><strong>quare</strong></span> <span class='ocrx_word' id='word_1_190' title='bbox 885 1239 979 1282; x_wconf 81' lang='lat' dir='ltr'><strong>juxta</strong></span> <span class='ocrx_word' id='word_1_191' title='bbox 993 1239 1082 1270; x_wconf 88' lang='lat' dir='ltr'><strong>illurn</strong></span> <span class='ocrx_word' id='word_1_192' title='bbox 1098 1239 1256 1276; x_wconf 87' lang='lat' dir='ltr'><strong>accubuit,</strong></span> <span class='ocrx_word' id='word_1_193' title='bbox 1267 1238 1477 1281; x_wconf 85' lang='lat' dir='ltr'><strong>Amoremque</strong></span> <span class='ocrx_word' id='word_1_194' title='bbox 1489 1240 1648 1281; x_wconf 80' lang='lat' dir='ltr'><strong>concepit.</strong></span> 
     </span>
     <span class='ocr_line' id='line_1_19' title="bbox 189 1292 1648 1336; baseline 0.001 -14"><span class='ocrx_word' id='word_1_195' title='bbox 189 1292 274 1323; x_wconf 87' lang='lat' dir='ltr'><strong>unde</strong></span> <span class='ocrx_word' id='word_1_196' title='bbox 289 1297 380 1324; x_wconf 77' lang='lat' dir='ltr'><strong>natus</strong></span> <span class='ocrx_word' id='word_1_197' title='bbox 394 1299 442 1325; x_wconf 85' lang='lat' dir='ltr'><strong>est</strong></span> <span class='ocrx_word' id='word_1_198' title='bbox 455 1292 565 1332; x_wconf 85' lang='lat' dir='ltr'><strong>Amor,</strong></span> <span class='ocrx_word' id='word_1_199' title='bbox 579 1299 714 1326; x_wconf 77' lang='lat' dir='ltr'><strong>sectator</strong></span> <span class='ocrx_word' id='word_1_200' title='bbox 728 1295 892 1336; x_wconf 86' lang='lat' dir='ltr'><strong>cultorque</strong></span> <span class='ocrx_word' id='word_1_201' title='bbox 908 1294 1054 1334; x_wconf 76' lang='lat' dir='ltr'><strong>Veneris,</strong></span> <span class='ocrx_word' id='word_1_202' title='bbox 1071 1299 1234 1335; x_wconf 83' lang='lat' dir='ltr'><strong>propterea</strong></span> <span class='ocrx_word' id='word_1_203' title='bbox 1252 1294 1338 1336; x_wconf 82' lang='lat' dir='ltr'><strong>quod</strong></span> <span class='ocrx_word' id='word_1_204' title='bbox 1362 1293 1394 1324; x_wconf 89' lang='lat' dir='ltr'><strong>in</strong></span> <span class='ocrx_word' id='word_1_205' title='bbox 1411 1293 1545 1324; x_wconf 79' lang='lat' dir='ltr'><strong>Veneris</strong></span> <span class='ocrx_word' id='word_1_206' title='bbox 1559 1300 1648 1325; x_wconf 85' lang='lat' dir='ltr'><strong>nata-</strong></span> 
     </span>
     <span class='ocr_line' id='line_1_20' title="bbox 188 1344 1647 1389; baseline 0.003 -14"><span class='ocrx_word' id='word_1_207' title='bbox 188 1344 270 1376; x_wconf 87' lang='lat' dir='ltr'><strong>libus</strong></span> <span class='ocrx_word' id='word_1_208' title='bbox 285 1351 333 1377; x_wconf 85' lang='lat' dir='ltr'><strong>est</strong></span> <span class='ocrx_word' id='word_1_209' title='bbox 346 1347 539 1388; x_wconf 78' lang='lat' dir='ltr'><strong>progenitus.</strong></span> <span class='ocrx_word' id='word_1_210' title='bbox 562 1348 638 1389; x_wconf 87' lang='lat' dir='ltr'><strong>quin</strong></span> <span class='ocrx_word' id='word_1_211' title='bbox 652 1348 746 1379; x_wconf 85' lang='lat' dir='ltr'><strong>etiam</strong></span> <span class='ocrx_word' id='word_1_212' title='bbox 763 1354 872 1379; x_wconf 78' lang='lat' dir='ltr'><strong>natura</strong></span> <span class='ocrx_word' id='word_1_213' title='bbox 896 1348 1017 1389; x_wconf 81' lang='lat' dir='ltr'><strong>pulchri</strong></span> <span class='ocrx_word' id='word_1_214' title='bbox 1039 1346 1197 1378; x_wconf 86' lang='lat' dir='ltr'><strong>desiderio</strong></span> <span class='ocrx_word' id='word_1_215' title='bbox 1209 1347 1346 1388; x_wconf 88' lang='lat' dir='ltr'><strong>capitur,</strong></span> <span class='ocrx_word' id='word_1_216' title='bbox 1365 1357 1435 1378; x_wconf 91' lang='lat' dir='ltr'><strong>cum</strong></span> <span class='ocrx_word' id='word_1_217' title='bbox 1452 1347 1562 1378; x_wconf 83' lang='lat' dir='ltr'><strong>Venus</strong></span> <span class='ocrx_word' id='word_1_218' title='bbox 1575 1347 1647 1388; x_wconf 74' lang='lat' dir='ltr'><strong>ipsa</strong></span> 
     </span>
     <span class='ocr_line' id='line_1_21' title="bbox 185 1398 1646 1442; baseline 0.003 -14"><span class='ocrx_word' id='word_1_219' title='bbox 185 1398 226 1429; x_wconf 78' lang='lat' dir='ltr'><strong>sit</strong></span> <span class='ocrx_word' id='word_1_220' title='bbox 239 1399 379 1440; x_wconf 83' lang='lat' dir='ltr'><strong>pulchra.</strong></span> <span class='ocrx_word' id='word_1_221' title='bbox 426 1401 583 1438; x_wconf 85' lang='lat' dir='ltr'><strong>Quoniam</strong></span> <span class='ocrx_word' id='word_1_222' title='bbox 598 1412 670 1432; x_wconf 90' lang='lat' dir='ltr'><strong>vero</strong></span> <span class='ocrx_word' id='word_1_223' title='bbox 686 1402 759 1433; x_wconf 87' lang='lat' dir='ltr'><strong>Pori</strong></span> <span class='ocrx_word' id='word_1_224' title='bbox 779 1411 815 1432; x_wconf 90' lang='lat' dir='ltr'><strong>ac</strong></span> <span class='ocrx_word' id='word_1_225' title='bbox 831 1401 939 1433; x_wconf 83' lang='lat' dir='ltr'><strong>Peniae</strong></span> <span class='ocrx_word' id='word_1_226' title='bbox 955 1401 1052 1432; x_wconf 86' lang='lat' dir='ltr'><strong>Amor</strong></span> <span class='ocrx_word' id='word_1_227' title='bbox 1067 1406 1115 1432; x_wconf 89' lang='lat' dir='ltr'><strong>est</strong></span> <span class='ocrx_word' id='word_1_228' title='bbox 1131 1401 1227 1441; x_wconf 83' lang='lat' dir='ltr'><strong>filius,</strong></span> <span class='ocrx_word' id='word_1_229' title='bbox 1244 1407 1358 1431; x_wconf 83' lang='lat' dir='ltr'><strong>sortem</strong></span> <span class='ocrx_word' id='word_1_230' title='bbox 1375 1399 1554 1442; x_wconf 86' lang='lat' dir='ltr'><strong>hujusmodi</strong></span> <span class='ocrx_word' id='word_1_231' title='bbox 1571 1412 1646 1433; x_wconf 91' lang='lat' dir='ltr'><strong>nac·</strong></span> 
     </span>
     <span class='ocr_line' id='line_1_22' title="bbox 186 1453 1648 1498; baseline 0.003 -16"><span class='ocrx_word' id='word_1_232' title='bbox 186 1456 237 1483; x_wconf 83' lang='lat' dir='ltr'><strong>tus</strong></span> <span class='ocrx_word' id='word_1_233' title='bbox 251 1458 310 1484; x_wconf 83' lang='lat' dir='ltr'><strong>cst.</strong></span> <span class='ocrx_word' id='word_1_234' title='bbox 331 1453 486 1495; x_wconf 83' lang='lat' dir='ltr'><strong>principio</strong></span> <span class='ocrx_word' id='word_1_235' title='bbox 501 1455 606 1486; x_wconf 76' lang='lat' dir='ltr'><strong>aridus</strong></span> <span class='ocrx_word' id='word_1_236' title='bbox 621 1461 668 1487; x_wconf 89' lang='lat' dir='ltr'><strong>est</strong></span> <span class='ocrx_word' id='word_1_237' title='bbox 682 1461 714 1486; x_wconf 90' lang='lat' dir='ltr'><strong>et</strong></span> <span class='ocrx_word' id='word_1_238' title='bbox 728 1456 902 1497; x_wconf 81' lang='lat' dir='ltr'><strong>squalidus,</strong></span> <span class='ocrx_word' id='word_1_239' title='bbox 916 1455 1009 1486; x_wconf 85' lang='lat' dir='ltr'><strong>nudis</strong></span> <span class='ocrx_word' id='word_1_240' title='bbox 1033 1456 1180 1498; x_wconf 84' lang='lat' dir='ltr'><strong>pedibus,</strong></span> <span class='ocrx_word' id='word_1_241' title='bbox 1192 1465 1315 1496; x_wconf 84' lang='lat' dir='ltr'><strong>semper</strong></span> <span class='ocrx_word' id='word_1_242' title='bbox 1337 1454 1423 1486; x_wconf 87' lang='lat' dir='ltr'><strong>humi</strong></span> <span class='ocrx_word' id='word_1_243' title='bbox 1436 1455 1556 1492; x_wconf 82' lang='lat' dir='ltr'><strong>volans,</strong></span> <span class='ocrx_word' id='word_1_244' title='bbox 1580 1455 1648 1487; x_wconf 81' lang='lat' dir='ltr'><strong>sine</strong></span> 
     </span>
     <span class='ocr_line' id='line_1_23' title="bbox 186 1505 1647 1552; baseline 0.002 -16"><span class='ocrx_word' id='word_1_245' title='bbox 186 1505 362 1545; x_wconf 84' lang='lat' dir='ltr'><strong>domicilio,</strong></span> <span class='ocrx_word' id='word_1_246' title='bbox 378 1507 446 1540; x_wconf 86' lang='lat' dir='ltr'><strong>sine</strong></span> <span class='ocrx_word' id='word_1_247' title='bbox 460 1508 636 1541; x_wconf 83' lang='lat' dir='ltr'><strong>stramentis</strong></span> <span class='ocrx_word' id='word_1_248' title='bbox 650 1515 684 1541; x_wconf 91' lang='lat' dir='ltr'><strong>et</strong></span> <span class='ocrx_word' id='word_1_249' title='bbox 701 1510 839 1552; x_wconf 84' lang='lat' dir='ltr'><strong>tegmine</strong></span> <span class='ocrx_word' id='word_1_250' title='bbox 853 1509 932 1551; x_wconf 89' lang='lat' dir='ltr'><strong>ullo,</strong></span> <span class='ocrx_word' id='word_1_251' title='bbox 946 1511 987 1540; x_wconf 78' lang='lat' dir='ltr'><strong>ad</strong></span> <span class='ocrx_word' id='word_1_252' title='bbox 1000 1510 1082 1541; x_wconf 83' lang='lat' dir='ltr'><strong>fores</strong></span> <span class='ocrx_word' id='word_1_253' title='bbox 1097 1509 1130 1540; x_wconf 88' lang='lat' dir='ltr'><strong>in</strong></span> <span class='ocrx_word' id='word_1_254' title='bbox 1146 1509 1197 1541; x_wconf 84' lang='lat' dir='ltr'><strong>via</strong></span> <span class='ocrx_word' id='word_1_255' title='bbox 1212 1510 1270 1540; x_wconf 88' lang='lat' dir='ltr'><strong>sub</strong></span> <span class='ocrx_word' id='word_1_256' title='bbox 1285 1509 1359 1540; x_wconf 89' lang='lat' dir='ltr'><strong>divo</strong></span> <span class='ocrx_word' id='word_1_257' title='bbox 1374 1508 1542 1549; x_wconf 84' lang='lat' dir='ltr'><strong>dormiens,</strong></span> <span class='ocrx_word' id='word_1_258' title='bbox 1555 1514 1647 1540; x_wconf 68' lang='lat' dir='ltr'><strong>natu-</strong></span> 
     </span>
     <span class='ocr_line' id='line_1_24' title="bbox 186 1561 1647 1606; baseline 0.003 -15"><span class='ocrx_word' id='word_1_259' title='bbox 186 1570 314 1603; x_wconf 80' lang='lat' dir='ltr'><strong>ramque</strong></span> <span class='ocrx_word' id='word_1_260' title='bbox 331 1562 436 1594; x_wconf 84' lang='lat' dir='ltr'><strong>matris</strong></span> <span class='ocrx_word' id='word_1_261' title='bbox 449 1573 584 1601; x_wconf 77' lang='lat' dir='ltr'><strong>serr-ans,</strong></span> <span class='ocrx_word' id='word_1_262' title='bbox 600 1574 721 1606; x_wconf 78' lang='lat' dir='ltr'><strong>semper</strong></span> <span class='ocrx_word' id='word_1_263' title='bbox 733 1574 863 1606; x_wconf 83' lang='lat' dir='ltr'><strong>egenus.</strong></span> <span class='ocrx_word' id='word_1_264' title='bbox 907 1564 1085 1596; x_wconf 88' lang='lat' dir='ltr'><strong>Secundum</strong></span> <span class='ocrx_word' id='word_1_265' title='bbox 1102 1573 1174 1595; x_wconf 88' lang='lat' dir='ltr'><strong>vero</strong></span> <span class='ocrx_word' id='word_1_266' title='bbox 1197 1562 1293 1604; x_wconf 83' lang='lat' dir='ltr'><strong>patris</strong></span> <span class='ocrx_word' id='word_1_267' title='bbox 1314 1561 1444 1604; x_wconf 84' lang='lat' dir='ltr'><strong>stirpem</strong></span> <span class='ocrx_word' id='word_1_268' title='bbox 1461 1562 1595 1603; x_wconf 89' lang='lat' dir='ltr'><strong>pulchris</strong></span> <span class='ocrx_word' id='word_1_269' title='bbox 1610 1572 1647 1595; x_wconf 87' lang='lat' dir='ltr'><strong>ac</strong></span> 
     </span>
     <span class='ocr_line' id='line_1_25' title="bbox 186 1614 1646 1659; baseline 0.003 -15"><span class='ocrx_word' id='word_1_270' title='bbox 186 1614 279 1645; x_wconf 84' lang='lat' dir='ltr'><strong>bonis</strong></span> <span class='ocrx_word' id='word_1_271' title='bbox 292 1615 466 1654; x_wconf 83' lang='lat' dir='ltr'><strong>insidiatur,</strong></span> <span class='ocrx_word' id='word_1_272' title='bbox 481 1616 588 1653; x_wconf 83' lang='lat' dir='ltr'><strong>virilis,</strong></span> <span class='ocrx_word' id='word_1_273' title='bbox 600 1618 702 1648; x_wconf 81' lang='lat' dir='ltr'><strong>audax</strong></span> <span class='ocrx_word' id='word_1_274' title='bbox 717 1623 750 1649; x_wconf 87' lang='lat' dir='ltr'><strong>ct</strong></span> <span class='ocrx_word' id='word_1_275' title='bbox 764 1618 930 1650; x_wconf 85' lang='lat' dir='ltr'><strong>vehemens</strong></span> <span class='ocrx_word' id='word_1_276' title='bbox 954 1628 1110 1659; x_wconf 79' lang='lat' dir='ltr'><strong>sagaxque</strong></span> <span class='ocrx_word' id='word_1_277' title='bbox 1126 1622 1266 1654; x_wconf 79' lang='lat' dir='ltr'><strong>venator,</strong></span> <span class='ocrx_word' id='word_1_278' title='bbox 1289 1626 1371 1647; x_wconf 86' lang='lat' dir='ltr'><strong>nova</strong></span> <span class='ocrx_word' id='word_1_279' title='bbox 1392 1626 1514 1658; x_wconf 86' lang='lat' dir='ltr'><strong>semper</strong></span> <span class='ocrx_word' id='word_1_280' title='bbox 1528 1616 1646 1648; x_wconf 86' lang='lat' dir='ltr'><strong>machi·</strong></span> 
     </span>
     <span class='ocr_line' id='line_1_26' title="bbox 185 1669 1646 1713; baseline 0.001 -14"><span class='ocrx_word' id='word_1_281' title='bbox 185 1674 334 1700; x_wconf 62' lang='lat' dir='ltr'><strong>rnamenta</strong></span> <span class='ocrx_word' id='word_1_282' title='bbox 347 1675 528 1708; x_wconf 83' lang='lat' dir='ltr'><strong>contexens,</strong></span> <span class='ocrx_word' id='word_1_283' title='bbox 546 1672 721 1712; x_wconf 62' lang='lat' dir='ltr'><strong>prudentias</strong></span> <span class='ocrx_word' id='word_1_284' title='bbox 735 1672 908 1712; x_wconf 86' lang='lat' dir='ltr'><strong>studiosus,</strong></span> <span class='ocrx_word' id='word_1_285' title='bbox 918 1671 1085 1709; x_wconf 77' lang='lat' dir='ltr'><strong>facundus,</strong></span> <span class='ocrx_word' id='word_1_286' title='bbox 1097 1681 1152 1713; x_wconf 87' lang='lat' dir='ltr'><strong>per</strong></span> <span class='ocrx_word' id='word_1_287' title='bbox 1165 1681 1289 1702; x_wconf 88' lang='lat' dir='ltr'><strong>omnem</strong></span> <span class='ocrx_word' id='word_1_288' title='bbox 1303 1669 1395 1700; x_wconf 87' lang='lat' dir='ltr'><strong>vitam</strong></span> <span class='ocrx_word' id='word_1_289' title='bbox 1408 1669 1646 1711; x_wconf 84' lang='lat' dir='ltr'><strong>philosophans,</strong></span> 
     </span>
     <span class='ocr_line' id='line_1_27' title="bbox 185 1721 1646 1767; baseline 0.001 -15"><span class='ocrx_word' id='word_1_290' title='bbox 185 1721 363 1755; x_wconf 76' lang='lat' dir='ltr'><strong>incantator</strong></span> <span class='ocrx_word' id='word_1_291' title='bbox 375 1724 606 1766; x_wconf 81' lang='lat' dir='ltr'><strong>fascinatorque</strong></span> <span class='ocrx_word' id='word_1_292' title='bbox 622 1726 915 1767; x_wconf 86' lang='lat' dir='ltr'><strong>potens,veneficus</strong></span> <span class='ocrx_word' id='word_1_293' title='bbox 930 1731 1023 1767; x_wconf 85' lang='lat' dir='ltr'><strong>atque</strong></span> <span class='ocrx_word' id='word_1_294' title='bbox 1038 1726 1177 1767; x_wconf 76' lang='lat' dir='ltr'><strong>sophista</strong></span> <span class='ocrx_word' id='word_1_295' title='bbox 1190 1736 1199 1757; x_wconf 88' lang='lat'>:</span> <span class='ocrx_word' id='word_1_296' title='bbox 1216 1735 1318 1766; x_wconf 87' lang='lat' dir='ltr'><strong>neque</strong></span> <span class='ocrx_word' id='word_1_297' title='bbox 1330 1723 1509 1755; x_wconf 84' lang='lat' dir='ltr'><strong>immortalis</strong></span> <span class='ocrx_word' id='word_1_298' title='bbox 1519 1724 1646 1755; x_wconf 90' lang='lat' dir='ltr'><strong>omnino</strong></span> 
     </span>
     <span class='ocr_line' id='line_1_28' title="bbox 186 1770 1645 1820; baseline 0.001 -14"><span class='ocrx_word' id='word_1_299' title='bbox 186 1778 360 1809; x_wconf 76' lang='lat' dir='ltr'><strong>secundum</strong></span> <span class='ocrx_word' id='word_1_300' title='bbox 375 1782 515 1809; x_wconf 82' lang='lat' dir='ltr'><strong>naturam</strong></span> <span class='ocrx_word' id='word_1_301' title='bbox 530 1789 632 1820; x_wconf 83' lang='lat' dir='ltr'><strong>neque</strong></span> <span class='ocrx_word' id='word_1_302' title='bbox 649 1779 786 1810; x_wconf 80' lang='lat' dir='ltr'><strong>mortalis</strong></span> <span class='ocrx_word' id='word_1_303' title='bbox 799 1770 812 1811; x_wconf 6' lang='lat' dir='ltr'><strong>:K</strong></span> <span class='ocrx_word' id='word_1_304' title='bbox 833 1780 887 1811; x_wconf 83' lang='lat' dir='ltr'><strong>sed</strong></span> <span class='ocrx_word' id='word_1_305' title='bbox 905 1779 1059 1810; x_wconf 75' lang='lat' dir='ltr'><strong>interdum</strong></span> <span class='ocrx_word' id='word_1_306' title='bbox 1074 1779 1186 1810; x_wconf 88' lang='lat' dir='ltr'><strong>eodem</strong></span> <span class='ocrx_word' id='word_1_307' title='bbox 1208 1779 1260 1809; x_wconf 88' lang='lat' dir='ltr'><strong>die</strong></span> <span class='ocrx_word' id='word_1_308' title='bbox 1284 1778 1420 1820; x_wconf 87' lang='lat' dir='ltr'><strong>pullulat</strong></span> <span class='ocrx_word' id='word_1_309' title='bbox 1440 1783 1535 1819; x_wconf 85' lang='lat' dir='ltr'><strong>atque</strong></span> <span class='ocrx_word' id='word_1_310' title='bbox 1557 1778 1645 1814; x_wconf 86' lang='lat' dir='ltr'><strong>vivit,</strong></span> 
     </span>
     <span class='ocr_line' id='line_1_29' title="bbox 182 1831 1643 1875; baseline 0.001 -14"><span class='ocrx_word' id='word_1_311' title='bbox 182 1831 330 1872; x_wconf 87' lang='lat' dir='ltr'><strong>quotiens</strong></span> <span class='ocrx_word' id='word_1_312' title='bbox 352 1832 524 1872; x_wconf 80' lang='lat' dir='ltr'><strong>exuberat3</strong></span> <span class='ocrx_word' id='word_1_313' title='bbox 546 1833 701 1864; x_wconf 88' lang='lat' dir='ltr'><strong>interdum</strong></span> <span class='ocrx_word' id='word_1_314' title='bbox 725 1834 844 1871; x_wconf 80' lang='lat' dir='ltr'><strong>deficit,</strong></span> <span class='ocrx_word' id='word_1_315' title='bbox 860 1839 956 1875; x_wconf 79' lang='lat' dir='ltr'><strong>atque</strong></span> <span class='ocrx_word' id='word_1_316' title='bbox 982 1833 1092 1864; x_wconf 87' lang='lat' dir='ltr'><strong>iterum</strong></span> <span class='ocrx_word' id='word_1_317' title='bbox 1119 1832 1273 1864; x_wconf 80' lang='lat' dir='ltr'><strong>reviviscit</strong></span> <span class='ocrx_word' id='word_1_318' title='bbox 1298 1832 1339 1863; x_wconf 92' lang='lat' dir='ltr'><strong>ob</strong></span> <span class='ocrx_word' id='word_1_319' title='bbox 1368 1831 1463 1873; x_wconf 83' lang='lat' dir='ltr'><strong>patris</strong></span> <span class='ocrx_word' id='word_1_320' title='bbox 1488 1836 1643 1862; x_wconf 76' lang='lat' dir='ltr'><strong>naturam.</strong></span> 
     </span>
     <span class='ocr_line' id='line_1_30' title="bbox 181 1884 1644 1929; baseline 0.001 -14"><span class='ocrx_word' id='word_1_321' title='bbox 181 1886 270 1927; x_wconf 89' lang='lat' dir='ltr'><strong>quod</strong></span> <span class='ocrx_word' id='word_1_322' title='bbox 286 1896 358 1917; x_wconf 80' lang='lat' dir='ltr'><strong>vero</strong></span> <span class='ocrx_word' id='word_1_323' title='bbox 370 1887 550 1929; x_wconf 83' lang='lat' dir='ltr'><strong>acquiritur,</strong></span> <span class='ocrx_word' id='word_1_324' title='bbox 564 1887 712 1919; x_wconf 85' lang='lat' dir='ltr'><strong>continue</strong></span> <span class='ocrx_word' id='word_1_325' title='bbox 728 1887 914 1919; x_wconf 84' lang='lat' dir='ltr'><strong>subterfluit.</strong></span> <span class='ocrx_word' id='word_1_326' title='bbox 938 1887 1084 1929; x_wconf 79' lang='lat' dir='ltr'><strong>quocirca</strong></span> <span class='ocrx_word' id='word_1_327' title='bbox 1109 1897 1211 1928; x_wconf 86' lang='lat' dir='ltr'><strong>neque</strong></span> <span class='ocrx_word' id='word_1_328' title='bbox 1234 1886 1396 1917; x_wconf 88' lang='lat' dir='ltr'><strong>mendicus</strong></span> <span class='ocrx_word' id='word_1_329' title='bbox 1410 1890 1457 1916; x_wconf 88' lang='lat' dir='ltr'><strong>est</strong></span> <span class='ocrx_word' id='word_1_330' title='bbox 1471 1884 1570 1916; x_wconf 88' lang='lat' dir='ltr'><strong>Amor</strong></span> <span class='ocrx_word' id='word_1_331' title='bbox 1585 1896 1644 1916; x_wconf 88' lang='lat' dir='ltr'><strong>un-</strong></span> 
     </span>
     <span class='ocr_line' id='line_1_31' title="bbox 183 1939 1644 1983; baseline -0.001 -13"><span class='ocrx_word' id='word_1_332' title='bbox 183 1949 291 1980; x_wconf 81' lang='lat' dir='ltr'><strong>quam,</strong></span> <span class='ocrx_word' id='word_1_333' title='bbox 314 1950 418 1982; x_wconf 82' lang='lat' dir='ltr'><strong>neque</strong></span> <span class='ocrx_word' id='word_1_334' title='bbox 439 1941 533 1972; x_wconf 84' lang='lat' dir='ltr'><strong>etiam</strong></span> <span class='ocrx_word' id='word_1_335' title='bbox 549 1942 735 1982; x_wconf 84' lang='lat' dir='ltr'><strong>opulentus:</strong></span> <span class='ocrx_word' id='word_1_336' title='bbox 758 1942 834 1983; x_wconf 87' lang='lat' dir='ltr'><strong>quin</strong></span> <span class='ocrx_word' id='word_1_337' title='bbox 849 1941 944 1972; x_wconf 78' lang='lat' dir='ltr'><strong>ctiam</strong></span> <span class='ocrx_word' id='word_1_338' title='bbox 959 1941 1040 1972; x_wconf 87' lang='lat' dir='ltr'><strong>inter</strong></span> <span class='ocrx_word' id='word_1_339' title='bbox 1054 1940 1242 1983; x_wconf 81' lang='lat' dir='ltr'><strong>sapientiam</strong></span> <span class='ocrx_word' id='word_1_340' title='bbox 1263 1945 1298 1971; x_wconf 87' lang='lat' dir='ltr'><strong>et</strong></span> <span class='ocrx_word' id='word_1_341' title='bbox 1312 1939 1465 1971; x_wconf 82' lang='lat' dir='ltr'><strong>inscitiam</strong></span> <span class='ocrx_word' id='word_1_342' title='bbox 1480 1939 1644 1971; x_wconf 85' lang='lat' dir='ltr'><strong>constitui-</strong></span> 
     </span>
     <span class='ocr_line' id='line_1_32' title="bbox 184 1993 1643 2036; baseline 0 -12"><span class='ocrx_word' id='word_1_343' title='bbox 184 1997 245 2025; x_wconf 72' lang='lat' dir='ltr'><strong>tur.</strong></span> <span class='ocrx_word' id='word_1_344' title='bbox 290 1993 343 2025; x_wconf 88' lang='lat' dir='ltr'><strong>Sic</strong></span> <span class='ocrx_word' id='word_1_345' title='bbox 368 1994 451 2025; x_wconf 89' lang='lat' dir='ltr'><strong>enirn</strong></span> <span class='ocrx_word' id='word_1_346' title='bbox 477 2005 511 2026; x_wconf 87' lang='lat' dir='ltr'><strong>se</strong></span> <span class='ocrx_word' id='word_1_347' title='bbox 531 2005 580 2027; x_wconf 87' lang='lat' dir='ltr'><strong>res</strong></span> <span class='ocrx_word' id='word_1_348' title='bbox 604 1996 709 2026; x_wconf 85' lang='lat' dir='ltr'><strong>habet.</strong></span> <span class='ocrx_word' id='word_1_349' title='bbox 752 1995 867 2026; x_wconf 87' lang='lat' dir='ltr'><strong>Nullus</strong></span> <span class='ocrx_word' id='word_1_350' title='bbox 890 1995 1032 2026; x_wconf 82' lang='lat' dir='ltr'><strong>Deorum</strong></span> <span class='ocrx_word' id='word_1_351' title='bbox 1056 1995 1294 2036; x_wconf 82' lang='lat' dir='ltr'><strong>philosophatur</strong></span> <span class='ocrx_word' id='word_1_352' title='bbox 1319 2000 1374 2026; x_wconf 79' lang='lat' dir='ltr'><strong>aut</strong></span> <span class='ocrx_word' id='word_1_353' title='bbox 1397 1994 1492 2035; x_wconf 82' lang='lat'>[204]</span> <span class='ocrx_word' id='word_1_354' title='bbox 1517 1993 1643 2035; x_wconf 78' lang='lat' dir='ltr'><strong>sapiens</strong></span> 
     </span>
     <span class='ocr_line' id='line_1_33' title="bbox 181 2046 1642 2092; baseline 0.001 -15"><span class='ocrx_word' id='word_1_355' title='bbox 181 2046 248 2077; x_wconf 73' lang='lat' dir='ltr'><strong>fieri</strong></span> <span class='ocrx_word' id='word_1_356' title='bbox 262 2048 364 2089; x_wconf 82' lang='lat' dir='ltr'><strong>cupit.</strong></span> <span class='ocrx_word' id='word_1_357' title='bbox 385 2049 541 2080; x_wconf 83' lang='lat' dir='ltr'><strong>estenim.</strong></span> <span class='ocrx_word' id='word_1_358' title='bbox 561 2060 620 2082; x_wconf 88' lang='lat' dir='ltr'><strong>nec</strong></span> <span class='ocrx_word' id='word_1_359' title='bbox 637 2049 716 2081; x_wconf 77' lang='lat' dir='ltr'><strong>alius</strong></span> <span class='ocrx_word' id='word_1_360' title='bbox 730 2050 832 2092; x_wconf 90' lang='lat' dir='ltr'><strong>quivis</strong></span> <span class='ocrx_word' id='word_1_361' title='bbox 845 2050 972 2092; x_wconf 80' lang='lat' dir='ltr'><strong>sapiens</strong></span> <span class='ocrx_word' id='word_1_362' title='bbox 988 2049 1236 2091; x_wconf 77' lang='lat' dir='ltr'><strong>philosophatur.</strong></span> <span class='ocrx_word' id='word_1_363' title='bbox 1281 2048 1395 2090; x_wconf 86' lang='lat' dir='ltr'><strong>Neque</strong></span> <span class='ocrx_word' id='word_1_364' title='bbox 1409 2047 1538 2079; x_wconf 89' lang='lat' dir='ltr'><strong>omnino</strong></span> <span class='ocrx_word' id='word_1_365' title='bbox 1553 2048 1642 2089; x_wconf 79' lang='lat' dir='ltr'><strong>igno-</strong></span> 
     </span>
     <span class='ocr_line' id='line_1_34' title="bbox 182 2101 1643 2146; baseline 0.001 -15"><span class='ocrx_word' id='word_1_366' title='bbox 182 2106 286 2132; x_wconf 77' lang='lat' dir='ltr'><strong>rantes</strong></span> <span class='ocrx_word' id='word_1_367' title='bbox 314 2102 572 2144; x_wconf 76' lang='lat' dir='ltr'><strong>philosophantur</strong></span> <span class='ocrx_word' id='word_1_368' title='bbox 596 2114 699 2146; x_wconf 85' lang='lat' dir='ltr'><strong>neque</strong></span> <span class='ocrx_word' id='word_1_369' title='bbox 724 2104 883 2146; x_wconf 79' lang='lat' dir='ltr'><strong>sapientes</strong></span> <span class='ocrx_word' id='word_1_370' title='bbox 908 2104 975 2135; x_wconf 84' lang='lat' dir='ltr'><strong>fieri</strong></span> <span class='ocrx_word' id='word_1_371' title='bbox 1001 2104 1144 2144; x_wconf 86' lang='lat' dir='ltr'><strong>cupiunt.</strong></span> <span class='ocrx_word' id='word_1_372' title='bbox 1166 2104 1227 2135; x_wconf 86' lang='lat' dir='ltr'><strong>hoc</strong></span> <span class='ocrx_word' id='word_1_373' title='bbox 1242 2102 1326 2135; x_wconf 86' lang='lat' dir='ltr'><strong>enim</strong></span> <span class='ocrx_word' id='word_1_374' title='bbox 1351 2102 1447 2133; x_wconf 83' lang='lat' dir='ltr'><strong>habet</strong></span> <span class='ocrx_word' id='word_1_375' title='bbox 1467 2101 1643 2143; x_wconf 75' lang='lat' dir='ltr'><strong>ignorantia</strong></span> 
     </span>
     <span class='ocr_line' id='line_1_35' title="bbox 183 2154 1642 2200; baseline 0.001 -15"><span class='ocrx_word' id='word_1_376' title='bbox 183 2154 366 2195; x_wconf 78' lang='lat' dir='ltr'><strong>pessimum,</strong></span> <span class='ocrx_word' id='word_1_377' title='bbox 381 2157 509 2197; x_wconf 82' lang='lat' dir='ltr'><strong>quando</strong></span> <span class='ocrx_word' id='word_1_378' title='bbox 524 2157 577 2199; x_wconf 87' lang='lat' dir='ltr'><strong>qui</strong></span> <span class='ocrx_word' id='word_1_379' title='bbox 593 2169 651 2189; x_wconf 86' lang='lat' dir='ltr'><strong>nec</strong></span> <span class='ocrx_word' id='word_1_380' title='bbox 665 2159 796 2200; x_wconf 87' lang='lat' dir='ltr'><strong>pulcher</strong></span> <span class='ocrx_word' id='word_1_381' title='bbox 809 2164 841 2190; x_wconf 86' lang='lat' dir='ltr'><strong>et</strong></span> <span class='ocrx_word' id='word_1_382' title='bbox 855 2159 955 2191; x_wconf 82' lang='lat' dir='ltr'><strong>bonus</strong></span> <span class='ocrx_word' id='word_1_383' title='bbox 970 2163 1019 2189; x_wconf 87' lang='lat' dir='ltr'><strong>est</strong></span> <span class='ocrx_word' id='word_1_384' title='bbox 1032 2168 1135 2200; x_wconf 86' lang='lat' dir='ltr'><strong>neque</strong></span> <span class='ocrx_word' id='word_1_385' title='bbox 1150 2157 1288 2200; x_wconf 78' lang='lat' dir='ltr'><strong>sapiens,</strong></span> <span class='ocrx_word' id='word_1_386' title='bbox 1303 2156 1490 2188; x_wconf 87' lang='lat' dir='ltr'><strong>sufficienter</strong></span> <span class='ocrx_word' id='word_1_387' title='bbox 1504 2156 1571 2187; x_wconf 81' lang='lat' dir='ltr'><strong>haec</strong></span> <span class='ocrx_word' id='word_1_388' title='bbox 1587 2156 1642 2186; x_wconf 81' lang='lat' dir='ltr'><strong>lra-</strong></span> 
     </span>
     <span class='ocr_line' id='line_1_36' title="bbox 182 2208 1644 2254; baseline 0.003 -16"><span class='ocrx_word' id='word_1_389' title='bbox 182 2208 256 2239; x_wconf 81' lang='lat' dir='ltr'><strong>bere</strong></span> <span class='ocrx_word' id='word_1_390' title='bbox 278 2219 311 2239; x_wconf 87' lang='lat' dir='ltr'><strong>se</strong></span> <span class='ocrx_word' id='word_1_391' title='bbox 334 2215 453 2241; x_wconf 85' lang='lat' dir='ltr'><strong>censet.</strong></span> <span class='ocrx_word' id='word_1_392' title='bbox 496 2211 667 2254; x_wconf 84' lang='lat' dir='ltr'><strong>Nunquam</strong></span> <span class='ocrx_word' id='word_1_393' title='bbox 691 2212 786 2253; x_wconf 83' lang='lat' dir='ltr'><strong>igitur</strong></span> <span class='ocrx_word' id='word_1_394' title='bbox 810 2212 930 2254; x_wconf 82' lang='lat' dir='ltr'><strong>expetit</strong></span> <span class='ocrx_word' id='word_1_395' title='bbox 955 2212 1023 2253; x_wconf 86' lang='lat' dir='ltr'><strong>illa,</strong></span> <span class='ocrx_word' id='word_1_396' title='bbox 1038 2222 1168 2254; x_wconf 89' lang='lat' dir='ltr'><strong>quorum</strong></span> <span class='ocrx_word' id='word_1_397' title='bbox 1194 2221 1227 2243; x_wconf 87' lang='lat' dir='ltr'><strong>se</strong></span> <span class='ocrx_word' id='word_1_398' title='bbox 1253 2211 1396 2252; x_wconf 85' lang='lat' dir='ltr'><strong>indigum</strong></span> <span class='ocrx_word' id='word_1_399' title='bbox 1413 2221 1478 2241; x_wconf 86' lang='lat' dir='ltr'><strong>non</strong></span> <span class='ocrx_word' id='word_1_400' title='bbox 1499 2210 1644 2243; x_wconf 80' lang='lat' dir='ltr'><strong>advertit.</strong></span> 
     </span>
     <span class='ocr_line' id='line_1_37' title="bbox 181 2260 1641 2308; baseline 0.001 -16"><span class='ocrx_word' id='word_1_401' title='bbox 181 2260 239 2293; x_wconf 87' lang='lat' dir='ltr'><strong>So.</strong></span> <span class='ocrx_word' id='word_1_402' title='bbox 260 2262 325 2299; x_wconf 85' lang='lat' dir='ltr'><strong>Qui</strong></span> <span class='ocrx_word' id='word_1_403' title='bbox 336 2273 410 2305; x_wconf 84' lang='lat' dir='ltr'><strong>ergo</strong></span> <span class='ocrx_word' id='word_1_404' title='bbox 422 2264 629 2305; x_wconf 86' lang='lat' dir='ltr'><strong>potissimum,</strong></span> <span class='ocrx_word' id='word_1_405' title='bbox 649 2266 802 2304; x_wconf 87' lang='lat' dir='ltr'><strong>Diotima,</strong></span> <span class='ocrx_word' id='word_1_406' title='bbox 817 2267 1088 2308; x_wconf 82' lang='lat' dir='ltr'><strong>philosophantur,</strong></span> <span class='ocrx_word' id='word_1_407' title='bbox 1105 2266 1130 2297; x_wconf 86' lang='lat' dir='ltr'><strong>si</strong></span> <span class='ocrx_word' id='word_1_408' title='bbox 1145 2276 1249 2307; x_wconf 91' lang='lat' dir='ltr'><strong>neque</strong></span> <span class='ocrx_word' id='word_1_409' title='bbox 1262 2264 1421 2307; x_wconf 83' lang='lat' dir='ltr'><strong>sapientes</strong></span> <span class='ocrx_word' id='word_1_410' title='bbox 1435 2274 1538 2306; x_wconf 84' lang='lat' dir='ltr'><strong>neque</strong></span> <span class='ocrx_word' id='word_1_411' title='bbox 1553 2264 1641 2305; x_wconf 84' lang='lat' dir='ltr'><strong>igno·</strong></span> 
     </span>
     <span class='ocr_line' id='line_1_38' title="bbox 181 2317 1638 2363; baseline 0.001 -17"><span class='ocrx_word' id='word_1_412' title='bbox 181 2321 285 2347; x_wconf 76' lang='lat' dir='ltr'><strong>rantes</strong></span> <span class='ocrx_word' id='word_1_413' title='bbox 299 2317 331 2348; x_wconf 88' lang='lat' dir='ltr'><strong>id</strong></span> <span class='ocrx_word' id='word_1_414' title='bbox 346 2319 466 2359; x_wconf 83' lang='lat' dir='ltr'><strong>agunt?</strong></span> <span class='ocrx_word' id='word_1_415' title='bbox 511 2320 594 2352; x_wconf 85' lang='lat' dir='ltr'><strong>Dro.</strong></span> <span class='ocrx_word' id='word_1_416' title='bbox 618 2320 691 2352; x_wconf 89' lang='lat' dir='ltr'><strong>Hoc</strong></span> <span class='ocrx_word' id='word_1_417' title='bbox 708 2321 848 2363; x_wconf 62' lang='lat' dir='ltr'><strong>profecto</strong></span> <span class='ocrx_word' id='word_1_418' title='bbox 865 2321 912 2352; x_wconf 84' lang='lat' dir='ltr'><strong>vel</strong></span> <span class='ocrx_word' id='word_1_419' title='bbox 928 2331 1004 2362; x_wconf 92' lang='lat' dir='ltr'><strong>puer</strong></span> <span class='ocrx_word' id='word_1_420' title='bbox 1017 2319 1183 2361; x_wconf 70' lang='lat' dir='ltr'><strong>intelliget,</strong></span> <span class='ocrx_word' id='word_1_421' title='bbox 1197 2320 1283 2362; x_wconf 90' lang='lat' dir='ltr'><strong>quod</strong></span> <span class='ocrx_word' id='word_1_422' title='bbox 1300 2320 1331 2350; x_wconf 89' lang='lat' dir='ltr'><strong>hi</strong></span> <span class='ocrx_word' id='word_1_423' title='bbox 1347 2318 1507 2359; x_wconf 70' lang='lat' dir='ltr'><strong>videficet,</strong></span> <span class='ocrx_word' id='word_1_424' title='bbox 1521 2317 1576 2359; x_wconf 90' lang='lat' dir='ltr'><strong>qui</strong></span> <span class='ocrx_word' id='word_1_425' title='bbox 1590 2317 1638 2348; x_wconf 87' lang='lat' dir='ltr'><strong>in-</strong></span> 
     </span>
     <span class='ocr_line' id='line_1_39' title="bbox 178 2370 1640 2417; baseline 0.001 -17"><span class='ocrx_word' id='word_1_426' title='bbox 178 2374 225 2400; x_wconf 71' lang='lat' dir='ltr'><strong>ter</strong></span> <span class='ocrx_word' id='word_1_427' title='bbox 237 2370 315 2402; x_wconf 64' lang='lat' dir='ltr'><strong>istos</strong></span> <span class='ocrx_word' id='word_1_428' title='bbox 329 2377 401 2402; x_wconf 85' lang='lat' dir='ltr'><strong>sunt</strong></span> <span class='ocrx_word' id='word_1_429' title='bbox 416 2373 532 2406; x_wconf 85' lang='lat' dir='ltr'><strong>medii:</strong></span> <span class='ocrx_word' id='word_1_430' title='bbox 556 2385 574 2406; x_wconf 88' lang='lat' dir='ltr'><strong>e</strong></span> <span class='ocrx_word' id='word_1_431' title='bbox 589 2375 702 2416; x_wconf 87' lang='lat' dir='ltr'><strong>quibus</strong></span> <span class='ocrx_word' id='word_1_432' title='bbox 716 2380 765 2406; x_wconf 87' lang='lat' dir='ltr'><strong>est</strong></span> <span class='ocrx_word' id='word_1_433' title='bbox 780 2374 889 2408; x_wconf 91' lang='lat' dir='ltr'><strong>Amor.</strong></span> <span class='ocrx_word' id='word_1_434' title='bbox 935 2375 1097 2417; x_wconf 79' lang='lat' dir='ltr'><strong>Sapientia</strong></span> <span class='ocrx_word' id='word_1_435' title='bbox 1111 2384 1225 2415; x_wconf 88' lang='lat' dir='ltr'><strong>nempe</strong></span> <span class='ocrx_word' id='word_1_436' title='bbox 1233 2373 1472 2415; x_wconf 83' lang='lat' dir='ltr'><strong>pulcherrimum</strong></span> <span class='ocrx_word' id='word_1_437' title='bbox 1487 2371 1640 2414; x_wconf 75' lang='lat' dir='ltr'><strong>quiddam</strong></span> 
     </span>
    </p>
   </div>
   <div class='ocr_carea' id='block_1_3' title="bbox 178 2423 1701 2471">
    <p class='ocr_par' dir='ltr' id='par_1_3' title="bbox 178 2423 1701 2471">
     <span class='ocr_line' id='line_1_40' title="bbox 178 2423 1701 2471; baseline 0.002 -18"><span class='ocrx_word' id='word_1_438' title='bbox 178 2429 248 2454; x_wconf 81' lang='lat' dir='ltr'><strong>est:</strong></span> <span class='ocrx_word' id='word_1_439' title='bbox 270 2423 370 2456; x_wconf 87' lang='lat' dir='ltr'><strong>Amor</strong></span> <span class='ocrx_word' id='word_1_440' title='bbox 391 2431 497 2459; x_wconf 81' lang='lat' dir='ltr'><strong>autem</strong></span> <span class='ocrx_word' id='word_1_441' title='bbox 520 2427 602 2460; x_wconf 85' lang='lat' dir='ltr'><strong>circa</strong></span> <span class='ocrx_word' id='word_1_442' title='bbox 625 2429 788 2471; x_wconf 90' lang='lat' dir='ltr'><strong>pulchrum</strong></span> <span class='ocrx_word' id='word_1_443' title='bbox 804 2433 952 2461; x_wconf 85' lang='lat' dir='ltr'><strong>versatur.</strong></span> <span class='ocrx_word' id='word_1_444' title='bbox 974 2441 1012 2461; x_wconf 87' lang='lat' dir='ltr'><strong>ex</strong></span> <span class='ocrx_word' id='word_1_445' title='bbox 1034 2439 1098 2471; x_wconf 88' lang='lat' dir='ltr'><strong>quo</strong></span> <span class='ocrx_word' id='word_1_446' title='bbox 1122 2428 1297 2460; x_wconf 82' lang='lat' dir='ltr'><strong>necessario</strong></span> <span class='ocrx_word' id='word_1_447' title='bbox 1325 2426 1476 2468; x_wconf 87' lang='lat' dir='ltr'><strong>sequitur,</strong></span> <span class='ocrx_word' id='word_1_448' title='bbox 1491 2426 1639 2457; x_wconf 83' lang='lat' dir='ltr'><strong>Amorem</strong></span> <span class='ocrx_word' id='word_1_449' title='bbox 1696 2430 1701 2433; x_wconf 65' lang='grc'><strong>“</strong></span> 
     </span>
    </p>
   </div>
   <div class='ocr_carea' id='block_1_4' title="bbox 177 2479 1643 3015">
    <p class='ocr_par' dir='ltr' id='par_1_4' title="bbox 177 2479 1643 3015">
     <span class='ocr_line' id='line_1_41' title="bbox 179 2479 1643 2526; baseline 0.001 -17"><span class='ocrx_word' id='word_1_450' title='bbox 179 2488 248 2509; x_wconf 80' lang='lat' dir='ltr'><strong>esse</strong></span> <span class='ocrx_word' id='word_1_451' title='bbox 263 2479 484 2522; x_wconf 87' lang='lat' dir='ltr'><strong>philosophum</strong></span> <span class='ocrx_word' id='word_1_452' title='bbox 499 2493 507 2513; x_wconf 76' lang='grc' dir='ltr'>ι</span> <span class='ocrx_word' id='word_1_453' title='bbox 529 2493 663 2524; x_wconf 87' lang='lat' dir='ltr'><strong>cumque</strong></span> <span class='ocrx_word' id='word_1_454' title='bbox 677 2484 884 2526; x_wconf 88' lang='lat' dir='ltr'><strong>philosophus</strong></span> <span class='ocrx_word' id='word_1_455' title='bbox 899 2484 950 2521; x_wconf 87' lang='lat' dir='ltr'><strong>sit,</strong></span> <span class='ocrx_word' id='word_1_456' title='bbox 968 2484 1103 2515; x_wconf 88' lang='lat' dir='ltr'><strong>medium</strong></span> <span class='ocrx_word' id='word_1_457' title='bbox 1120 2482 1290 2524; x_wconf 80' lang='lat' dir='ltr'><strong>ignorantis</strong></span> <span class='ocrx_word' id='word_1_458' title='bbox 1300 2480 1512 2523; x_wconf 79' lang='lat' dir='ltr'><strong>sapientisque</strong></span> <span class='ocrx_word' id='word_1_459' title='bbox 1525 2484 1643 2511; x_wconf 85' lang='lat' dir='ltr'><strong>tenere.</strong></span> 
     </span>
     <span class='ocr_line' id='line_1_42' title="bbox 181 2532 1641 2580; baseline 0.001 -17"><span class='ocrx_word' id='word_1_460' title='bbox 181 2532 302 2564; x_wconf 86' lang='lat' dir='ltr'><strong>Horum</strong></span> <span class='ocrx_word' id='word_1_461' title='bbox 313 2543 410 2566; x_wconf 79' lang='lat' dir='ltr'><strong>causa</strong></span> <span class='ocrx_word' id='word_1_462' title='bbox 422 2534 453 2566; x_wconf 90' lang='lat' dir='ltr'><strong>in</strong></span> <span class='ocrx_word' id='word_1_463' title='bbox 470 2535 538 2576; x_wconf 87' lang='lat' dir='ltr'><strong>ejus</strong></span> <span class='ocrx_word' id='word_1_464' title='bbox 553 2537 695 2578; x_wconf 83' lang='lat' dir='ltr'><strong>genitura</strong></span> <span class='ocrx_word' id='word_1_465' title='bbox 704 2538 859 2571; x_wconf 84' lang='lat' dir='ltr'><strong>consistit.</strong></span> <span class='ocrx_word' id='word_1_466' title='bbox 881 2549 953 2569; x_wconf 81' lang='lat' dir='ltr'><strong>nam</strong></span> <span class='ocrx_word' id='word_1_467' title='bbox 968 2549 1006 2570; x_wconf 88' lang='lat' dir='ltr'><strong>ex</strong></span> <span class='ocrx_word' id='word_1_468' title='bbox 1022 2543 1109 2580; x_wconf 85' lang='lat' dir='ltr'><strong>patre</strong></span> <span class='ocrx_word' id='word_1_469' title='bbox 1122 2537 1263 2579; x_wconf 78' lang='lat' dir='ltr'><strong>sapiente</strong></span> <span class='ocrx_word' id='word_1_470' title='bbox 1272 2541 1307 2568; x_wconf 89' lang='lat' dir='ltr'><strong>et</strong></span> <span class='ocrx_word' id='word_1_471' title='bbox 1327 2535 1479 2577; x_wconf 82' lang='lat' dir='ltr'><strong>opulento</strong></span> <span class='ocrx_word' id='word_1_472' title='bbox 1491 2539 1540 2565; x_wconf 87' lang='lat' dir='ltr'><strong>est</strong></span> <span class='ocrx_word' id='word_1_473' title='bbox 1553 2533 1641 2575; x_wconf 86' lang='lat' dir='ltr'><strong>geni·</strong></span> 
     </span>
     <span class='ocr_line' id='line_1_43' title="bbox 181 2586 1642 2635; baseline 0 -18"><span class='ocrx_word' id='word_1_474' title='bbox 181 2591 245 2624; x_wconf 80' lang='lat' dir='ltr'><strong>tus,</strong></span> <span class='ocrx_word' id='word_1_475' title='bbox 262 2593 357 2619; x_wconf 75' lang='lat' dir='ltr'><strong>matre</strong></span> <span class='ocrx_word' id='word_1_476' title='bbox 373 2599 445 2620; x_wconf 83' lang='lat' dir='ltr'><strong>vero</strong></span> <span class='ocrx_word' id='word_1_477' title='bbox 458 2590 585 2622; x_wconf 89' lang='lat' dir='ltr'><strong>minime</strong></span> <span class='ocrx_word' id='word_1_478' title='bbox 599 2592 741 2633; x_wconf 79' lang='lat' dir='ltr'><strong>sapiente</strong></span> <span class='ocrx_word' id='word_1_479' title='bbox 753 2597 787 2623; x_wconf 80' lang='lat' dir='ltr'><strong>ct</strong></span> <span class='ocrx_word' id='word_1_480' title='bbox 801 2597 884 2624; x_wconf 90' lang='lat' dir='ltr'><strong>certe</strong></span> <span class='ocrx_word' id='word_1_481' title='bbox 899 2603 1048 2635; x_wconf 81' lang='lat' dir='ltr'><strong>paupere.</strong></span> <span class='ocrx_word' id='word_1_482' title='bbox 1080 2591 1202 2623; x_wconf 82' lang='lat' dir='ltr'><strong>Natura</strong></span> <span class='ocrx_word' id='word_1_483' title='bbox 1214 2591 1322 2632; x_wconf 83' lang='lat' dir='ltr'><strong>itaque</strong></span> <span class='ocrx_word' id='word_1_484' title='bbox 1334 2588 1497 2626; x_wconf 74' lang='lat' dir='ltr'><strong>daemonis,</strong></span> <span class='ocrx_word' id='word_1_485' title='bbox 1512 2598 1532 2618; x_wconf 94' lang='lat' dir='ltr'><strong>o</strong></span> <span class='ocrx_word' id='word_1_486' title='bbox 1542 2586 1642 2618; x_wconf 80' lang='lat' dir='ltr'><strong>amice</strong></span> 
     </span>
     <span class='ocr_line' id='line_1_44' title="bbox 183 2640 1640 2686; baseline 0.003 -15"><span class='ocrx_word' id='word_1_487' title='bbox 183 2640 339 2679; x_wconf 78' lang='lat' dir='ltr'><strong>Socrates,</strong></span> <span class='ocrx_word' id='word_1_488' title='bbox 354 2641 425 2675; x_wconf 83' lang='lat' dir='ltr'><strong>ista.</strong></span> <span class='ocrx_word' id='word_1_489' title='bbox 469 2643 540 2676; x_wconf 90' lang='lat' dir='ltr'><strong>Nec</strong></span> <span class='ocrx_word' id='word_1_490' title='bbox 555 2645 664 2676; x_wconf 84' lang='lat' dir='ltr'><strong>mirum</strong></span> <span class='ocrx_word' id='word_1_491' title='bbox 680 2651 739 2684; x_wconf 84' lang='lat' dir='ltr'><strong>est,</strong></span> <span class='ocrx_word' id='word_1_492' title='bbox 755 2646 848 2678; x_wconf 83' lang='lat' dir='ltr'><strong>talem</strong></span> <span class='ocrx_word' id='word_1_493' title='bbox 863 2651 894 2678; x_wconf 86' lang='lat' dir='ltr'><strong>te</strong></span> <span class='ocrx_word' id='word_1_494' title='bbox 907 2646 1054 2678; x_wconf 83' lang='lat' dir='ltr'><strong>Amorem</strong></span> <span class='ocrx_word' id='word_1_495' title='bbox 1068 2645 1193 2677; x_wconf 81' lang='lat' dir='ltr'><strong>finxisse</strong></span> <span class='ocrx_word' id='word_1_496' title='bbox 1207 2656 1244 2677; x_wconf 90' lang='lat' dir='ltr'><strong>ex</strong></span> <span class='ocrx_word' id='word_1_497' title='bbox 1260 2654 1297 2675; x_wconf 80' lang='lat' dir='ltr'><strong>ea</strong></span> <span class='ocrx_word' id='word_1_498' title='bbox 1313 2643 1475 2686; x_wconf 83' lang='lat' dir='ltr'><strong>opinione,</strong></span> <span class='ocrx_word' id='word_1_499' title='bbox 1487 2652 1582 2683; x_wconf 55' lang='lat' dir='ltr'><strong>«quam</strong></span> <span class='ocrx_word' id='word_1_500' title='bbox 1598 2641 1640 2672; x_wconf 81' lang='lat' dir='ltr'><strong>de</strong></span> 
     </span>
     <span class='ocr_line' id='line_1_45' title="bbox 179 2694 1637 2742; baseline 0.001 -18"><span class='ocrx_word' id='word_1_501' title='bbox 179 2698 289 2725; x_wconf 85' lang='lat' dir='ltr'><strong>natura</strong></span> <span class='ocrx_word' id='word_1_502' title='bbox 309 2694 378 2736; x_wconf 86' lang='lat' dir='ltr'><strong>ejus</strong></span> <span class='ocrx_word' id='word_1_503' title='bbox 402 2696 548 2729; x_wconf 80' lang='lat' dir='ltr'><strong>habebas.</strong></span> <span class='ocrx_word' id='word_1_504' title='bbox 570 2708 654 2737; x_wconf 84' lang='lat' dir='ltr'><strong>nam,</strong></span> <span class='ocrx_word' id='word_1_505' title='bbox 679 2705 716 2730; x_wconf 87' lang='lat' dir='ltr'><strong>ut</strong></span> <span class='ocrx_word' id='word_1_506' title='bbox 744 2711 782 2732; x_wconf 86' lang='lat' dir='ltr'><strong>ex</strong></span> <span class='ocrx_word' id='word_1_507' title='bbox 798 2701 859 2731; x_wconf 84' lang='lat' dir='ltr'><strong>tuis</strong></span> <span class='ocrx_word' id='word_1_508' title='bbox 873 2701 966 2733; x_wconf 82' lang='lat' dir='ltr'><strong>dictis</strong></span> <span class='ocrx_word' id='word_1_509' title='bbox 982 2700 1132 2742; x_wconf 82' lang='lat' dir='ltr'><strong>conjicio,</strong></span> <span class='ocrx_word' id='word_1_510' title='bbox 1147 2709 1211 2731; x_wconf 88' lang='lat' dir='ltr'><strong>non</strong></span> <span class='ocrx_word' id='word_1_511' title='bbox 1226 2703 1394 2734; x_wconf 85' lang='lat' dir='ltr'><strong>amantem,</strong></span> <span class='ocrx_word' id='word_1_512' title='bbox 1409 2697 1464 2728; x_wconf 70' lang='lat' dir='ltr'><strong>sed</strong></span> <span class='ocrx_word' id='word_1_513' title='bbox 1488 2700 1637 2732; x_wconf 81' lang='lat' dir='ltr'><strong>amatum,</strong></span> 
     </span>
     <span class='ocr_line' id='line_1_46' title="bbox 177 2746 1641 2797; baseline 0.001 -19"><span class='ocrx_word' id='word_1_514' title='bbox 177 2746 325 2780; x_wconf 81' lang='lat' dir='ltr'><strong>Amorem</strong></span> <span class='ocrx_word' id='word_1_515' title='bbox 348 2761 415 2783; x_wconf 85' lang='lat' dir='ltr'><strong>esse</strong></span> <span class='ocrx_word' id='word_1_516' title='bbox 436 2753 589 2794; x_wconf 75' lang='lat' dir='ltr'><strong>putabasz</strong></span> <span class='ocrx_word' id='word_1_517' title='bbox 612 2759 645 2786; x_wconf 85' lang='lat' dir='ltr'><strong>et</strong></span> <span class='ocrx_word' id='word_1_518' title='bbox 659 2754 770 2787; x_wconf 89' lang='lat' dir='ltr'><strong>iccirco</strong></span> <span class='ocrx_word' id='word_1_519' title='bbox 787 2755 1026 2797; x_wconf 84' lang='lat' dir='ltr'><strong>pulcherrimum</strong></span> <span class='ocrx_word' id='word_1_520' title='bbox 1048 2755 1105 2786; x_wconf 87' lang='lat' dir='ltr'><strong>tibi</strong></span> <span class='ocrx_word' id='word_1_521' title='bbox 1118 2756 1263 2785; x_wconf 86' lang='lat' dir='ltr'><strong>Amorem</strong></span> <span class='ocrx_word' id='word_1_522' title='bbox 1276 2762 1346 2784; x_wconf 80' lang='lat' dir='ltr'><strong>esse</strong></span> <span class='ocrx_word' id='word_1_523' title='bbox 1366 2751 1466 2782; x_wconf 90' lang='lat' dir='ltr'><strong>visum</strong></span> <span class='ocrx_word' id='word_1_524' title='bbox 1485 2749 1641 2781; x_wconf 81' lang='lat' dir='ltr'><strong>existimo.</strong></span> 
     </span>
     <span class='ocr_line' id='line_1_47' title="bbox 179 2800 1636 2850; baseline 0.001 -18"><span class='ocrx_word' id='word_1_525' title='bbox 179 2800 326 2834; x_wconf 82' lang='lat' dir='ltr'><strong>Amabile</strong></span> <span class='ocrx_word' id='word_1_526' title='bbox 349 2805 476 2846; x_wconf 86' lang='lat' dir='ltr'><strong>quidem</strong></span> <span class='ocrx_word' id='word_1_527' title='bbox 490 2806 592 2848; x_wconf 87' lang='lat' dir='ltr'><strong>ipsum</strong></span> <span class='ocrx_word' id='word_1_528' title='bbox 605 2818 710 2840; x_wconf 88' lang='lat' dir='ltr'><strong>revera</strong></span> <span class='ocrx_word' id='word_1_529' title='bbox 721 2807 885 2850; x_wconf 84' lang='lat' dir='ltr'><strong>pulchrum</strong></span> <span class='ocrx_word' id='word_1_530' title='bbox 905 2814 963 2846; x_wconf 80' lang='lat' dir='ltr'><strong>est,</strong></span> <span class='ocrx_word' id='word_1_531' title='bbox 979 2808 1161 2846; x_wconf 75' lang='lat' dir='ltr'><strong>delicatum,</strong></span> <span class='ocrx_word' id='word_1_532' title='bbox 1177 2807 1350 2850; x_wconf 79' lang='lat' dir='ltr'><strong>perfectum</strong></span> <span class='ocrx_word' id='word_1_533' title='bbox 1365 2810 1399 2837; x_wconf 83' lang='lat' dir='ltr'><strong>et</strong></span> <span class='ocrx_word' id='word_1_534' title='bbox 1412 2803 1636 2836; x_wconf 81' lang='lat' dir='ltr'><strong>beatissimum.</strong></span> 
     </span>
     <span class='ocr_line' id='line_1_48' title="bbox 179 2857 1636 2905; baseline 0.001 -20"><span class='ocrx_word' id='word_1_535' title='bbox 179 2863 398 2890; x_wconf 78' lang='lat' dir='ltr'><strong>nnransautem</strong></span> <span class='ocrx_word' id='word_1_536' title='bbox 411 2860 501 2891; x_wconf 83' lang='lat' dir='ltr'><strong>aliam</strong></span> <span class='ocrx_word' id='word_1_537' title='bbox 514 2862 605 2893; x_wconf 77' lang='lat' dir='ltr'><strong>talem</strong></span> <span class='ocrx_word' id='word_1_538' title='bbox 619 2862 720 2894; x_wconf 86' lang='lat' dir='ltr'><strong>ideam</strong></span> <span class='ocrx_word' id='word_1_539' title='bbox 733 2863 838 2901; x_wconf 79' lang='lat' dir='ltr'><strong>habet,</strong></span> <span class='ocrx_word' id='word_1_540' title='bbox 854 2863 978 2905; x_wconf 80' lang='lat' dir='ltr'><strong>qualem</strong></span> <span class='ocrx_word' id='word_1_541' title='bbox 993 2863 1026 2894; x_wconf 89' lang='lat' dir='ltr'><strong>in</strong></span> <span class='ocrx_word' id='word_1_542' title='bbox 1041 2862 1250 2904; x_wconf 85' lang='lat' dir='ltr'><strong>superioribus</strong></span> <span class='ocrx_word' id='word_1_543' title='bbox 1265 2860 1406 2903; x_wconf 80' lang='lat' dir='ltr'><strong>figuravi.</strong></span> <span class='ocrx_word' id='word_1_544' title='bbox 1428 2859 1484 2890; x_wconf 90' lang='lat' dir='ltr'><strong>So.</strong></span> <span class='ocrx_word' id='word_1_545' title='bbox 1499 2857 1589 2898; x_wconf 88' lang='lat' dir='ltr'><strong>Esto,</strong></span> <span class='ocrx_word' id='word_1_546' title='bbox 1602 2862 1636 2888; x_wconf 90' lang='lat' dir='ltr'><strong>ut</strong></span> 
     </span>
     <span class='ocr_line' id='line_1_49' title="bbox 180 2908 1636 2959; baseline -0.004 -13"><span class='ocrx_word' id='word_1_547' title='bbox 180 2908 374 2954; x_wconf 60' lang='lat' dir='ltr'><strong>³5⁸21108pes.</strong></span> <span class='ocrx_word' id='word_1_548' title='bbox 397 2915 543 2956; x_wconf 79' lang='lat' dir='ltr'><strong>praeclare</strong></span> <span class='ocrx_word' id='word_1_549' title='bbox 557 2916 641 2947; x_wconf 90' lang='lat' dir='ltr'><strong>cnim</strong></span> <span class='ocrx_word' id='word_1_550' title='bbox 657 2916 803 2959; x_wconf 85' lang='lat' dir='ltr'><strong>loqueris.</strong></span> <span class='ocrx_word' id='word_1_551' title='bbox 828 2917 908 2949; x_wconf 86' lang='lat' dir='ltr'><strong>Cum</strong></span> <span class='ocrx_word' id='word_1_552' title='bbox 924 2927 996 2949; x_wconf 89' lang='lat' dir='ltr'><strong>vero</strong></span> <span class='ocrx_word' id='word_1_553' title='bbox 1009 2917 1080 2948; x_wconf 78' lang='lat' dir='ltr'><strong>tatis</strong></span> <span class='ocrx_word' id='word_1_554' title='bbox 1095 2917 1134 2947; x_wconf 88' lang='lat' dir='ltr'><strong>sit</strong></span> <span class='ocrx_word' id='word_1_555' title='bbox 1149 2915 1258 2956; x_wconf 87' lang='lat' dir='ltr'><strong>Amor,</strong></span> <span class='ocrx_word' id='word_1_556' title='bbox 1271 2915 1310 2946; x_wconf 82' lang='lat' dir='ltr'><strong>ad</strong></span> <span class='ocrx_word' id='word_1_557' title='bbox 1326 2912 1402 2956; x_wconf 90' lang='lat' dir='ltr'><strong>quid</strong></span> <span class='ocrx_word' id='word_1_558' title='bbox 1415 2910 1564 2943; x_wconf 85' lang='lat' dir='ltr'><strong>conducit</strong></span> <span class='ocrx_word' id='word_1_559' title='bbox 1580 2911 1636 2941; x_wconf 86' lang='lat' dir='ltr'><strong>ho·-</strong></span> 
     </span>
     <span class='ocr_line' id='line_1_50' title="bbox 179 2962 1634 3015; baseline -0.001 -20"><span class='ocrx_word' id='word_1_560' title='bbox 179 2962 338 2998; x_wconf 77' lang='lat' dir='ltr'><strong>minibus?</strong></span> <span class='ocrx_word' id='word_1_561' title='bbox 360 2967 441 3003; x_wconf 80' lang='lat' dir='ltr'><strong>Dio.</strong></span> <span class='ocrx_word' id='word_1_562' title='bbox 464 2969 536 3005; x_wconf 88' lang='lat' dir='ltr'><strong>Hoc</strong></span> <span class='ocrx_word' id='word_1_563' title='bbox 551 2971 712 3015; x_wconf 82' lang='lat' dir='ltr'><strong>deinceps,</strong></span> <span class='ocrx_word' id='word_1_564' title='bbox 728 2982 747 3003; x_wconf 90' lang='grc' dir='ltr'>ο</span> <span class='ocrx_word' id='word_1_565' title='bbox 762 2971 917 3011; x_wconf 77' lang='lat' dir='ltr'><strong>Socrates,</strong></span> <span class='ocrx_word' id='word_1_566' title='bbox 933 2972 1045 3005; x_wconf 83' lang='lat' dir='ltr'><strong>docere</strong></span> <span class='ocrx_word' id='word_1_567' title='bbox 1059 2971 1206 3004; x_wconf 81' lang='lat' dir='ltr'><strong>conabor.</strong></span> <span class='ocrx_word' id='word_1_568' title='bbox 1229 2969 1314 3001; x_wconf 78' lang='lat' dir='ltr'><strong>Talis</strong></span> <span class='ocrx_word' id='word_1_569' title='bbox 1329 2967 1455 3010; x_wconf 84' lang='lat' dir='ltr'><strong>quidem</strong></span> <span class='ocrx_word' id='word_1_570' title='bbox 1479 2969 1528 2996; x_wconf 83' lang='lat' dir='ltr'><strong>est</strong></span> <span class='ocrx_word' id='word_1_571' title='bbox 1544 2969 1576 2995; x_wconf 86' lang='lat' dir='ltr'><strong>ct</strong></span> <span class='ocrx_word' id='word_1_572' title='bbox 1591 2964 1634 2995; x_wconf 81' lang='lat' dir='ltr'><strong>ita</strong></span> 
     </span>
    </p>
   </div>
  </div>
 </body>
</html>
