1832 3256
178 223 231 270 3'6
774 222 1039 263 PLATONIS
1541 223 1643 274 [215

184 331 272 364 utilis
288 335 346 364 est.
391 330 493 363 Immo
508 331 553 363 sic
567 329 660 362 etiam
675 326 916 360 consideremus.
962 324 1069 356 Simile
1093 324 1306 367 quodcunque
1329 324 1428 356 cuivis
1449 322 1543 356 simili
1557 323 1646 366 quod

185 386 429 419 emolumentum
445 389 500 416 aut
514 382 733 415 detrimentum
748 379 859 411 inferre
875 383 992 420 potest,
1007 378 1091 419 quod
1108 387 1172 408 non
1187 378 1357 420 ipsummet
1370 378 1429 409 sibi
1442 378 1505 420 ipsi
1518 377 1647 410 valeat?

184 444 239 472 aut
253 439 330 482 quid
345 439 413 481 pati
427 449 465 469 ex
481 438 546 474 illo,
562 436 647 478 quod
663 445 727 465 non
742 444 779 464 ex
795 443 828 464 se
848 432 918 474 ipso
946 431 1089 463 similiter
1111 430 1179 473 pati
1201 432 1316 473 queat?
1344 431 1423 463 Haec
1436 431 1556 474 itaque,
1572 442 1645 464 cum

184 494 261 526 talia
276 493 350 530 sint,
361 497 398 523 ut
411 491 491 523 nihil
514 501 547 522 se
562 490 696 521 invicem
715 487 846 529 juvent,
868 486 966 527 [215]
992 495 1055 527 quo
1071 491 1166 526 pacto
1181 485 1221 516 ab
1236 495 1270 516 se
1283 485 1420 517 invicem
1432 485 1645 527 expetuntur?

183 548 247 580 ΙΝ.
270 546 368 578 Nullo
387 545 494 577 modo.
538 544 595 575 So.
621 541 715 579 Quod
731 551 796 571 non
811 538 942 581 expetit,
958 549 1022 580 quo
1045 538 1139 569 modo
1155 538 1313 570 amicum?
1345 539 1408 570 Lv.
1430 538 1540 572 Nullo.
1585 538 1644 571 So.

183 601 237 633 An
251 602 382 633 forsitan
396 598 506 631 similis
520 596 612 628 simili
626 599 776 637 quantum
792 592 914 630 similis,
930 602 994 623 non
1010 592 1152 624 amicus?
1183 593 1284 624 bonus
1306 597 1410 624 autem
1432 592 1531 634 bono,
1543 602 1644 635 quan-

181 660 249 688 tum
263 656 377 694 bonus,
390 663 455 684 non
469 655 620 694 quantum
636 648 756 685 similis,
781 647 899 678 amicus
920 645 1061 677 exsistit?
1107 646 1171 678 Lv.
1194 645 1299 678 Forte.
1344 646 1401 678 So.
1433 645 1520 684 Quid
1545 645 1644 678 vero?

183 719 289 740 nonne
313 708 428 745 bonus,
454 702 609 747 quatenus
634 704 736 734 bonus
761 705 821 738 est,
847 705 976 731 eatenus
1002 699 1063 731 sibi
1086 699 1147 742 ipsi
1173 699 1351 732 sufficiens?
1395 699 1460 733 ΙΝ.
1482 699 1544 732 Ita.
1586 699 1644 732 So.

182 762 251 794 Sibi
272 761 335 804 ipsi
361 759 528 796 sufficiens,
555 758 726 790 secundum
751 756 851 798 ipsam
879 754 1108 792 sufficientiam,
1133 754 1222 786 nullo
1251 755 1378 797 penitus
1405 754 1540 796 indiget.
1581 753 1647 788 LY-

185 816 272 854 Quid
289 814 460 858 prohibet?
506 813 562 844 So.
586 811 652 849 Qui
673 810 759 841 nullo
786 813 871 850 eget,
889 808 1009 839 nullum
1035 809 1169 850 expetit.
1214 807 1278 840 Lv.
1301 808 1434 840 Nullum
1454 818 1543 840 sane.
1586 807 1645 840 So-

184 869 297 902 Sinon
312 868 511 911 expetit,nec
527 870 621 898 amat.
644 865 706 896 Lv.
730 863 817 895 Non.
839 863 898 894 So.
921 863 985 901 Qui
1001 873 1066 894 non
1081 867 1176 904 amat,
1190 873 1254 894 non
1266 868 1315 895 est
1325 863 1455 895 amicus.
1483 861 1547 894 LY.
1568 861 1645 894 Non
1697 871 1709 883 ·

182 924 318 955 videtur.
364 922 422 954 So.
455 920 624 958 Quomodo
639 918 713 950 boni
729 916 819 949 bonis
834 916 927 948 amici
945 922 1050 958 erunt,
1071 917 1127 959 qui
1149 927 1209 949 nec
1230 918 1375 949 absentes
1389 921 1498 948 mutuo
1513 926 1548 948 se
1561 915 1646 948 desi-

181 978 305 1018 derant,
317 986 387 1008 curn
403 985 436 1006 se
450 975 527 1016 ipsis
544 973 731 1005 sufficienter
746 971 864 1008 vivant,
877 981 936 1002 nee
950 975 1120 1013 praesentes
1143 981 1176 1003 se
1199 970 1336 1003 invicem
1357 969 1522 1012 indigent?
1551 968 1646 1000 Tales

181 1030 238 1061 viri
252 1039 388 1072 quanam
401 1028 521 1060 ratione
541 1038 574 1059 se
596 1026 730 1058 invicem
759 1025 850 1057 multi
872 1025 974 1056 facere
989 1025 1144 1066 possunt?
1188 1024 1253 1057 Lv.
1289 1024 1400 1057 Nulla.
1444 1024 1503 1057 So.
1539 1022 1647 1055 Amici

182 1093 344 1126 nunquam
358 1087 460 1119 eruut.
475 1081 577 1124 quise
591 1081 727 1112 invicem
742 1090 806 1110 non
822 1078 914 1111 multi
927 1078 1060 1110 faciunt.
1090 1079 1153 1110 ΙΝ.
1175 1077 1363 1120 Nunquam.
1391 1078 1446 1111 So.
1469 1077 1646 1110 Considera

176 1137 257 1179 jam,
272 1147 291 1168 o
307 1136 411 1178 Lysis,
426 1146 490 1177 quo
509 1134 631 1176 delapsi
647 1134 753 1171 simus,
774 1138 807 1165 et
822 1131 964 1175 nunquid
981 1132 1108 1164 omnino
1124 1133 1252 1174 decepti
1266 1132 1426 1164 fuerimus.
1468 1130 1533 1164 LY.
1569 1131 1645 1169 Quo

179 1190 300 1232 pacto?
344 1190 400 1221 So.
430 1188 555 1231 Accepi
579 1189 770 1231 quandoque
793 1188 834 1219 ab
861 1187 982 1229 aliquo,
1008 1187 1058 1229 (in
1084 1186 1253 1229 praesentia
1275 1186 1371 1218 etiam
1391 1190 1425 1218 et
1447 1184 1645 1227 reminiscor)

180 1244 268 1286 quod
282 1243 376 1275 simili
399 1243 500 1274 simile
515 1243 678 1274 adversum
694 1247 753 1283 est,
768 1246 800 1274 et
820 1241 896 1273 boni
918 1241 1008 1272 bonis
1035 1240 1244 1273 inimicissimi
1268 1245 1354 1274 sunt.
1378 1239 1433 1282 qui
1454 1243 1488 1270 et
1509 1238 1646 1271 Hesiodi

180 1298 359 1330 testimonio
374 1297 532 1338 utebatur,
546 1297 691 1334 dicentis,
708 1295 852 1339 figulum
865 1295 1008 1328 invidere
1019 1295 1139 1338 figulo,
1155 1298 1315 1328 cantorem
1329 1303 1448 1336 quoque
1461 1292 1596 1329 cantori.
1611 1295 1644 1325 et

180 1352 358 1384 mendicum
370 1351 522 1383 mendico.
539 1355 572 1382 et
594 1350 628 1382 in
650 1350 721 1381 aliis.
739 1350 881 1381 similiter
904 1349 1114 1382 necessarium
1137 1349 1304 1386 asserebat,
1321 1347 1436 1379 similia
1448 1346 1534 1378 inter
1546 1356 1579 1378 se
1593 1346 1644 1378 in-

181 1404 278 1443 vidia,
300 1404 511 1442 aemulatione,
532 1404 735 1436 contentione
754 1403 935 1435 abundare:
964 1407 998 1435 et
1019 1401 1159 1436 amicitia
1177 1401 1352 1434 dissimilia.
1396 1400 1531 1442 Inopem
1550 1410 1645 1442 porro

178 1457 273 1490 diviti
285 1458 421 1490 amicum
442 1458 630 1489 necessitate
645 1457 731 1490 fieri:
755 1461 788 1489 et
802 1457 994 1489 imbecillum
1009 1457 1119 1488 auxilii
1133 1456 1233 1499 gratia
1255 1456 1350 1488 forti:
1373 1459 1407 1487 et
1421 1454 1544 1487 medico
1558 1453 1644 1486 simi-

176 1511 249 1544 liter
260 1516 483 1554 aegrotantem:
506 1512 702 1554 ignorantem
715 1522 843 1554 quoque
857 1511 991 1554 peritum
1006 1511 1181 1543 desiderare
1195 1516 1291 1553 atque
1306 1509 1447 1551 diligere.
1490 1507 1644 1540 Addebat

177 1569 330 1607 praeterea
343 1565 522 1597 sublimiora
535 1566 692 1607 quaedam,
706 1565 792 1607 quod
807 1565 940 1598 multum
955 1565 1049 1603 absit,
1072 1569 1109 1596 ut
1129 1564 1230 1596 simile
1245 1563 1340 1595 simili
1354 1563 1395 1594 sit
1414 1562 1562 1599 amicum,
1585 1561 1646 1594 ned

178 1623 301 1660 contra,
315 1619 402 1660 quod
423 1619 556 1650 maxime
577 1619 779 1658 contrarium,
803 1619 1115 1651 maxime-contrario
1138 1617 1372 1649 amicissimum.
1397 1616 1644 1658 unumquodque

178 1672 262 1703 enim
277 1676 424 1713 appetere
439 1681 502 1702 non
517 1670 629 1708 simile,
644 1671 699 1701 sed
713 1669 902 1702 contrarium
916 1681 925 1702 2
946 1676 983 1702 ut
996 1671 1115 1702 aridum
1131 1676 1279 1713 appetere
1293 1670 1476 1710 humidum3
1493 1669 1645 1712 frigidum

178 1735 253 1757 vero
274 1725 433 1765 calidum;
458 1735 595 1756 amarum
622 1725 736 1764 dulce3
763 1729 889 1757 acutum
916 1724 1086 1767 obtusum3
1114 1735 1246 1757 vacuum
1268 1724 1489 1767 repletionem
1513 1722 1645 1765 plenum

176 1779 388 1819 vacuitatem3
417 1783 583 1820 ceteraque
608 1777 759 1811 similiter.
792 1778 983 1810 contrarium
1011 1778 1096 1810 euim
1124 1779 1280 1811 contrario
1309 1778 1457 1810 alimenta
1482 1777 1641 1820 praeberet

178 1831 280 1864 simile
293 1837 397 1863 autem
411 1832 504 1863 simili
516 1831 643 1863 minime
662 1832 758 1865 vesci.
786 1832 884 1875 [216]
910 1832 1082 1871 enimvero,
1108 1832 1164 1875 qui
1185 1832 1261 1863 talia
1284 1832 1406 1874 docuit,
1429 1831 1586 1864 facundus
1607 1834 1643 1863 et

177 1886 305 1927 elegans
319 1885 446 1927 quidam
462 1885 508 1917 vir
529 1897 596 1918 esse
610 1886 694 1918 visus
709 1892 770 1918 est.
783 1886 864 1918 bene
879 1886 962 1919 enim
977 1886 1067 1918 dixit.
1081 1887 1171 1918 vobis
1187 1891 1292 1918 autem
1304 1886 1381 1928 quid
1397 1885 1541 1917 videtur-,²
1564 1885 1640 1918 Mn.

179 1939 293 1977 Probe,
318 1944 354 1970 ut
374 1939 474 1981 prima
497 1939 599 1971 fronte
623 1945 766 1982 apparet.
811 1940 869 1973 So.
896 1940 1042 1973 Dicimus
1055 1940 1175 1982 itaque,
1190 1941 1344 1972 contrario
1359 1938 1548 1972 contrarium
1561 1938 1642 1971 ami-

178 1993 335 2025 cissimum
356 1994 443 2025 esse?
488 1994 562 2026 Mn.
589 1993 718 2036 Utique.
764 1994 821 2027 So.
852 1993 900 2026 Sit
914 1995 1004 2036 ita,o
1018 1994 1210 2028 Menexene.
1226 1995 1295 2034 sed,
1310 2004 1429 2035 quaeso,
1442 2003 1550 2025 nonne
1563 1992 1641 2025 alie-

177 2057 251 2077 num
267 2047 328 2078 hoc
343 2052 376 2079 et
389 2048 591 2079 extraneum?
617 2049 782 2080 confestim
805 2049 841 2080 iu
867 2059 925 2080 nos
949 2049 1030 2081 ultro
1050 2048 1214 2090 insurgent
1227 2048 1385 2091 sapientes
1399 2047 1463 2085 isti,
1478 2047 1534 2090 qui
1547 2047 1641 2079 refel-

177 2099 265 2130 lendi
287 2100 435 2132 facundia
455 2101 588 2143 pollent,
614 2107 647 2133 et
668 2113 686 2133 a
710 2103 801 2134 nobis
823 2107 977 2145 quaerent,
992 2113 1032 2134 au
1047 2113 1112 2134 non
1128 2103 1169 2134 sit
1182 2103 1315 2134 maxime
1329 2102 1516 2134 contrarium
1531 2101 1643 2134 odium

177 2153 324 2185 amicitiae
337 2154 348 2184 ?
372 2154 459 2192 Quid
473 2155 542 2187 istis
557 2156 751 2198 potissimum
767 2157 1045 2199 respondebimus?
1071 2167 1179 2188 nonne
1201 2157 1389 2199 respondere
1412 2166 1570 2198 cogemur,
1585 2167 1640 2188 eos

178 2217 250 2238 vera
264 2207 390 2239 dicere?
436 2209 509 2242 ΜΕ.
540 2209 708 2252 Cogemur.
753 2211 810 2244 So.
837 2211 994 2253 Nunquid
1017 2211 1137 2249 dicent,
1163 2211 1327 2243 inimicum
1352 2210 1454 2242 amico
1478 2211 1639 2243 amicum?

177 2261 225 2291 vel
241 2262 374 2292 amicum
390 2262 517 2294 inimico
531 2263 689 2295 amicum?
735 2253 820 2297 Mas
837 2265 1002 2297 Neutrum.
1050 2265 1105 2298 So.
1131 2264 1217 2296 Num
1240 2269 1272 2296 et
1294 2265 1415 2306 justum
1437 2264 1567 2307 injusto,
1588 2265 1640 2297 vel

179 2319 384 2356 temperatum
398 2316 617 2358 intemperato,
633 2323 688 2348 aut
701 2318 782 2350 malo
804 2319 921 2350 bonum
935 2319 946 2350 ?
991 2319 1065 2352 Mn.
1095 2318 1171 2350 Non
1187 2318 1262 2350 mihi
1277 2319 1410 2350 videtur.
1453 2319 1512 2351 So.
1537 2319 1640 2361 Atqui

178 2368 205 2400 si
223 2370 395 2400 secundum
417 2371 664 2402 contrarietatem
692 2373 827 2404 amicum
848 2378 897 2404 est
921 2372 1014 2405 alicui
1041 2373 1174 2416 aliquid,
1199 2372 1299 2405 amica
1324 2374 1391 2405 baec
1414 2383 1482 2404 esse
1503 2377 1640 2414 oportet.

177 2422 252 2454 ΜΕ.
283 2422 419 2464 Oportet
440 2433 527 2455 sane.
571 2424 626 2456 So.
657 2425 762 2463 Quare
785 2437 844 2458 nec
866 2427 956 2458 simili
973 2427 1087 2466 simile,
1103 2438 1206 2469 neque
1221 2427 1375 2460 contrario
1390 2427 1576 2459 contrarium
1592 2431 1641 2458 est

178 2476 324 2507 amicum.
367 2476 440 2508 Mn.
471 2476 547 2508 Non
561 2477 695 2510 videtur.
741 2479 796 2512 So.
825 2480 896 2522 Age
911 2487 943 2512 et
957 2482 1017 2514 hoc
1039 2482 1249 2523 advertamus,
1271 2492 1312 2512 ne
1337 2492 1394 2512 nos
1416 2481 1515 2523 magis
1534 2481 1640 2513 adhuc

176 2530 282 2567 lateat,
299 2531 383 2572 quod
400 2531 533 2562 amicum
549 2541 653 2563 revera
668 2533 745 2564 nihil
769 2545 807 2566 ex
830 2534 878 2566 his
905 2546 976 2577 quae
999 2535 1135 2567 diximus
1154 2536 1206 2578 sit,
1220 2536 1275 2567 sed
1292 2536 1376 2577 quod
1392 2546 1495 2577 neque
1509 2535 1640 2574 bonum,

177 2594 279 2625 neque
296 2583 422 2625 malum,
444 2583 576 2615 amicum
600 2588 788 2629 quandoque
812 2589 887 2619 boni
911 2588 1072 2622 efficiatur.
1118 2590 1191 2622 Mn.
1223 2590 1309 2627 Quid
1326 2589 1392 2620 ais?
1436 2589 1492 2622 So.
1523 2588 1640 2632 Ignoto

175 2637 289 2678 etipse
306 2647 360 2678 per
374 2637 486 2668 Jovem
503 2649 510 2668 z
539 2638 650 2670 vacillo
677 2641 759 2672 enim
783 2643 823 2672 ob
850 2642 999 2675 sermonis
1023 2644 1275 2686 ambiguitatem:
1302 2649 1334 2675 et
1349 2644 1484 2685 videtur,
1501 2649 1535 2675 ut
1550 2649 1639 2675 vetus

174 2691 270 2722 habet
284 2691 490 2731 proverbium,
508 2691 670 2732 pulchrum
685 2693 786 2734 ipsum
803 2696 936 2727 amicum
959 2707 1037 2729 esse.
1083 2697 1229 2739 Apparet
1250 2698 1334 2729 enim
1359 2697 1453 2729 molle
1474 2697 1638 2739 quiddam,

174 2745 257 2782 leue,
272 2754 308 2776 ac
324 2745 441 2786 pingue
455 2756 461 2775 :
486 2745 622 2787 ideoque
637 2756 694 2778 nos
711 2748 803 2780 facile
818 2750 897 2781 forte
915 2750 1066 2792 illabitur5
1079 2753 1189 2794 serpit,
1204 2758 1236 2783 et
1257 2757 1410 2794 penetrat,
1433 2749 1523 2792 quasi
1540 2749 1637 2782 lubri-

174 2809 246 2829 cum
261 2798 410 2840 quiddam
423 2803 518 2840 atque
533 2799 614 2831 lene.
661 2800 744 2832 Dico
757 2802 840 2833 enim
857 2804 957 2845 ipsum
975 2805 1091 2835 bonum
1105 2806 1268 2847 pulchrum
1285 2816 1364 2838 esse.
1381 2805 1522 2846 nunquid
1535 2810 1568 2839 et
1578 2805 1636 2836 tu?

177 2853 247 2885 Με.
279 2852 320 2883 Et
343 2863 413 2894 eg0.
459 2853 515 2885 So,
545 2853 700 2895 Equidem
726 2855 872 2888 divinans
898 2858 955 2889 tibi
982 2859 1012 2889 id
1040 2859 1174 2900 profero,
1199 2859 1273 2891 boni
1298 2865 1331 2890 et
1355 2858 1475 2901 pulchri
1500 2858 1635 2890 amicum

174 2916 251 2944 csse,
265 2908 349 2949 quod
365 2917 468 2950 neque
483 2908 597 2940 bouum
614 2914 659 2940 est
676 2919 777 2951 neque
792 2912 916 2944 malum.
958 2913 1112 2950 Quorsum
1130 2914 1188 2945 ista
1203 2913 1364 2951 vaticinor,
1379 2913 1465 2946 audi.
1510 2914 1633 2948 ,Viden—
