1832 3256
253 229 276 266 8
848 220 1112 261 PLATONIS
1612 222 1705 273 [241

251 333 338 375 quod
353 331 463 363 noxius
478 336 537 372 est,
551 329 644 362 etlam
660 338 715 360 sua
730 329 956 360 consuetudine
979 327 1117 357 omnium
1141 324 1387 357 molestissimus.
1432 335 1521 367 pares
1542 326 1624 359 enim
1638 338 1710 360 cum

251 385 377 428 paribus
390 384 486 416 veterl
502 383 662 425 proverbio
673 381 898 424 jucundissime
913 384 1152 422 congregantur.
1195 388 1267 409 nam
1282 377 1446 420 aequalitas
1461 380 1623 423 temporis,
1637 392 1710 414 eum

251 440 292 471 ad
308 438 443 480 aequales
457 437 632 478 voluptates
647 439 772 477 propter
786 433 1018 465 similitudinem
1042 433 1154 469 trahat,
1169 431 1337 463 amicitiam
1360 432 1454 474 parit.
1498 439 1712 467 verumtamen

251 493 300 524 his
313 492 406 524 etiam
422 490 548 522 nimiam
571 489 745 521 satietatem
768 487 868 519 affert.
912 486 1051 518 Proinde
1074 485 1241 517 necessitas
1263 485 1408 517 omnibus
1431 485 1464 517 in
1485 487 1577 519 rebus
1597 487 1712 531 cuique

252 546 354 589 gravis
377 550 425 576 est
438 556 446 575 z
481 554 552 586 quae
579 543 707 585 quidem
732 541 821 572 simul
847 551 918 572 cum
941 539 1194 571 dissimilitudine
1220 539 1254 570 in
1283 544 1407 570 amante
1436 539 1477 570 ad
1502 545 1639 572 amatum
1663 546 1713 574 est

252 600 396 632 maxime.
435 597 552 639 juniori
567 597 649 627 enim
665 595 768 626 senior
783 595 954 634 adhaerens,
969 603 1073 634 neque
1095 593 1148 624 die
1163 592 1240 634 ulla,
1255 602 1359 634 neque
1379 597 1474 625 nocte
1488 593 1529 625 ab
1545 603 1584 625 eo
1599 599 1713 637 sponte

253 653 382 690 recedit,
397 652 453 683 sed
477 651 660 682 necessitate
682 654 715 680 et
736 649 836 679 surore
859 647 988 689 rapitur,
1011 647 1064 688 qui
1087 645 1173 677 illum
1197 646 1326 688 quidem
1347 646 1544 689 voluptatum
1558 647 1714 681 illecebris

251 707 346 739 trahit
357 705 527 745 videntem,
541 703 734 743 audientem,
750 706 941 743 tangentem,
956 705 989 731 et
1000 699 1128 730 omnino
1139 704 1276 731 amatum
1292 709 1384 732 sensu
1399 700 1542 743 quolibet
1555 701 1712 744 attingen-

251 767 326 799 tem,
340 761 385 792 ita
397 765 433 791 ut
447 758 567 800 ingenti
582 768 651 789 cum
668 757 831 798 voluptate
846 755 893 786 illi
907 754 1030 785 assidue
1046 754 1246 795 obsequatur.
1268 752 1419 785 Amatum
1433 765 1507 785 vero
1521 764 1584 796 qua
1597 754 1711 798 volup-

252 821 330 857 tate,
345 825 446 857 quove
461 812 572 844 solatio
588 811 708 853 aequale
725 815 847 852 tempus
862 809 941 840 adeo
953 807 1122 849 detinebit,
1135 813 1169 838 ut
1180 812 1316 839 extrema
1328 807 1470 840 molestia
1482 819 1548 840 non
1559 813 1687 841 vexetur
1699 810 1713 842 ?

252 881 323 902 cum
338 869 450 900 faciem
467 866 594 898 senilem
607 866 839 906 deformemque
849 862 992 904 aspiciat,
1004 866 1168 903 ceteraque
1180 861 1334 903 similiter,
1344 873 1414 904 quae
1430 873 1492 894 non
1501 863 1586 895 factu
1598 862 1713 901 solum,

252 934 357 956 verum
373 923 466 954 etiam
483 921 604 957 auditu,
619 919 749 950 molesta
763 923 847 954 sunt,
862 917 1046 948 necessitate
1063 917 1199 958 quadam
1214 916 1254 947 ad
1269 917 1370 958 ipsum
1386 918 1576 958 captandum
1590 927 1714 960 semper

251 978 424 1021 proposita,
439 976 513 1006 dum
530 974 645 1005 sedulis
660 972 773 1014 passim
798 971 918 1002 insidiis
941 971 1135 1010 observatur,
1156 970 1308 1013 auditque
1322 970 1515 1012 importunas
1529 971 1716 1003 immodera-

250 1037 360 1072 tasque
375 1035 439 1060 tum
457 1029 576 1065 laudes,
594 1032 658 1058 tum
675 1026 933 1068 vituperationes,
960 1024 1072 1066 quibus
1087 1035 1195 1056 amans
1219 1024 1322 1066 ipsum
1345 1025 1562 1067 prosequitur:
1585 1035 1657 1068 quae
1678 1025 1712 1057 in

253 1085 420 1117 sobrietate
446 1082 572 1125 quidem
597 1080 810 1112 intolerabiles
834 1084 920 1120 sunt,
943 1079 976 1110 in
1003 1079 1154 1110 ebrietate
1180 1089 1252 1110 vero
1276 1088 1340 1110 non
1364 1078 1574 1111 intolerabiles
1599 1079 1717 1117 solum,

250 1150 355 1172 verum
368 1139 460 1170 etiam
477 1138 516 1168 ob
532 1136 657 1167 nimiam
673 1140 778 1177 aperte
793 1133 941 1176 loquendi
952 1133 1110 1166 licentiam
1126 1133 1324 1175 turpissimae.
1347 1133 1514 1171 Praeterea,
1525 1133 1601 1164 dum
1615 1138 1713 1172 amat,

250 1193 441 1236 perniciosus
451 1196 482 1222 et
494 1191 687 1232 importunus
701 1194 749 1220 est
763 1200 770 1220 :
787 1199 856 1220 cum
872 1198 944 1219 vero
959 1198 1061 1219 amare
1075 1186 1213 1225 desierit,
1225 1187 1258 1218 in
1271 1192 1428 1230 posterum
1439 1187 1555 1220 infidus
1564 1188 1712 1220 adversus

249 1248 351 1284 illum,
375 1256 467 1288 quem
493 1244 598 1275 multis
619 1243 815 1286 juramentis,
841 1242 996 1284 precibus,
1021 1246 1116 1284 atque
1139 1241 1298 1284 promissis
1321 1241 1373 1272 vix
1393 1242 1520 1274 tandem
1534 1241 1716 1283 induxerat,

252 1302 349 1343 [241]
366 1305 402 1332 ut
417 1299 608 1342 praemiorum
631 1308 687 1339 spe
709 1297 853 1328 infestam
878 1295 946 1338 ejus
973 1295 1233 1328 consuetudinem
1254 1295 1431 1328 sustineret.
1475 1295 1624 1332 Demum,
1639 1306 1711 1327 cum

251 1355 421 1397 rependere
435 1354 557 1393 deceat,
572 1351 744 1394 principem
754 1351 846 1381 alium
856 1349 890 1381 in
903 1360 935 1381 se
947 1360 983 1381 ac
995 1349 1159 1391 praesidem
1168 1349 1296 1392 accipit,
1306 1354 1442 1381 mentem
1455 1349 1711 1391 temperantiam-

251 1420 314 1451 que
340 1419 395 1451 pro
423 1417 526 1439 amore
549 1411 642 1448 atque
662 1405 804 1437 insania:
829 1405 992 1446 factusque
1010 1404 1077 1446 jam
1101 1405 1192 1442 alius,
1215 1409 1352 1436 amatum
1374 1403 1463 1436 latet.
1486 1408 1562 1435 tunc
1577 1409 1711 1442 amatus,

250 1474 369 1500 eorum,
391 1472 461 1503 quae
485 1461 569 1493 dicta
593 1460 749 1501 quondam
774 1464 806 1490 et
826 1459 909 1490 facta
934 1463 1021 1500 sunt,
1048 1469 1176 1501 memor,
1203 1458 1424 1490 beneficiorum
1448 1456 1579 1500 gratiam
1600 1458 1712 1500 exigit,

251 1521 366 1558 putans
381 1527 452 1547 cum
467 1515 576 1546 eodem
591 1514 683 1545 verba
696 1524 728 1545 se
742 1513 843 1545 facere
857 1523 866 1552 ;
890 1513 944 1544 sed
960 1513 1038 1544 alter
1053 1514 1094 1544 ob
1109 1513 1328 1544 verecundiam
1341 1522 1444 1554 neque
1451 1511 1547 1543 audet
1558 1516 1711 1543 mutatum

251 1581 318 1602 esse
333 1580 365 1601 se
380 1569 647 1610 confiteri,‘neque
659 1568 788 1608 invenit,
801 1577 862 1608 qua
875 1566 993 1598 ratione
1006 1566 1113 1608 prioris
1126 1566 1209 1597 illius
1219 1565 1412 1608 principatus
1425 1565 1525 1597 insani
1533 1564 1712 1607 juramenta

251 1628 283 1654 et
298 1623 447 1665 promissa
470 1622 636 1664 persolvat,
658 1620 769 1652 mentis
787 1620 853 1662 jam
879 1625 913 1651 et
935 1620 1147 1662 temperantiae
1167 1630 1297 1661 compos
1322 1619 1466 1657 effectus,
1480 1629 1533 1661 ne,
1548 1619 1574 1650 si
1587 1619 1712 1660 eadem,

251 1687 321 1718 quae
335 1681 370 1708 et
383 1681 488 1713 antea,
503 1675 621 1715 fecerit,
636 1674 743 1705 similis
757 1675 915 1716 idemque,
930 1684 967 1706 ac
982 1674 1083 1706 fuerat
1097 1679 1182 1712 ante,
1197 1684 1300 1705 rursus
1315 1673 1440 1705 evadat.
1463 1672 1548 1705 Hinc
1568 1673 1713 1711 efficitur,

250 1735 286 1760 ut
311 1729 366 1772 qui
393 1734 466 1760 ante
482 1733 649 1771 amaverat,
669 1728 735 1770 jam
757 1729 910 1770 aufugiat,
936 1733 1135 1771 mutatusque
1157 1728 1263 1769 abeat,
1286 1727 1376 1770 quasi
1401 1731 1481 1759 testa
1501 1727 1534 1758 in
1549 1727 1712 1759 adversum

250 1784 382 1815 cadente
398 1795 406 1814 :
430 1783 506 1814 alter
520 1793 592 1814 vero
608 1782 753 1824 persequi
769 1789 909 1824 cogatur,
933 1782 1065 1824 graviter
1079 1782 1194 1823 ferens,
1210 1782 1251 1813 ad
1266 1781 1568 1823 imprecationesque
1582 1790 1714 1813 conver-

251 1849 314 1870 sus.
357 1837 409 1880 qui
425 1848 498 1868 sane
509 1837 548 1868 ab
563 1837 654 1868 initio
676 1837 827 1878 deceptus
841 1843 900 1875 est,
915 1847 985 1868 cum
1009 1836 1209 1878 ignoraverit,
1225 1846 1288 1867 non
1304 1835 1460 1872 decuisse,
1474 1834 1592 1866 amanti
1604 1845 1714 1867 neces-

252 1892 330 1922 sario
356 1891 472 1923 amenti
498 1890 673 1932 gratificari,
694 1891 788 1922 immo
812 1891 930 1922 homini
956 1891 1053 1922 multo
1080 1891 1179 1933 magis
1205 1890 1244 1921 ab
1270 1900 1375 1921 amore
1397 1888 1495 1920 libero
1513 1893 1714 1931 mentemque

250 1945 402 1976 habenti:
427 1945 565 1988 alioquin
587 1946 791 1976 necessarium
807 1946 883 1984 fore,
907 1956 940 1977 se
964 1946 1066 1987 ipsum
1086 1943 1279 1977 committere
1300 1943 1421 1975 homiui
1442 1942 1556 1984 infido,
1579 1953 1713 1980 moroso,

250 1999 374 2041 invido,
390 1999 532 2040 molesto,
546 1999 719 2041 pernicioso
735 2000 774 2030 ad
790 2010 888 2030 rerum
904 2000 1147 2041 possessionem,
1161 1998 1335 2040 pernicioso
1351 1998 1390 2029 ad
1405 1997 1542 2039 corporis
1557 1995 1713 2035 habitum,

251 2054 344 2095 longe
359 2064 431 2085 vero
446 2054 486 2084 ad
513 2054 606 2084 animi
621 2053 814 2094 disciplinam
838 2054 1110 2095 perniciosissimo,
1133 2063 1197 2095 qua
1219 2052 1347 2094 quidem
1369 2051 1447 2083 nihil
1469 2051 1555 2092 apud
1577 2050 1667 2082 Deos
1682 2058 1716 2081 et

252 2108 392 2138 homines
407 2117 511 2139 revera
525 2111 579 2138 aut
593 2111 652 2148 est,
667 2112 721 2137 aut
735 2107 793 2137 erit
808 2117 946 2148 unquam
962 2107 1183 2138 venerabilius.
1227 2106 1321 2146 Haec,
1336 2116 1356 2136 o
1376 2115 1464 2148 puer,
1485 2103 1715 2137 consideranda

252 2166 335 2198 aunt,
352 2166 445 2202 atque
459 2160 537 2191 illud
562 2160 688 2202 insuper
710 2159 1032 2202 animadvertendum,
1054 2160 1198 2192 amatoris
1220 2159 1389 2191 amicitiam
1411 2169 1474 2189 non
1498 2157 1715 2190 benevolentia

252 2215 327 2252 ulla,
356 2216 411 2246 sed
435 2214 583 2245 aviditate
606 2214 738 2255 quadam
764 2213 964 2256 expletionis,
990 2214 1080 2256 quasi
1103 2215 1197 2252 fame,
1223 2220 1377 2246 constare.
1421 2213 1445 2230 “
1459 2213 1504 2244 Ut
1528 2212 1622 2252 lupus
1645 2210 1716 2253 ipse

251 2278 377 2310 agnum,
394 2278 523 2309 puerum
537 2267 581 2299 sic
596 2268 684 2298 ardet
699 2267 849 2299 amator.”
893 2267 965 2299 Hoc
988 2268 1066 2298 illud
1089 2273 1151 2309 est,
1173 2268 1258 2310 quod
1281 2266 1497 2311 praedixeram,
1520 2276 1540 2297 ο
1554 2265 1712 2297 Phaedre:

251 2332 311 2353 nec
326 2322 480 2352 dicentem
491 2332 540 2352 me
552 2321 677 2352 ulterius
689 2321 809 2363 audies,
824 2322 879 2352 sed
890 2322 958 2364 jam
973 2322 1066 2353 finem
1081 2322 1195 2353 lrabeat
1209 2332 1322 2354 sermo,
1345 2320 1534 2362 Quanquam
1550 2319 1714 2362 putabam,

252 2375 416 2406 dimidium
431 2373 650 2415 disputationis
665 2379 850 2406 transactum
867 2386 947 2417 esse,
963 2386 999 2407 ac
1014 2381 1128 2407 restare
1139 2376 1323 2407 tantundem
1336 2375 1376 2405 de
1386 2384 1451 2405 non
1466 2377 1590 2405 amante
1604 2372 1714 2405 dicen-

252 2429 340 2465 dum,
352 2428 438 2469 quod
454 2427 499 2458 illi
514 2427 617 2469 potius
630 2428 791 2470 indulgere
807 2429 931 2471 deceat,
947 2430 986 2460 ad
1002 2430 1096 2472 idque
1113 2435 1192 2471 quot
1206 2429 1252 2460 illi
1265 2430 1348 2460 bona
1359 2428 1480 2470 insunt,
1490 2428 1714 2460 enumeranda.

253 2481 347 2514 Pura.
371 2482 435 2513 Cur
457 2491 530 2523 ergo
545 2482 679 2519 desistis,
701 2492 720 2512 o
744 2483 909 2514 Socrates?
955 2483 1010 2515 So.
1032 2483 1305 2525 Animadvertisti,
1331 2483 1477 2524 Phaedre,
1501 2481 1640 2513 carmina
1663 2491 1715 2513 me

249 2535 331 2578 jam,
342 2545 405 2566 non
419 2535 634 2576 dithyrambos
649 2536 781 2577 amplius
795 2546 917 2574 canere,
933 2538 1073 2579 quamvis
1087 2539 1120 2569 in
1135 2537 1342 2580 vituperando
1356 2547 1426 2568 mea
1440 2541 1577 2568 versetur
1590 2535 1714 2568 oratio?

253 2589 339 2631 quod
366 2589 393 2620 si
416 2588 541 2619 laudare
567 2588 696 2619 alterum
723 2600 861 2631 pergam,
885 2591 962 2632 quid
987 2592 1141 2623 facturum
1166 2603 1216 2623 nie
1238 2597 1334 2634 putas
1347 2591 1359 2622 ἓ
1403 2590 1456 2622 An
1481 2600 1547 2621 non
1573 2590 1682 2633 sentis,
1695 2601 1716 2622 a

253 2642 426 2684 Nymphis,
452 2646 518 2672 tum
542 2652 637 2683 opera
659 2649 724 2679 tua,
748 2649 814 2674 tum
837 2644 944 2675 divina
958 2646 1167 2687 providentia,
1182 2657 1232 2678 me
1247 2644 1366 2677 afflari?
1411 2644 1518 2682 Quare
1537 2644 1714 2676 summ-tim

253 2695 339 2737 dico,
354 2700 403 2727 tot
419 2696 499 2727 bona
515 2695 615 2727 inesse
629 2696 730 2734 alteri,
744 2702 821 2739 quot
835 2698 915 2729 mala
929 2698 961 2728 in
977 2699 1073 2730 altero
1089 2700 1328 2731 numeravimus.
1351 2699 1415 2731 Sed
1430 2698 1505 2741 quid
1522 2697 1626 2729 multis
1633 2707 1714 2739 opus

253 2754 302 2781 est
315 2749 414 2780 verbis
427 2749 438 2781 ?
461 2750 502 2780 de
517 2749 656 2800 utrisque
671 2750 755 2781 enim
771 2750 958 2783 sufficienter
976 2757 1024 2783 est
1038 2752 1156 2785 dictum
1173 2765 1181 2785 ι
1203 2759 1298 2796 atque
1312 2754 1370 2791 ita,
1386 2753 1472 2795 quod
1488 2752 1592 2789 decet,
1606 2751 1716 2783 fabula

253 2802 398 2845 patietur.
443 2802 539 2846 [242]
582 2802 651 2845 Ego
669 2803 737 2846 jam
759 2805 936 2837 transmisso
958 2806 1085 2838 flumine
1105 2808 1196 2849 abeo,
1217 2808 1396 2849 priusquam
1417 2806 1457 2837 ad
1480 2805 1580 2848 majus
1593 2804 1715 2847 aliquid

254 2857 311 2888 abs
322 2861 352 2888 te
375 2855 554 2899 compellar.
601 2857 691 2889 Pura.
736 2856 900 2894 Nondum,
926 2868 945 2888 o
970 2858 1123 2897 Socrates,
1145 2861 1324 2903 priusquam
1352 2866 1445 2892 aestus
1468 2859 1627 2892 abscedat.
1670 2869 1713 2890 an

254 2920 319 2942 non
333 2909 433 2949 vides,
448 2914 483 2942 ut
494 2909 560 2953 jam
577 2911 669 2955 plane
684 2910 827 2944 meridies
848 2911 902 2954 sit,
922 2911 956 2944 in
971 2923 1034 2954 qua
1055 2913 1130 2945 liora
1151 2914 1291 2946 intentus
1312 2920 1361 2946 est
1381 2913 1488 2947 calor?
1512 2913 1566 2945 sed
1589 2911 1713 2946 interim
