1846 3268
185 286 283 338 209]
732 279 1079 324 THEAETETUS.
1571 283 1652 322 269

185 395 277 433 putet
299 394 332 423 et
352 389 487 429 scribat;
508 386 652 430 nunquid
676 385 754 419 scire
780 386 869 419 illum
894 386 1037 421 dicemus
1064 385 1194 428 primam
1210 386 1302 419 vestri
1324 384 1460 419 nominis
1474 384 1649 428 syllabam?

185 445 273 480 Τειε..
297 444 398 476 Paulo
411 448 484 477 ante
495 442 576 476 inter
589 452 647 473 nos
664 440 825 478 convenit,
841 451 924 479 eum,
940 442 995 484 qui
1010 441 1054 474 sic
1070 441 1232 474 institutus
1247 445 1306 478 est,
1323 440 1464 473 nondum
1478 439 1568 472 scire.
1592 439 1651 471 So.

186 498 272 536 Quid
289 497 443 539 prohibet,
458 497 519 528 boc
534 494 620 527 idem
635 494 774 537 aliquem
789 495 873 528 circa
892 495 1061 528 secundam
1083 495 1270 537 tertiamque
1291 499 1324 526 et
1338 498 1479 536 quartam
1496 493 1651 536 syllabam

186 551 331 594 perpeti-³
375 550 462 583 Tne.
494 549 585 582 Nihil
609 549 751 582 omniuo.
798 548 856 581 80.
890 548 1046 592 Nunquid
1071 555 1147 582 tunc
1177 549 1349 581 discursum
1377 558 1433 590 per
1461 548 1652 581 elementum

187 605 317 642 habeus,
330 604 525 638 Theaetstum
541 608 625 635 recta
639 613 710 635 cum
727 602 879 644 opinione
894 602 1020 644 scribet,
1035 604 1162 645 quando
1177 603 1287 635 ordine
1309 613 1366 635 suo
1382 602 1518 634 scribet?
1561 602 1650 633 Tun.

186 658 318 700 Absque
331 657 442 691 dubio.
485 658 540 691 80.
563 657 680 691 Nonne
697 657 799 690 adhuc
814 657 944 695 inscius,
959 658 1015 690 sed
1031 663 1116 690 recte
1131 658 1292 700 opinatus,
1307 661 1343 690 ut
1357 656 1515 690 diximus?
1559 656 1649 688 Tne.

188 712 293 746 Certe.
337 712 394 744 So.
417 711 460 743 Et
474 712 626 744 rationem
641 711 759 743 habens
780 722 851 743 cum
867 711 1019 754 opinione
1036 712 1144 744 recta?
1168 722 1239 743 nam
1254 710 1426 743 discursum
1443 721 1500 752 per
1513 710 1652 743 elemen-

190 771 255 798 tum
270 766 400 804 habens,
413 765 556 808 scripsit3
578 765 670 808 quam
686 765 858 797 orationem
878 776 945 798 esse
961 765 1187 797 consensimus.
1228 765 1316 796 Tus.
1339 764 1468 796 Verum.
1513 764 1569 799 So.
1593 763 1652 796 Est

186 819 292 862 igitur,
314 831 334 851 ο
348 819 459 857 amice,
475 820 620 862 qua’dam
635 830 706 853 cum
722 819 842 851 ratione
863 819 973 860 opinio
997 824 1094 860 recta,
1108 829 1202 860 quam
1217 818 1381 851 scientiam
1396 817 1555 860 appellare
1570 828 1650 850 non·

186 877 262 908 dum
285 875 389 906 decet.
432 873 521 908 Tne.
543 873 698 915 Apparet.
740 874 798 906 So.
821 873 982 907 Somnium
1006 873 1179 915 quoddam,
1205 878 1239 905 ut
1263 873 1397 910 videtur,
1422 872 1509 904 nacti
1531 882 1651 908 sumus.

183 931 259 962 dum
273 928 461 961 verissimam
478 928 619 960 scientiae
630 927 784 959 rationem
799 927 915 959 babere
938 927 1183 961 consideremus.
1227 926 1315 959 Tun.
1339 925 1395 958 An
1410 926 1552 958 nondum
1566 926 1650 957 vitu-

183 993 292 1027 perare
306 983 456 1015 debemus
469 983 480 1014 ?
503 982 583 1014 forte
598 981 683 1014 enim
698 992 763 1014 non
778 981 823 1013 ita
836 980 906 1023 quis
922 981 1094 1013 orationem
1111 981 1302 1013 rationemve
1316 980 1417 1022 ipsam
1438 979 1647 1013 determinet:

183 1039 240 1071 sed
255 1037 405 1079 reliquam
425 1047 443 1069 e
465 1036 560 1068 tribus
575 1036 712 1078 speciem
727 1035 847 1078 eligat:
871 1046 889 1068 e
912 1035 1027 1077 quibus
1046 1045 1137 1067 unam
1154 1035 1313 1078 quandam
1327 1034 1499 1067 electurum
1513 1029 1651 1067 diximus

184 1092 285 1130 illum,
300 1091 353 1133 qui
369 1090 531 1123 scientiam
546 1101 614 1123 esse
629 1089 811 1132 opinionem
833 1094 948 1122 rectam
971 1100 1043 1122 cum
1059 1090 1179 1123 ratione
1193 1089 1401 1121 asseverabat.
1444 1088 1500 1120 So.
1523 1087 1650 1130 Oppor-

184 1150 261 1178 tune
273 1145 475 1180 admonuisti.
498 1145 602 1176 adhuc
617 1143 700 1176 enim
713 1144 834 1186 species
851 1154 913 1175 una
928 1148 1035 1177 restat.
1079 1144 1186 1189 Prima
1201 1144 1330 1186 quidem
1346 1148 1412 1175 erat
1426 1142 1545 1177 idolum
1560 1141 1648 1184 cogi-

183 1199 312 1232 tationis
333 1199 368 1231 in
381 1209 480 1232 voce:
504 1199 644 1231 secunda
659 1209 731 1231 vero
756 1198 790 1230 in
813 1203 913 1231 totum
937 1208 992 1240 per
1015 1198 1172 1231 elementa
1187 1208 1360 1240 processus.
1401 1197 1490 1229 Tus.
1511 1195 1650 1228 Tertiam

182 1259 286 1287 nutem
302 1253 380 1295 quid
394 1253 498 1285 dicis?
542 1253 598 1285 So.
621 1253 719 1291 Quod
741 1258 774 1284 ct
788 1252 914 1295 plurimi
936 1253 1117 1290 faterentur,
1134 1262 1228 1294 posse
1244 1251 1395 1285 videlicet
1409 1251 1531 1293 signum
1546 1250 1649 1292 quod-

184 1309 258 1340 dam
272 1307 436 1345 ascribere,
451 1318 515 1350 quo
531 1307 571 1338 ab
585 1306 654 1339 aliis
677 1307 823 1339 omnibus
844 1307 890 1344 id,
905 1307 947 1340 de
968 1318 1032 1349 quo
1057 1307 1171 1348 agitur.
1185 1306 1302 1338 differt.
1343 1305 1430 1338 Tus.
1453 1305 1557 1343 Quam
1574 1303 1652 1338 mihi

183 1361 314 1404 cujusv'e
329 1362 479 1394 rationem
492 1361 586 1392 talem
599 1362 756 1403 assignare
771 1366 861 1403 potes
874 1361 885 1391 ?
930 1361 987 1393 So.
1011 1361 1056 1394 Ut
1070 1371 1145 1393 ecce
1160 1361 1201 1393 de
1214 1360 1292 1398 sole,
1305 1359 1330 1392 si
1346 1359 1434 1396 velis,
1449 1369 1542 1400 posse
1558 1362 1590 1391 te
1602 1368 1650 1389 ar-

183 1416 280 1448 bitror
295 1415 483 1448 sufficienter
497 1415 652 1457 accipere,
675 1416 761 1457 quod
783 1415 854 1447 luce
868 1415 1021 1457 praecellit
1035 1415 1192 1456 omnibus,
1205 1425 1276 1457 que
1290 1414 1374 1447 circa
1395 1418 1505 1445 terram
1520 1412 1554 1444 in
1567 1412 1650 1444 coelo

182 1469 360 1504 volvuntur.
402 1469 490 1503 Tzur.
513 1469 666 1501 Omnino.
709 1470 766 1501 So.
789 1469 911 1513 Accipe
930 1469 1022 1511 cujus
1047 1469 1148 1512 gratia
1170 1470 1230 1502 hoc
1254 1474 1303 1501 est
1319 1468 1450 1501 dictum.
1472 1471 1520 1499 est
1543 1471 1649 1501 autem

183 1525 270 1566 quod
285 1525 379 1556 modo
393 1525 623 1556 referebamus:
647 1523 682 1555 Si
705 1523 914 1556 differentiam
935 1523 1090 1566 cujusque
1112 1523 1263 1566 accipias,
1277 1534 1342 1565 qua
1359 1523 1400 1555 ab
1421 1522 1491 1558 aliis
1515 1526 1564 1554 est
1585 1521 1652 1552 dis-

170 1608 171 1612 ,
184 1578 331 1616 tinctum,
345 1578 574 1616 definitionem,
588 1583 624 1610 ut
634 1578 762 1620 quidam
787 1578 927 1615 tradunt,
941 1578 1100 1620 acceperis
1113 1589 1121 1610 z
1145 1578 1295 1619 quamdiu
1310 1587 1383 1610 vero
1403 1586 1569 1610 commune
1591 1574 1649 1607 ali-

183 1633 269 1674 quod
285 1632 438 1675 attigeris,
452 1632 575 1664 illorum
598 1632 830 1670 definitionem,
845 1643 977 1674 quorum
1002 1633 1211 1664 communitas
1226 1637 1285 1673 est,
1299 1631 1439 1665 habebis.
1482 1631 1569 1663 Tun.
1593 1629 1649 1662 In-

184 1686 316 1728 telligo:
339 1696 377 1718 ac
401 1691 485 1718 recte
510 1685 692 1728 hujusmodi
716 1686 868 1728 quiddam
891 1686 1044 1718 rationem
1056 1686 1161 1718 vocari
1183 1686 1340 1719 existimo.
1384 1686 1440 1717 So.
1464 1685 1530 1723 Qui
1544 1688 1651 1717 autem

183 1750 255 1772 cum
270 1744 357 1772 recta
375 1740 527 1782 opinione
549 1739 771 1778 differentiam,
787 1751 851 1783 qua
876 1741 1026 1782 quodque
1050 1750 1069 1772 a
1093 1750 1285 1782 quocunque
1308 1738 1496 1785 sejungitur,
1519 1737 1651 1779 accipit.

184 1794 322 1836 idipsum
347 1794 464 1826 deinde
493 1794 583 1832 sciet,
608 1795 694 1837 quod
721 1795 806 1837 prius
832 1795 1031 1837 opinabatur.
1083 1794 1172 1827 Tun.
1208 1793 1464 1827 Consentaneum
1490 1797 1549 1827 est.
1592 1790 1650 1824 Se.

182 1847 216 1880 N
219 1859 279 1880 unc
293 1849 432 1886 demum,
447 1859 467 1880 o
488 1848 661 1886 Theaetete,
676 1852 748 1881 cum
771 1849 902 1891 primum
929 1850 970 1881 ad
994 1849 1077 1881 hanc
1101 1847 1365 1891 quasi'quandam
1379 1847 1650 1883 adumbrationem

186 1902 317 1944 propius
332 1902 527 1940 accesserim,
543 1902 622 1934 nihil
637 1903 765 1934 omnino
781 1914 830 1935 me
850 1903 881 1934 in
897 1903 945 1934 his
959 1903 1135 1944 intelligere
1149 1902 1375 1935 animadverto.
1396 1912 1560 1944 quousque
1576 1911 1649 1933 vero

189 1957 311 1988 eminus
337 1957 581 1999 prospiciebam,
603 1957 670 1989 dici
696 1957 774 1989 rnibi
803 1957 922 1999 aliquid
949 1957 1126 1990 videbatur.
1170 1956 1259 1990 Tun.
1282 1956 1518 1995 Quamobrem?
1548 1954 1647 1996 [209]

185 2010 242 2044 So.
266 2010 381 2042 Dicam
397 2010 423 2042 si
438 2016 560 2053 potero.
605 2011 740 2044 Rectam
755 2012 902 2054 equidem
918 2012 958 2043 de
971 2017 1002 2044 te
1017 2011 1200 2054 opinionem
1213 2012 1344 2051 habeus,
1358 2009 1385 2041 si
1399 2016 1483 2041 tuam
1499 2014 1652 2052 praeterea

185 2065 401 2097 definitionem
423 2065 559 2107 accipio,
573 2070 605 2097 te
619 2077 797 2108 cognosco:
822 2066 965 2108 alioquin
982 2067 1134 2097 duntaxat
1148 2065 1272 2108 opinor.
1315 2064 1402 2096 Tne.
1425 2064 1475 2095 Ita
1490 2069 1548 2095 est.
1592 2064 1649 2095 So.

184 2119 338 2151 Definitio
353 2125 456 2151 autem
471 2119 656 2152 differentiae
672 2126 734 2153 tuae
748 2121 965 2163 interpretatio
977 2125 1054 2152 erat.
1097 2120 1186 2153 Tun.
1210 2119 1286 2151 Erat
1294 2124 1390 2151 certe.
1435 2119 1488 2151 So.
1510 2118 1649 2156 Quando

182 2173 277 2215 igitur
291 2174 444 2215 opinabar
459 2174 570 2211 solum,
587 2175 665 2205 nihil
691 2185 810 2216 eorum,
826 2175 939 2217 quibus
957 2185 991 2206 es
1005 2173 1174 2205 distinctus
1190 2174 1230 2204 ab
1245 2173 1327 2209 aliis,
1342 2172 1533 2214 cogitatione
1547 2171 1649 2214 perci-

185 2228 322 2270 piebam.
364 2228 452 2259 Tur..
476 2227 579 2270 Nihil,
603 2234 640 2259 ut
667 2229 799 2260 videtur.
844 2229 900 2260 So.
924 2227 1114 2261 Communia
1133 2237 1207 2269 ergo
1233 2227 1376 2268 quaedam
1401 2226 1614 2262 attendebam,
1629 2235 1648 2256 e

185 2282 298 2324 quibus
312 2280 391 2313 nihil
406 2287 440 2314 tu
455 2283 552 2324 magis
575 2292 668 2324 quam
690 2282 770 2314 alius
795 2282 898 2325 quivis
921 2282 1029 2313 habes.
1072 2280 1160 2312 Tne.
1181 2279 1369 2312 Necessario
1393 2279 1545 2322 sequitur.
1589 2279 1649 2311 So.

185 2334 248 2368 Dic
262 2346 333 2378 age,
349 2346 403 2378 per
416 2335 540 2375 Jovem,
555 2347 620 2379 quo
636 2341 729 2379 pacto
751 2342 826 2369 tunc
846 2337 952 2379 potius
977 2342 1008 2368 te
1036 2345 1131 2377 quam
1155 2334 1252 2365 alium
1275 2333 1448 2376 quemlibet
1473 2333 1649 2376 opinabar?

190 2389 280 2422 Pone
304 2390 414 2432 utique
434 2390 479 2422 ita
492 2401 542 2422 me
557 2390 760 2433 cogitantem,
774 2391 970 2423 Theaetetum
995 2400 1063 2422 esse
1086 2389 1188 2431 illum,
1202 2388 1256 2430 qui
1280 2393 1313 2419 et
1335 2388 1429 2419 homo
1443 2395 1502 2425 est,
1517 2392 1550 2419 et
1564 2397 1654 2418 nares

186 2448 219 2475 et
233 2454 268 2475 os
282 2448 316 2475 et
329 2444 437 2476 oculos
457 2445 563 2486 habet,
577 2444 782 2488 similiterque
806 2445 926 2488 reliqua
951 2445 1099 2476 membra.
1122 2454 1196 2474 num
1221 2441 1372 2484 cogitatio
1398 2442 1458 2473 ista
1485 2441 1594 2482 efficit,
1616 2446 1650 2472 ut

186 2496 382 2528 Tlieoetetum
397 2498 503 2539 potius
517 2509 610 2541 quam
626 2499 827 2530 Theodorum
844 2499 1102 2534 animadvertam,
1118 2497 1167 2528 vel
1184 2496 1402 2528 vilissimorum
1418 2495 1579 2527 hominum
1595 2506 1650 2526 ex-

189 2556 320 2582 tremum
342 2552 544 2593 quempiam?
588 2552 676 2584 Tne.
699 2552 862 2590 Quinam?
906 2553 963 2584 So.
986 2551 1020 2583 Si
1036 2562 1108 2582 vero
1133 2561 1198 2581 non
1217 2550 1318 2581 solum
1333 2550 1499 2581 habentem
1515 2559 1603 2580 nares
1618 2554 1652 2580 et

186 2604 295 2637 oculos
309 2605 458 2647 cogitem,
470 2606 526 2637 sed
548 2611 581 2638 et
595 2606 706 2639 simum
722 2617 832 2638 nasum
847 2612 880 2638 et
895 2606 1109 2649 prominentes
1124 2604 1246 2644 oculos,
1261 2603 1361 2635 nihilo
1381 2603 1479 2645 magis
1492 2603 1601 2634 iterum
1618 2608 1650 2634 te

184 2669 278 2702 quam
294 2669 344 2691 me
359 2659 460 2702 ipsum
476 2664 509 2690 ct
523 2659 613 2697 alios,
630 2660 815 2702 quicunque
831 2661 908 2692 tales
921 2665 1006 2701 sunt,
1021 2660 1184 2701 opinabor.
1227 2658 1255 2690 T
1257 2668 1315 2689 ua.
1339 2658 1446 2699 AEque
1461 2668 1547 2689 sane.
1592 2657 1649 2688 So.

186 2712 234 2745 At
247 2723 320 2746 vero
335 2724 398 2744 uon
414 2712 500 2756 prius
514 2713 563 2744 Th
572 2718 731 2756 eaetetum,
744 2720 780 2745 ut
803 2715 945 2752 arbitror,
959 2714 1124 2756 opinabor,
1139 2723 1232 2755 quam
1247 2712 1376 2754 figuram
1391 2712 1472 2743 hanc
1486 2710 1594 2742 simam
1611 2711 1650 2741 ab

186 2767 267 2805 aliis,
276 2778 480 2810 quascunque
494 2767 572 2806 vidi,
586 2768 670 2800 simis
679 2768 784 2810 figuris
800 2779 854 2811 per
865 2769 993 2811 aliquod
1003 2771 1240 2799 monumentum
1254 2766 1338 2798 illius
1352 2765 1511 2808 proprium
1526 2765 1650 2796 insitam

186 2821 263 2853 mihi
278 2821 468 2863 distinguam
483 2831 492 2862 3
517 2821 639 2864 aliaque
654 2820 806 2858 similiter,
821 2833 839 2853 e
854 2822 967 2864 quibus
981 2832 1032 2853 me
1047 2831 1265 2862 cognosceres.
1288 2826 1322 2852 et
1337 2820 1363 2852 si
1373 2820 1490 2852 deinde
1504 2824 1536 2851 te
1549 2819 1651 2850 offen-

183 2876 273 2918 dero,
288 2876 471 2909 memorabis
498 2875 587 2918 mihi,
602 2880 634 2907 et
656 2881 741 2907 recta
768 2876 809 2907 de
830 2881 862 2908 te
886 2875 1010 2918 opinari
1032 2875 1139 2907 faciet.
1182 2875 1270 2907 Tne.
1293 2874 1378 2906 Vera
1402 2873 1546 2916 loqueris.
1591 2872 1648 2903 So.

186 2929 268 2971 Ergo
283 2929 366 2962 circa
381 2929 590 2962 differentiam
607 2928 765 2971 propriam
783 2934 866 2960 recta
880 2929 921 2960 de
937 2939 1128 2972 unoquoque
1145 2933 1280 2960 versatur
1301 2928 1422 2970 opinio.
1466 2927 1554 2958 Tun.
1578 2925 1647 2966 Ap-

183 2988 282 3025 paret.
326 2983 383 3022 80.
407 2983 493 3021 Quid
511 2983 604 3026 igitur
620 2983 748 3015 ulterius
764 2983 834 3022 erit,
850 2994 912 3015 una
929 2994 999 3015 cum
1016 2988 1100 3016 recta
1115 2983 1267 3026 opinione
1285 2982 1499 3014 definitionem
1521 2989 1648 3022 quoquc
