1846 3268
188 249 264 287 146
544 246 812 286 PLATONIS
843 247 1124 288 APOLOGIA
1155 248 1311 290 SOCR.
1585 255 1656 307 [42

183 352 304 394 liquum
316 351 383 393 jam
399 355 524 393 tempus
547 355 735 393 permanent
759 350 975 392 immortales;
1000 352 1025 383 si
1048 352 1176 394 quidem
1192 364 1264 385 vera
1290 359 1375 392 sunt,
1402 364 1472 397 quae
1498 355 1657 390 dicuntur.

185 406 253 438 Vos
267 416 406 449 quoque,
423 417 442 437 o
452 405 592 447 judices,
613 406 693 436 bene
709 405 750 436 de
765 410 864 436 morte
880 416 1003 447 sperare
1019 406 1156 445 debetis,
1171 407 1268 448 idque
1285 419 1383 440 unum
1400 410 1538 452 cogitare
1552 422 1657 443 vemm

185 471 265 498 esse,
279 460 345 492 viro
357 460 508 492 videlicet
522 460 606 491 bono
622 459 701 491 nihil
717 460 792 491 mali
811 460 954 492 accidere
971 471 1064 503 posse
1079 471 1183 504 neque
1199 461 1327 502 viventi,
1353 474 1457 506 neque
1483 464 1658 507 defunct03

184 524 295 558 neque‘
304 525 352 546 res
366 515 451 546 illius
463 525 482 546 a
494 514 555 545 diis
571 514 700 556 negligi.
747 513 861 556 Neque
876 525 949 546 vero
966 525 1035 547 mea
1049 526 1134 548 nunc
1151 527 1224 548 casu
1252 517 1358 559 aliquo
1384 517 1578 557 acciderunt,
1600 519 1656 551 sed

185 569 263 600 mihi
274 569 307 601 id
321 573 456 606 constat,
472 567 552 600 mori
563 567 630 610 jam
646 573 679 599 et
693 578 712 599 a
727 568 885 600 laboribus
902 569 1039 607 liberari,
1063 571 1140 602 mihi
1163 570 1276 602 melius
1293 572 1442 604 extitisse.
1466 578 1561 615 atque
1575 574 1657 606 hanc

186 623 227 654 ob
241 633 366 655 causam
383 623 524 654 divinum
540 622 620 654 illud
635 621 758 664 signum
775 622 852 654 mihi
876 633 941 654 non
957 624 1090 656 obstitit.
1137 624 1207 657 Nec
1223 625 1370 667 equidem
1386 627 1471 658 haud
1487 627 1657 660 admodum

185 678 233 710 his
243 678 392 720 indignor
406 676 460 719 qui
475 681 662 708 accusarunt
675 687 725 708 me
737 676 787 708 vel
803 677 1076 709 condemnarunt:
1100 679 1243 720 quamvis
1259 690 1323 712 non
1339 681 1397 713 hac
1412 687 1516 713 mente
1527 692 1658 715 accusa—

185 732 288 764 verint
303 742 352 763 me
367 736 463 774 atque
478 731 707 773 damnaverint,
721 731 777 763 sed
793 731 868 773 quia
882 732 1104 779 detrimentum
1121 733 1198 765 mihi
1214 733 1326 766 inferre
1342 736 1522 777 sperabant.
1537 736 1580 768 ob
1595 737 1657 769 hoc

182 786 296 829 utique
308 785 372 816 illis
386 789 436 817 est
445 785 705 817 succensendum.
749 784 828 828 (Sed
840 785 909 827 jam
922 785 962 817 ad
974 786 1102 818 eosdem
1117 787 1188 819 illos
1199 798 1349 827 reversus,
1360 789 1406 821 sic
1416 800 1470 822 eos
1478 790 1621 833 alloquor
1629 790 1658 834 z)

184 840 323 872 Tantum
337 845 442 871 tamen
459 849 514 870 vos
537 849 659 882 precor,
684 849 703 870 o
717 838 789 879 viri,
815 843 851 870 ut
865 850 952 871 meos
974 851 1100 882 quoque
1122 841 1215 880 filios,
1241 853 1312 874 cum
1328 844 1533 882 adoleverint,
1555 844 1582 876 si
1596 845 1659 887 ipsi

185 895 327 926 similiter
341 895 436 936 atq'ue
451 904 511 936 ego
526 893 616 925 vobis
630 893 758 925 molesti
774 893 850 934 sint,
865 894 965 935 poenis
984 894 1128 927 similiter
1143 896 1284 928 afficiatis
1298 908 1307 937 ;
1331 898 1516 939 praesertim,
1529 899 1557 930 si
1570 900 1658 931 vide-

184 954 278 981 antur
291 948 380 980 vobis
396 948 445 980 vel
462 948 677 990 pecuniarum,
691 948 740 979 vel
757 947 885 979 alterius
899 947 1087 991 cujusquam
1104 950 1150 981 rei
1165 950 1326 992 majorem,
1343 963 1436 994 quam
1452 953 1585 990 virtutis,
1601 964 1657 985 cu-

185 1015 250 1035 ram
267 1003 381 1034 habere
395 1013 405 1035 z
430 1007 526 1044 atque
550 1002 576 1033 si
592 1002 693 1034 videri
708 1002 818 1040 velint,
837 1007 1004 1044 putentve,
1028 1014 1062 1034 se
1088 1003 1224 1046 alicujus
1238 1015 1306 1037 esse
1323 1006 1426 1047 pretii,
1451 1017 1523 1038 eum
1540 1007 1660 1039 nullius

186 1059 260 1095 sint,
272 1057 343 1088 illos
356 1055 543 1098 objurgetis‚
558 1056 825 1099 quemadmodum
838 1067 898 1098 ego
914 1067 969 1088 vos
983 1068 993 1097 ;
1016 1058 1103 1098 quod
1118 1068 1184 1089 non
1196 1059 1257 1090 illis
1271 1060 1468 1099 incumbant,
1483 1061 1597 1103 quibus
1611 1065 1661 1093 est

188 1112 453 1152 incumbendum,
470 1121 506 1143 ae
522 1111 713 1149 existiment,
736 1121 808 1143 cum
831 1111 948 1143 nullius
970 1111 1065 1153 pretii
1088 1112 1162 1150 sint,
1187 1123 1221 1145 se
1243 1113 1363 1157 aliquid
1387 1125 1467 1148 esse.
1513 1115 1608 1153 Quod
1631 1115 1659 1147 si

185 1168 255 1198 haec
270 1166 418 1204 feceritis,
430 1165 518 1208 justa
541 1166 619 1208 [42]
642 1176 658 1197 a
677 1165 766 1197 vobis
788 1176 898 1208 passus
922 1165 1023 1204 fuero,
1046 1177 1170 1210 egoque
1195 1172 1228 1199 et
1242 1168 1311 1201 filii.
1355 1169 1418 1200 Sed
1439 1168 1507 1211 jam
1522 1170 1598 1201 hom·
1611 1175 1661 1202 est

187 1221 260 1253 hinc
276 1220 376 1258 abire,
391 1231 441 1251 me
457 1220 600 1263 quidem,
617 1225 652 1251 ut
667 1220 800 1260 ,morian
825 1231 880 1252 vos
894 1225 1011 1258 autem,
1028 1225 1064 1252 ut
1073 1221 1170 1254 vitam
1187 1223 1299 1266 agatis.
1346 1223 1417 1256 Utri
1429 1234 1502 1256 vero
1518 1228 1660 1256 nostrum

186 1276 218 1307 in
236 1275 346 1308 melius
361 1279 446 1313 eant,
458 1275 603 1307 omnibus
620 1280 827 1318 praeterquam
843 1275 904 1308 deo
920 1280 969 1308 est
983 1276 1149 1308 incertum.
1626 1281 1628 1283 ’
