1846 3268
152 285 249 336 300]
677 280 900 320 EUTHYD
908 280 985 320 EM
992 280 1071 319 US.
1534 282 1612 322 303

144 393 233 430 pater
247 392 318 419 tuus
334 390 420 429 pater
431 390 482 419 'est
495 384 643 417 omnium.
688 384 746 415 Est
760 389 876 417 tamen.
908 384 1022 416 Utrum
1036 383 1201 416 hominum
1216 383 1389 426 dumtaxat,
1404 394 1443 415 an
1460 394 1611 426 equorum

139 442 234 473 etiam
257 446 491 483 ceterorumque
517 439 698 470 animalium
725 438 864 469 omnium
879 439 890 468 ?
936 438 1087 470 Omnium
1115 448 1250 480 prorsus.
1297 436 1350 469 An
1380 443 1412 469 et
1435 442 1531 469 mater
1555 443 1610 469 tua

140 500 238 527 mater
252 495 413 526 omnium?
458 493 500 524 Et
516 499 621 525 mater.
666 493 749 534 Ergo
766 498 820 524 tua
835 497 932 524 mater
946 492 1128 524 echinorum
1150 493 1335 524 marinorum
1353 497 1450 524 mater
1464 497 1525 523 est.
1564 492 1609 523 Et

142 554 208 590 tua,
229 549 342 591 inquit.
386 548 429 579 Et
444 553 477 579 tu
494 558 594 579 rursus
612 547 713 578 trater
739 557 772 578 es
788 547 962 588 gobiorum,
987 546 1160 577 catulorum
1182 550 1214 577 et
1228 545 1446 588 porcellorum.
1489 545 1533 576 Et
1559 550 1609 588 tu,

142 604 203 635 nita
242 602 330 641 Quin
358 603 451 634 etiam
481 602 537 633 tibi
565 606 654 642 pater
681 605 728 632 est
752 601 851 632 caniss
897 600 939 632 Et
961 600 1019 631 tibi
1034 600 1172 641 insuper.
1215 599 1279 631 Hie
1294 599 1548 642 Dionysodorus,
1572 599 1608 630 Si

142 656 428 699 mihirespondere‚
445 656 608 698 Ctesippe,
624 655 769 696 volueris,
782 655 896 687 faciam
914 659 948 685 ut
962 654 1019 686 ista
1035 655 1203 688 concedas.
1226 653 1279 686 dic
1291 664 1361 695 age,
1372 659 1421 685 est
1432 653 1608 686 tibicanis2

143 711 186 743 Et
201 711 347 743 molestus
359 711 528 742 admodum
544 710 641 751 canis,
665 710 834 751 Ctesippus
848 709 904 741 ait.
949 709 1057 740 Habet
1077 709 1197 740 catulos
1212 709 1222 738 ?
1266 708 1359 740 Tales
1375 708 1469 741 habet
1482 708 1609 740 multos.

142 764 195 798 A'n
222 770 286 796 non
308 765 431 797 illorum
454 770 544 807 pater
565 769 613 795 est
634 764 743 796 canis?
789 764 929 795 Prorsus.
951 764 1040 804 signa
1057 773 1191 804 namque
1206 762 1283 800 vidi,
1299 772 1339 793 ex
1359 762 1471 804 quibus
1487 762 1609 793 illorum

142 824 260 862 patrem
277 830 344 851 esse
358 818 508 861 conjicio.
551 818 667 850 Nonne
689 824 761 849 tuus
784 823 832 849 est
853 817 963 849 canis?
1009 817 1078 849 Est.
1124 816 1241 848 Nonne
1262 816 1356 858 igi-tur
1372 821 1459 857 pater
1474 816 1610 847 existens

141 880 214 905 tuus
229 874 298 906 est?
322 885 416 916 quare
432 878 503 905 tuus
519 879 606 915 pater
623 873 659 904 fit
674 873 773 913 canis,
788 879 885 914 tuque
901 872 1071 904 catulorum
1087 871 1190 903 frater.
1214 871 1276 902 Sed
1290 881 1329 902 ne
1344 869 1422 912 quid
1438 870 1610 912 Ctesippus

142 927 342 969 anticiparet,
357 933 486 970 repente
502 927 620 970 adjecit
635 927 878 969 Dionysodorus
893 938 901 958 ε
926 927 1060 958 Paulum
1082 925 1158 968 quid
1174 925 1254 957 ultra
1278 925 1442 967 responde.
1486 923 1608 956 Canem

141 981 225 1013 hunc
242 982 405 1013 verberas?
450 981 602 1013 Atridens
617 981 788 1023 Ctesippus
803 981 860 1018 ait,
875 981 1014 1012 verbero.
1036 986 1067 1012 te
1082 985 1186 1012 autem
1202 989 1338 1021 nequeo.
1367 978 1420 1010 An
1436 989 1500 1010 non
1514 978 1612 1020 igitur

140 1040 228 1067 tu‘um
245 1041 363 1078 patrem
380 1036 540 1067 verberas?
565 1036 662 1078 [299]
687 1035 811 1076 Longe,
828 1035 1002 1077 respondit,
1013 1034 1131 1076 justius
1153 1039 1245 1071 esset,
1270 1038 1306 1064 ut
1329 1038 1449 1075 patrem
1472 1037 1609 1064 vestrum

141 1090 345 1128 verberarem,
357 1090 412 1132 qui
424 1091 623 1132 disciplinam
635 1091 740 1132 quand
748 1100 796 1121 am
808 1090 952 1131 adeptus,
966 1090 1045 1120 adeo
1056 1089 1212 1131 sapientes
1224 1087 1303 1120 filios
1314 1087 1433 1130 genuit.
1458 1087 1613 1129 profecto,

145 1143 358 1187 Euthydeme,
375 1145 471 1176 multa
486 1145 569 1176 bona
582 1155 620 1176 ex
636 1149 736 1177 vestra
751 1144 907 1186 sapientia
921 1149 1020 1175 vester
1029 1149 1061 1175 et
1071 1143 1244 1175 catulorum
1256 1149 1344 1184 pater
1353 1147 1401 1174 est
1409 1145 1610 1175 consecutus.

145 1197 260 1240 Neque
274 1199 328 1231 ille
345 1199 434 1231 bonis
449 1199 555 1231 multis
569 1199 702 1240 indiget,
719 1209 738 1230 o
751 1199 1026 1240 Ctesippe‚neque
1038 1203 1082 1230 tu.
1106 1198 1220 1240 Neque
1230 1204 1264 1229 tu
1275 1198 1382 1234 etiam»,
1394 1196 1610 1238 Euthydeme,

143 1263 246 1294 neque
261 1253 340 1284 alius
355 1254 518 1295 quisquam
533 1253 705 1290 hominum,
722 1253 836 1295 inquit.
857 1252 920 1285 Dic
937 1253 1066 1290 etenim,
1083 1251 1247 1294 Ctesippe,
1269 1251 1361 1289 mihi,
1373 1256 1475 1282 utrum
1490 1251 1608 1282 bonum

141 1318 209 1339 esse
224 1319 351 1340 censeas
367 1308 415 1339 vel
432 1309 592 1349 aegrotanti
609 1308 807 1349 pharmacum
824 1307 943 1344 bibere,¹
955 1308 1082 1348 quando
1104 1307 1238 1348 indiget,
1254 1317 1294 1337 an
1309 1306 1398 1337 non?
1421 1305 1470 1336 vel
1485 1302 1606 1336 homini

140 1367 315 1403 pugnaturo
332 1363 447 1393 bonum
462 1370 529 1393 esse
545 1368 580 1393 ut
594 1367 728 1393 armatus
743 1362 889 1403 prodeat,
901 1371 940 1392 an
956 1362 1083 1393 inermis
1097 1362 1108 1392 ?
1154 1361 1298 1392 Arbitror
1309 1360 1469 1402 equidem.
1491 1369 1607 1401 nempe

141 1421 288 1457 exspecto
303 1416 421 1458 aliquid
432 1417 487 1447 abs
498 1421 529 1447 te
540 1416 709 1458 egregium.
755 1416 829 1457 Ipse
851 1416 975 1447 videbis
998 1416 1131 1458 optime,
1144 1415 1262 1458 inqui-t.
1304 1414 1424 1446 Verum
1439 1414 1608 1456 responde,

140 1474 305 1512 postquam
321 1471 480 1501 confessus
494 1481 530 1501 es
542 1471 658 1501 bonum
675 1481 754 1507 esse,
770 1470 898 1512 quando
921 1481 968 1502 res
991 1471 1142 1512 postulat,
1165 1471 1367 1512 pharmacum
1389 1469 1507 1510 bibere,
1523 1478 1607 1499 nun·

140 1523 216 1566 quid
232 1524 292 1556 hoc
309 1525 426 1556 bonum
440 1535 533 1566 quam
549 1525 716 1566 plurimum
733 1529 858 1566 oportet
872 1524 1001 1556 bibere?
1025 1525 1242 1566 optimumque
1263 1524 1332 1562 erit,
1348 1524 1374 1556 si
1388 1524 1458 1566 quis
1473 1528 1552 1554 terat
1573 1527 1607 1554 et

138 1577 285 1610 infundat
307 1579 422 1620 poculo
450 1578 578 1610 ellebori
608 1583 740 1615 tanturn,
769 1584 921 1620 quantum
950 1589 1040 1611 curru
1065 1579 1170 1620 aliquo
1196 1578 1342 1610 vehitur?
1387 1578 1517 1610 Prorsus
1545 1577 1605 1615 ita,

143 1632 315 1674 Ctesippus
330 1633 386 1670 ait,
400 1633 427 1663 si
444 1637 547 1664 tantus
563 1633 605 1665 sit
619 1634 674 1675 qui
697 1633 850 1664 bibiturus
864 1638 923 1670 est,
946 1638 1064 1675 quanta
1086 1638 1134 1664 est
1147 1637 1248 1665 statua
1272 1632 1441 1674 Delphica.
1486 1632 1606 1663 Nonne

143 1685 284 1717 similiter
297 1691 330 1717 et
344 1686 375 1717 in
391 1686 487 1725 bello,
502 1686 616 1729 inquit,
632 1688 658 1718 si
675 1688 790 1718 bonum
807 1692 856 1718 est
871 1688 962 1719 armis
985 1687 1099 1725 fulciri,
1115 1687 1247 1730 plurima
1263 1698 1346 1718 arma
1360 1686 1507 1718 habenda
1521 1691 1608 1729 sunt,

135 1739 373 1783 jaculorumque
388 1746 421 1772 et
434 1742 603 1783 clipeorum
619 1742 864 1774 circumferenda
880 1747 928 1774 est
942 1742 1062 1775 sarcina
1075 1743 1085 1773 ?
1102 1742 1358 1784 quandoquidem
1370 1741 1405 1772 id
1418 1741 1533 1772 bonum
1546 1745 1611 1772 est.

139 1793 182 1825 Et
208 1795 340 1828 maxime
364 1795 503 1837 quidem,
530 1796 701 1838 Ctesippus
724 1796 779 1827 ait.
823 1796 872 1827 Tu
899 1807 972 1828 vero
997 1807 1061 1827 non
1082 1801 1186 1838 putas,
1201 1795 1414 1838 Euthydeme‚
1429 1796 1485 1827 sed
1508 1805 1606 1827 unum

140 1849 302 1880 dumtaxat
332 1849 473 1891 jaculum
504 1860 570 1881 esse
598 1850 782 1882 ferendum?
828 1851 998 1892 Equidem,
1026 1851 1142 1893 inquit.
1188 1851 1239 1882 Ita
1268 1850 1462 1893 Geryonem,
1490 1848 1607 1891 inquit,

140 1902 366 1946 Briareumque
380 1905 535 1935 armares?
560 1915 619 1947 ego
635 1910 739 1936 autem
763 1906 870 1947 putavi
894 1905 1097 1937 robustiorem
1120 1911 1150 1937 te
1166 1917 1247 1943 esse,
1269 1905 1450 1946 sociumque
1466 1903 1608 1936 similiter

139 1957 245 1996 istum,
260 1962 371 1999 utpote
384 1957 465 1989 viros
480 1958 656 2000 armigeros.
701 1959 921 2002 Euthydemus
936 1959 1064 2001 quidem
1081 1960 1190 1992 tacuit.
1235 1959 1480 2002 Dionysodorus
1495 1964 1602 1990 autem

137 2012 283 2044 adversus
313 2023 349 2044 ea
379 2023 449 2054 quae
478 2014 611 2055 primum
650 2014 822 2056 Ctesippus
858 2016 1072 2056 responderat,
1105 2015 1215 2047 intulit
1229 2026 1237 2048 :
1277 2016 1405 2048 Bonum
1441 2015 1499 2046 tibi
1532 2025 1603 2046 esse

134 2067 256 2098 videtur
270 2078 375 2098 aurum
392 2068 530 2099 habere?
574 2068 676 2100 Valde
703 2069 842 2111 quidem,
858 2070 1022 2112 respondit
1047 2070 1230 2112 Ctesippus,
1273 2069 1327 2101 An
1351 2080 1416 2101 non
1430 2074 1463 2101 et
1484 2069 1600 2100 habere

139 2121 290 2161 pecunias
315 2132 438 2164 semper
461 2127 556 2164 atque
584 2123 724 2165 ubique?
768 2124 921 2162 Maxime,
951 2124 1066 2167 inquit.
1111 2124 1228 2156 Nonne
1256 2125 1374 2156 bonum
1402 2133 1470 2155 esse
1494 2133 1605 2154 aurum

139 2175 323 2207 confiteris?
368 2177 513 2208 Confessi
525 2177 590 2218 jam
609 2189 725 2210 sumuS.
771 2178 900 2220 Semper
914 2180 1017 2221 ipsum
1034 2180 1146 2211 habere
1171 2185 1205 2211 et
1220 2179 1336 2220 ubique
1353 2181 1490 2220 oportet,
1512 2181 1546 2208 et
1569 2178 1603 2210 in

138 2230 242 2272 seipso
257 2241 349 2272 quam
366 2231 495 2262 maxime
509 2232 519 2262 ?
544 2232 801 2275 beatissimusque
811 2233 836 2264 is
848 2239 941 2271 esset,
952 2234 1007 2276 qui
1021 2234 1080 2265 tria
1092 2234 1159 2265 auri
1171 2234 1289 2265 talenta
1298 2233 1330 2264 in
1343 2237 1451 2264 ventre
1462 2233 1606 2271 haberet,

138 2283 289 2314 talentum
305 2295 400 2316 unum
415 2286 472 2316 sub
487 2286 602 2328 capitis
617 2297 696 2324 osse,
713 2292 859 2319 staterem
875 2292 992 2325 autem,
1006 2288 1039 2319 id
1057 2292 1104 2319 est
1118 2299 1278 2319 nummum
1293 2287 1450 2329 quendam
1467 2293 1499 2318 et
1518 2297 1601 2329 pon-

140 2338 199 2369 dus
213 2338 290 2376 auri,
306 2338 442 2381 utrisque
456 2339 489 2370 in
507 2341 616 2372 oculis.
640 2341 768 2379 Ferunt,
783 2341 888 2383 inquit
903 2342 1084 2384 Ctesippus,
1101 2353 1121 2373 o
1136 2342 1349 2384 Euthydeme,
1366 2342 1450 2384 apud
1467 2342 1604 2384 Scythas

138 2401 192 2423 eos
205 2391 398 2423 felicissimos
411 2394 611 2436 optimosque
627 2396 705 2426 viros
720 2406 799 2434 esse,
816 2396 871 2438 qui
883 2396 915 2426 in
931 2396 979 2427 sui
991 2396 1105 2438 capitis
1119 2396 1238 2427 ossibus
1253 2406 1361 2427 aurum
1377 2396 1508 2427 multum
1524 2407 1603 2428 con-

138 2445 251 2483 tinent,
278 2448 539 2488 quemadmodum
566 2454 599 2479 tu
625 2449 719 2490 paulo
734 2455 807 2481 ante
834 2460 944 2482 canem
959 2449 1086 2481 dicebas
1107 2454 1248 2491 patrem:
1273 2450 1421 2491 quodque
1436 2450 1535 2492 magis
1555 2454 1605 2481 est

138 2498 259 2540 mirum,
270 2500 332 2530 suis
343 2511 381 2532 ex
392 2502 546 2542 capitibus
560 2503 716 2534 deauratis
730 2503 853 2542 bibunt,
869 2508 902 2535 et
911 2505 979 2535 haec
992 2503 1225 2546 introspiciunt,
1240 2504 1386 2536 verticem
1401 2504 1600 2545 frontemque

141 2563 227 2584 suam
244 2554 384 2586 manibus
397 2555 586 2588 attollentes.
631 2556 685 2588 Ad
710 2557 808 2599 [300]
833 2559 900 2590 haec
914 2558 1146 2601 Euthydemus,
1164 2558 1289 2596 Utrum,
1309 2558 1474 2600 Ctesippe,
1491 2558 1601 2589 vident

141 2613 174 2638 et
211 2608 338 2650 Scythae
372 2613 404 2639 et
436 2609 531 2641 ceteri
565 2611 720 2653 homines,
743 2622 814 2653 quas
836 2617 969 2653 possunt
991 2612 1109 2649 videre,
1149 2613 1196 2644 vel
1232 2623 1303 2655 quae
1339 2623 1404 2644 non
1441 2612 1598 2655 possunt?

143 2662 224 2699 Quae
249 2667 380 2703 possunt
403 2662 510 2704 plane.
553 2663 670 2695 Nonne
694 2670 726 2696 et
752 2666 810 2698 tu?
857 2667 899 2697 Et
922 2678 981 2708 ego
1006 2667 1157 2700 similiter.
1202 2666 1319 2699 Viden’
1341 2671 1461 2698 nostras
1475 2666 1601 2698 vestes?

142 2716 258 2748 Video.
304 2716 441 2748 Possunt
454 2716 549 2759 igitur
564 2718 611 2749 hae
634 2719 763 2751 videre?
787 2721 935 2758 Mirifice,
958 2721 1128 2763 Ctesippus
1142 2721 1196 2755 ait.
1242 2721 1329 2759 Quid
1345 2731 1435 2763 porro
1450 2721 1461 2752 ?
1483 2719 1603 2761 inquit.

141 2770 242 2802 Nihil.
264 2770 338 2813 Ipse
362 2782 434 2802 vero
464 2782 528 2803 non
558 2778 649 2814 putas
677 2775 733 2806 has
761 2774 891 2807 videre?
915 2786 1013 2818 usque
1038 2777 1118 2808 adeo
1139 2775 1300 2818 jucundus
1325 2786 1358 2808 es
1373 2777 1429 2808 vir.
1472 2773 1600 2820 Videris

141 2824 230 2862 mihi,
259 2825 471 2868 Euthydeme‚
501 2828 732 2868 quodammodo
761 2834 847 2861 extra
875 2841 1016 2861 somnum
1045 2830 1247 2868 obdormisse,
1276 2841 1430 2873 posseque
1460 2834 1491 2860 te
1520 2833 1599 2870 pulo

141 2878 299 2911 dicentem
320 2880 397 2911 nihil
421 2881 538 2914 dicere.
583 2881 625 2913 Et
647 2887 680 2914 tu
709 2883 792 2915 istud
824 2884 924 2916 facere
957 2885 1080 2917 videris.
1124 2885 1278 2928 Nunquid
1313 2884 1507 2926 impossibile
1541 2888 1604 2925 est,

140 2932 381 2976 Dionysodorus
411 2935 466 2973 ait,
495 2941 650 2968 tacentem
680 2938 806 2970 dicere?
844 2938 1052 2980 Impossibile,
1081 2939 1252 2981 Ctesippus
1275 2939 1386 2981 inquit.
1431 2938 1600 2970 Dicentem

143 2997 214 3019 vero
230 2990 351 3022 tacere?
374 2990 527 3024 Possibile
543 2991 640 3024 multo
657 2993 768 3026 minus.
813 2994 950 3032 Quando
961 2994 1054 3037 igitur
1066 2994 1202 3038 lapidem
1217 2993 1308 3034 dieis,
1323 3003 1428 3026 nonne
1444 2996 1604 3026 tacentem
