1846 3268
181 278 282 328 463]
795 272 1056 312 GORGIAS.
1568 274 1649 313 295

176 380 270 422 Quid
285 379 380 412 vero?
403 387 508 410 nonne
523 377 597 409 mihi
610 381 762 419 quantuni
773 375 901 407 voluero
919 375 1026 408 licebit
1041 375 1128 417 loqui
1141 377 1153 406 ,Ρ
1197 375 1254 407 So.
1277 374 1380 414 Gravi
1390 374 1519 406 nimium
1533 374 1649 417 injuria

178 433 356 471 efficereris,
370 433 494 474 oPole‚
508 432 534 463 si
559 431 717 474 profectus
743 429 898 467 Athenas,
912 430 966 461 ubi
992 429 1090 461 totius
1105 429 1237 465 Graeciae
1266 429 1400 465 maxima
1425 433 1474 460 est
1498 429 1651 471 loquendi

176 487 319 524 -t'rbertas,
331 486 500 528 solus-ipse
521 486 581 518 hoc
607 486 640 517 in
657 485 929 526 locoipotestatem
945 483 1098 526 loquendi
1115 493 1170 525 pro
1186 483 1312 514 arbitrio
1328 493 1394 517 non
1416 482 1557 515 haberes.
1602 482 1649 514 At

178 542 290 572 contra
303 550 398 581 pone,
414 540 562 572 videlicet
576 539 602 571 si
617 545 648 571 te
664 538 783 581 prolixe
807 538 969 580 loquente,
984 547 1088 579 neque
1105 537 1230 569 volente
1244 537 1286 569 ad
1310 537 1497 578 interrogata
1517 546 1648 578 respon·

178 594 269 632 dere,
280 604 343 625 non
359 592 467 638 liceret
480 593 556 625 mihi
571 592 656 625 abire
680 597 713 624 et
737 597 769 624 te
792 591 901 623 audire
923 590 1028 622 nolle:
1054 590 1152 633 [462]
1175 601 1282 622 nonne
1307 601 1368 633 ego
1389 600 1516 632 quoque
1541 590 1647 632 gravia

180 650 315 688 paterer,
330 646 356 677 si
370 657 434 678 non
449 647 558 678 liceret
572 646 648 678 mihi
664 645 760 682 abire,
784 649 879 687 teque
892 644 1003 676 audire
1017 644 1124 676 nolle?
1170 644 1288 676 Verum
1304 644 1330 676 si
1346 654 1409 686 qua
1420 643 1480 676 tihi
1503 643 1646 686 disputa-

180 700 276 738 tionis
290 700 384 743 hujus
398 706 448 733 est
461 711 546 739 cura,
561 711 693 742 eamque
705 699 857 741 corrigere
873 698 962 736 velis,
977 699 1240 740 quemadmodum
1255 698 1348 729 modo
1360 698 1518 739 dicebam,
1531 701 1647 732 retrac-

175 759 250 786 tans
263 755 350 797 qnod
365 755 423 787 tibi
432 755 668 787 retractandum
684 754 819 791 videtur,
845 762 1020 794 rogansque
1043 752 1179 783 vicissim
1192 757 1290 794 atque
1304 752 1512 794 respondens,
1535 757 1570 784 ut
1584 762 1645 793 ego

179 807 376 850 Gorgiasque
390 808 534 846 fecimus,
546 809 698 850 redargue
713 817 775 844 me,
790 817 827 838 ac
839 811 871 837 te
886 805 1029 847 redargui
1042 806 1174 847 patiare.
1218 805 1272 837 An
1285 805 1364 836 dicis
1376 810 1406 836 te
1417 805 1646 847 quoquesc'rre,

178 873 251 905 quae
274 867 309 894 et
322 862 455 904 Gorgias
476 874 510 894 se
536 862 615 894 scire
640 860 825 904 profitetur?
870 859 954 891 Por.
978 859 1063 891 Dico
1087 859 1248 902 equidem.
1292 859 1348 891 So.
1371 858 1415 895 Et
1433 858 1540 900 jubes,
1554 863 1590 889 ut
1604 859 1647 890 de

174 927 244 959 ,quo
258 917 392 959 quisque
403 917 492 954 -velit,
506 927 531 951 ,a
554 921 585 947 te
608 920 740 957 quaerat,
763 920 837 956 tanq
850 924 910 944 *am
938 914 978 945 ab
992 913 1119 947 homine
1140 913 1197 956 qui
1207 913 1400 955 respondere
1414 911 1514 944 sciat?
1559 912 1647 949 Por„

178 971 286 1003 Certe.
327 971 383 1003 So.
405 970 502 1002 Nunc
525 980 599 1012 ergo
620 969 801 1001 alterutrum
823 973 879 1000 tuo
905 967 1054 999 arbitratu
1078 968 1188 1005 facias,
1204 967 1252 999 vel
1273 977 1389 1009 quaere,
1405 966 1455 998 vel
1479 966 1647 1008 responde.

180 1025 266 1063 Pom.
287 1024 412 1056 Faciam
427 1023 588 1067 equidem,
602 1028 697 1066 atque
718 1022 794 1053 mihi
821 1023 991 1064 responde,
1014 1032 1033 1053 o
1052 1021 1206 1054 Socrates.
1229 1020 1487 1063 quandoquidem
1510 1018 1644 1061 Gorgias

176 1077 263 1111 *eirca
277 1078 459 1110 rhetoricam
474 1078 532 1110 tibi
546 1087 610 1109 non
626 1076 788 1113 satisfacit,
812 1081 847 1110 tu
869 1075 970 1118 ipsam
994 1085 1088 1118 quam
1104 1085 1171 1107 esse
1185 1073 1288 1111 dicis?
1333 1074 1390 1106 So.
1415 1073 1646 1114 Inter-regesne,

176 1142 275 1174 quam
298 1137 395 1165 artem
419 1142 488 1164 esse
514 1131 644 1173 putem?
690 1131 776 1163 Por..
800 1130 839 1161 Id
869 1130 985 1172 ipsum.
1029 1129 1086 1162 So.
1109 1128 1252 1166 Nullam,
1275 1139 1295 1159 o
1316 1126 1410 1166 Pole,
1436 1133 1472 1158 ut
1492 1136 1564 1157 vera
1589 1125 1646 1159 tibi

177 1185 301 1227 loquar.
343 1186 429 1218 Pon.
452 1185 540 1223 Quid
560 1185 655 1227 igitur
677 1183 734 1215 tibi
751 1184 874 1216 videtur
898 1194 966 1215 esse
992 1183 1172 1215 rhetorica?
1215 1182 1272 1214 So.
1295 1182 1362 1213 Res
1389 1191 1482 1224 quam
1507 1186 1541 1211 tu
1565 1179 1646 1211 dicis

179 1238 292 1271 fecisse
305 1243 414 1276 artem,
431 1239 464 1270 in
479 1249 518 1270 eo
535 1238 612 1270 libro
627 1247 720 1279 quem
742 1247 844 1278 nuper
865 1237 938 1279 legi.
984 1236 1068 1269 Por..
1092 1236 1252 1277 Quidnam
1268 1235 1372 1267 dicis?
1414 1234 1472 1266 So.
1496 1233 1649 1266 Peritiam>

175 1293 350 1334 quandam.
394 1292 482 1327 Pon.
507 1292 624 1331 Peritia
638 1301 712 1333 ergo
727 1291 783 1322 tibi
795 1291 921 1327 ,videtur
935 1301 1003 1322 esse
1018 1290 1196 1323 rhetorica?
1241 1291 1296 1324 So.
1320 1288 1405 1320 Mihi
1427 1287 1570 1330 quidem,
1585 1287 1645 1318 nisi

179 1351 215 1377 tu
229 1345 315 1381 aliud
330 1346 457 1379 dixeris.
501 1346 584 1388 Pon.
603 1345 708 1387 Cujus
715 1345 842 1378 ,videtur
856 1344 899 1376 rei
915 1344 1051 1386 peritia?
1096 1345 1152 1376 So.
1176 1344 1316 1377 Gratiam
1331 1343 1489 1386 quandam
1502 1342 1647 1384 volupta-

176 1404 307 1442 remque
321 1400 475 1443 pariendi.
521 1400 605 1432 Pon.
629 1399 747 1431 Nonne
758 1399 852 1441 igitur
863 1399 1026 1442 pulchrum
1038 1398 1190 1441 quiddam
1203 1399 1359 1430 existimas
1370 1408 1439 1430 esse
1447 1396 1647 1433 rhetoricam.

178 1465 250 1486 curn
265 1455 350 1496 apud
367 1454 508 1486 homines
523 1464 702 1496 comparare
718 1454 846 1495 gratiam
863 1452 985 1495 possit?
1030 1453 1085 1484 So.
1109 1453 1210 1490 Quid,
1237 1463 1256 1485 ο
1282 1451 1384 1484 Pole?
1408 1450 1557 1482 audivisti
1578 1448 1647 1491 jam

176 1508 255 1550 ‚quid
270 1509 356 1540 illam
369 1520 437 1541 esse
451 1510 567 1551 dicam,
582 1508 636 1550 qui
647 1508 799 1550 deinceps
812 1508 984 1550 interrogas
999 1512 1101 1540 utrum
1126 1507 1286 1549 pulchram
1301 1516 1369 1538 esse
1384 1505 1515 1548 putem?
1561 1504 1647 1543 Por.

179 1562 298 1595 Nonne
310 1563 418 1597 audivi
433 1567 464 1594 te
479 1563 650 1600 dicentem,
666 1572 733 1594 esse
750 1562 893 1604 peritiam
907 1562 1064 1603 quandam
1077 1562 1089 1593 ?
1134 1561 1192 1593 So.
1215 1560 1314 1593 Visne
1329 1560 1435 1602 igiter,
1445 1557 1646 1601 quandoqui-

178 1616 260 1648 deur>
268 1617 397 1658 gratiam
413 1615 520 1659 magni
533 1616 624 1657 facis,
640 1616 768 1658 paulum
784 1616 860 1658 quid
879 1615 956 1647 mihi
979 1615 1167 1657 gratificari?
1213 1615 1300 1650 Por..
1324 1614 1421 1647 Voio.
1464 1613 1520 1646 So.
1543 1612 1648 1645 Inter-

177 1680 256 1712 roga
268 1680 319 1704 me
333 1681 431 1708 nunc,
453 1680 546 1713 quam
563 1673 659 1701 artem
677 1680 744 1701 esse
759 1669 974 1711 coquinariam
990 1675 1110 1712 putem.
1153 1668 1237 1702 Por..
1259 1668 1345 1701 Ecce
1359 1667 1517 1709 interrogo
1531 1677 1539 1697 :
1559 1676 1647 1708 quae-

178 1733 252 1757 nam
274 1733 323 1756 ars
344 1723 527 1765 coquinaria
551 1724 621 1755 est?
666 1723 722 1755 So.
744 1723 854 1761 Nulla.
899 1723 980 1755 Por„
1012 1722 1058 1755 At
1083 1722 1185 1765 quid?
1230 1722 1286 1755 So.
1317 1721 1468 1754 Peritiarn
1488 1721 1647 1764 quandam

178 1787 247 1809 esse
275 1778 360 1810 dico.
404 1778 489 1810 Por..
513 1777 667 1815 Quaenam
697 1777 809 1819 peritia
831 1777 898 1808 est?
944 1777 1000 1810 So.
1035 1776 1176 1820 Gyatiam
1206 1776 1464 1819 voluptatemque
1491 1773 1648 1817 pariendi.

181 1831 265 1863 Por„
287 1831 419 1863 Idemne
443 1837 492 1863 est
517 1831 700 1873 coquinaria
724 1837 820 1873 atque
848 1831 1029 1863 rhetorica?
1075 1831 1131 1864 So.
1153 1830 1253 1862 Nullo
1282 1835 1398 1872 pacto5
1419 1830 1474 1861 sed
1503 1829 1646 1871 ejusdem

179 1885 278 1916 studii
299 1885 462 1927 particula.
506 1885 589 1918 Por,-
613 1885 714 1928 Cujus
739 1885 860 1926 studiI?
906 1886 962 1918 So.
986 1885 1038 1917 Ne
1064 1885 1172 1919 durius
1187 1885 1226 1916 sit
1240 1885 1401 1925 veritatem
1422 1884 1525 1916 dicere
1541 1893 1649 1919 vercor

179 1937 307 1981 Gorgias
321 1949 427 1979 causa,
443 1949 483 1971 ne
498 1939 576 1972 forte
591 1950 640 1971 me
655 1950 746 1973 suum
761 1939 935 1981 vituperare
960 1939 1099 1978 studium
1126 1938 1301 1972 arbitretur.
1347 1938 1416 1981 Ego
1431 1938 1528 1976 enim,
1544 1942 1647 1968 utrum

178 1993 247 2024 haec
270 1993 423 2025 rhetorica
446 1993 487 2024 sit
507 2004 600 2035 quam
625 1993 722 2036 [463]
747 1993 880 2035 Gorgias
896 1998 1032 2031 exercet,
1047 1994 1166 2026 nescio.
1189 2004 1260 2024 nam
1287 2004 1325 2025 ex
1347 1994 1405 2024 hac
1430 1991 1647 2034 disputatione

178 2046 256 2077 nihil
272 2047 363 2079 nobis
374 2048 566 2089 patefactum
581 2053 643 2090 est,
655 2048 732 2091 quid
749 2049 876 2080 tandem
894 2048 962 2090 ipse
977 2053 1080 2091 putet.
1124 2048 1188 2079 Sed
1201 2048 1285 2092 quod
1302 2058 1361 2090 ego
1377 2047 1504 2090 appello
1518 2047 1648 2078 rhetori-

178 2110 259 2138 cam,
273 2101 318 2133 rei
329 2101 494 2144 cujusdam
506 2103 657 2145 particula
671 2108 720 2137 est
729 2113 926 2145 nequaquam
939 2103 1093 2134 honestae.
1139 2102 1230 2135 Gon.
1253 2102 1438 2146 Cujusnam,
1452 2113 1470 2133 ο
1482 2100 1649 2134 Socrates?

178 2155 231 2186 dic
246 2165 317 2196 age,
330 2155 409 2191 nihil
420 2166 489 2188 mea
504 2167 598 2191 causa
613 2156 740 2188 veritus.
784 2157 842 2190 So.
866 2157 1002 2190 Videtur
1016 2157 1106 2195 mihi,
1121 2167 1140 2188 o
1155 2156 1286 2199 Gorgia,
1308 2166 1375 2188 esse
1390 2156 1529 2189 studium
1544 2156 1647 2197 quod-

179 2209 266 2246 dam,
280 2219 345 2240 non
358 2210 559 2242 artificiosum
574 2211 716 2253 quidem,
732 2211 786 2242 sed
803 2211 923 2253 sagacis
939 2211 1048 2248 animi,
1064 2211 1193 2252 aptique
1209 2216 1319 2243 natura
1332 2214 1428 2252 atque
1444 2209 1583 2251 potentis
1606 2209 1648 2240 ad

178 2264 347 2297 humanam
368 2265 629 2298 consuetudinem
653 2265 713 2300 sibi
740 2265 984 2304 conciliandam,
1029 2264 1171 2307 Appello
1195 2270 1301 2296 autem
1322 2274 1473 2298 summam
1488 2268 1650 2306 caputque

178 2317 248 2359 ejus
271 2318 496 2351 adulationem.
540 2319 646 2362 Hujus
669 2326 773 2351 autem
790 2320 888 2351 studii
914 2320 1013 2352 multa
1027 2319 1174 2350 videntur
1199 2318 1276 2357 mihi
1291 2328 1360 2351 esse
1376 2318 1524 2352 membra.
1547 2328 1645 2353 unum

179 2371 307 2413 quidem
319 2373 519 2416 coquinaria:
543 2384 615 2416 quae
630 2374 773 2417 quamvis
788 2385 856 2406 esse
867 2385 915 2406 ars
931 2374 1087 2415 videatur,
1098 2384 1168 2407 meo
1182 2377 1286 2404 tamen
1298 2372 1423 2414 judicio
1438 2382 1501 2403 non
1517 2377 1566 2403 est
1588 2382 1649 2409 ars,

179 2425 235 2456 sed
260 2427 374 2467 peritia
398 2428 544 2470 quaedam
568 2439 629 2460 usu
657 2433 829 2470 comperta.
885 2428 1038 2470 Ejusdem
1069 2432 1220 2469 praeterea
1250 2417 1434 2468 particulam
1463 2426 1647 2457 rhetoricam

180 2488 307 2520 quoque
321 2491 389 2512 esse
403 2481 488 2521 dico,
503 2487 537 2513 et
550 2482 749 2520 sucatoriam,
761 2493 832 2524 quae
849 2482 1034 2524 mangonIca
1046 2480 1171 2518 dicitur,
1185 2485 1217 2512 et
1232 2480 1432 2522 sophisticam
1448 2492 1455 2511 :
1472 2481 1527 2511 has
1539 2480 1649 2521 utique

183 2532 350 2572 particulas
364 2540 497 2576 quatuor
512 2537 550 2567 ad
568 2547 616 2568 rea
629 2542 763 2579 quatuor
786 2535 953 2578 pertinere.
997 2536 1031 2567 si
1053 2534 1127 2577 ergo
1149 2535 1247 2567 Polus
1269 2545 1407 2576 quaerere
1422 2535 1503 2574 vult,
1517 2539 1647 2576 quaerat.

181 2586 321 2617 nondum
333 2587 417 2619 enim
433 2589 565 2631 audivit,
579 2590 702 2632 qualem
718 2590 908 2622 adulationis
924 2589 1106 2631 particulam
1133 2589 1319 2626 rhetoricam
1345 2599 1414 2620 esse
1435 2589 1538 2623 dicam
1554 2599 1564 2621 ε
1589 2599 1649 2619 nec

181 2639 412 2678 animadvertit,
429 2642 470 2673 ad
492 2642 525 2674 id
550 2654 599 2682 rae
622 2645 763 2680 nondum
788 2645 996 2687 respondisse.
1020 2645 1125 2686 itaque
1150 2644 1330 2685 interrogat,
1357 2649 1459 2675 utrum
1487 2642 1647 2685 pulchram

180 2692 366 2732 existimem,
381 2705 493 2727 necne.
538 2697 608 2739 Ego
623 2708 708 2735 vero,
730 2704 831 2730 utrum
857 2699 1020 2742 pulchrum
1049 2698 1168 2740 aliquid
1185 2698 1234 2728 vel
1260 2703 1349 2739 turpe
1374 2697 1558 2729 rhetoricam
1581 2708 1649 2729 esse

181 2757 259 2785 ¹68¹,
275 2758 338 2779 110¹!
356 2749 440 2790 prius
456 2752 666 2792 respondebo,
681 2763 775 2794 quam
791 2753 867 2794 quid
883 2753 953 2794 ipsa
967 2753 1019 2790 sit,
1034 2752 1219 2796 aperuerim.
1242 2762 1305 2783 non
1321 2751 1403 2783 enim
1416 2751 1506 2783 aliter
1521 2761 1650 2792 respon-

182 2801 255 2832 dere
269 2801 376 2842 decet,
391 2814 410 2834 ο
426 2803 517 2836 Pole.
539 2815 614 2847 ergo
630 2805 655 2836 si
671 2807 778 2838 audire
794 2806 884 2848 velis,
900 2812 1083 2848 percontare
1107 2806 1231 2848 qualem
1256 2805 1445 2837 adulationis
1464 2805 1649 2847 particulam

182 2855 365 2888 rhetorIcam
381 2868 449 2889 csse
464 2858 578 2895 dicam.
626 2860 712 2891 Por,
735 2860 852 2898 Quaero
878 2861 944 2902 jam
970 2862 1025 2892 abs
1047 2866 1091 2898 te,
1106 2860 1207 2902 qualis
1223 2860 1398 2902 particula?
1443 2859 1501 2900 So.
1523 2858 1576 2889 An
1601 2869 1650 2888 me

183 2910 394 2950 respondente
417 2913 598 2953 perdisces?
645 2914 702 2945 Est
725 2914 822 2951 enim,
840 2920 875 2946 ut
898 2915 1022 2957 opinor,
1038 2915 1190 2946 rhetorica
1215 2914 1376 2956 particulae
1399 2913 1500 2945 civilis
1525 2911 1651 2942 simula-

188 2970 267 3010 rpm.
312 2965 399 3001 1‘01..
422 2966 510 3009 Quid
540 2968 640 3011 ergo?
666 2968 873 3012 pulchrumnc
896 2979 937 3001 an
962 2971 1052 3012 turpe
1079 2969 1230 3012 quiddam
1249 2968 1295 2999 ais
1318 2968 1411 3006 esso?
1455 2966 1511 2998 So.
1534 2965 1651 3007 Turpe.
