1846 3268
218 255 287 310 81]
832 259 1050 302 PHAEDO.
1588 268 1664 307 441

214 365 370 404 omnibus,
394 374 465 407 quae
481 364 566 398 dicta
581 370 663 403 sunt,
678 371 908 410 consequantur
923 378 930 398 ε
953 366 1100 400 videlicet
1113 368 1172 410 ipsi
1188 369 1307 408 divino,
1327 370 1503 408 immortali,
1517 370 1666 414 inteiligi⁴

214 417 281 456 bili,
297 419 454 457 uniformi,
469 419 692 456 indissolubili,
719 429 840 463 semper
853 421 965 453 eodem
986 423 1080 454 modo
1095 427 1128 455 et
1141 424 1311 456 secundum
1334 425 1444 456 endem
1459 424 1594 466 seipsum
1608 425 1664 456 lia-

214 471 315 514 benni,
329 473 462 504 animam
478 483 545 504 esse
560 472 744 504 simillimam
760 485 768 505 z
785 475 921 506 humano
936 485 1022 513 vero,
1033 474 1168 514 mortali,
1182 487 1242 511 neo
1255 477 1458 520 intelligibili,
1473 476 1664 514 muhissormi,

213 524 401 564 dissolubili,
415 536 576 569 nunquam
590 527 701 559 eodem
716 528 811 559 modo
826 527 949 560 sibimet
963 538 996 561 se
1010 527 1149 570 habenti,
1163 529 1351 562 simillimum
1362 540 1430 563 esse
1439 540 1564 572 corpus.
1585 529 1665 561 Pos-

210 587 370 618 sumusne,
380 590 400 611 o
410 580 510 612 amice
521 581 634 618 Cebes,
646 581 714 613 haec
724 586 834 624 praeter
844 580 929 614 aliud
939 581 1238 626 quicquam'afferre,
1248 594 1311 626 quo
1325 583 1428 615 minus
1441 583 1487 615 ita
1501 583 1542 615 sit
1553 583 1565 614 ?
1600 582 1664 615 ca.

209 630 286 663 Non
300 643 477 675 possumus.
520 634 575 667 So.
597 634 684 673 Quid
699 635 796 677 ergo?
811 644 880 667 cum
896 636 964 668 haec
978 636 1025 668 ita
1038 646 1071 668 se
1085 637 1235 678 habeant,
1250 646 1356 669 nonne
1365 636 1487 679 corpori
1502 635 1663 674 convenit,

208 691 247 718 >ut
268 686 354 719 brevi
378 688 537 723 solvatur:
558 688 671 722 animae
684 699 770 727 vero,
782 694 818 722 ut
832 690 959 722 omnino
973 688 1197 722 indissolubilis
1209 690 1263 729 sit,
1276 691 1326 723 vel
1343 690 1462 733 aliquid
1477 688 1522 722 rei
1534 690 1664 723 omnino

207 738 418 774 indissolubili
443 743 677 785 propinquum?
721 743 783 777 CB.
805 743 950 781 Quidni?
994 744 1052 777 So.
1073 744 1182 777 Cernis
1205 745 1310 787 igitur,
1335 749 1501 787 postquam
1523 747 1662 775 mortuus

208 794 302 826 bomo
317 795 421 837 fuerit,
435 796 521 839 quod
534 797 568 827 -in
584 807 623 828 eo
639 795 760 828 visibile
774 801 822 829 est
836 806 962 840 corpus,
977 802 1010 829 et
1024 796 1056 829 in
1072 797 1142 831 loco
1157 798 1271 830 visibili
1285 798 1434 841 positum,
1450 797 1553 839 (quod
1567 796 1662 828 cada-

208 858 262 880 ver
272 849 480 891 appellamus,
496 850 549 882 cui
562 850 722 889 convenit,
737 855 772 882 ut
786 851 983 894 dissolvatur,
1003 851 1163 895 concidat,
1176 850 1328 894 distinam)
1344 851 1420 884 nihil
1435 851 1542 882 horum
1558 848 1662 880 subito

205 901 283 944 pati,
297 903 353 934 sed
369 903 499 935 multum
513 903 684 946 aliquando
706 908 829 947 tempus
851 913 1023 948 superesse,
1037 905 1064 937 si
1084 905 1154 948 quis
1169 915 1299 947 corpore
1314 903 1453 947 perbelle
1475 903 1589 935 affecto
1604 901 1659 934 de-

205 955 343 990 cesserit.
387 956 511 999 Corpus
538 957 621 990 enim
648 963 801 990 servatum
827 963 861 990 et
888 959 979 990 rebus
1004 958 1190 1001 quibusdam
1215 959 1256 990 ad
1285 958 1481 990 durationem
1508 959 1661 992 curatum,

207 1010 470 1051 quemadmodum
485 1011 518 1041 in
544 1011 690 1054 AEgypto
713 1011 844 1053 faciunt,
867 1012 1050 1044 incredibile
1073 1012 1234 1054 quoddam
1249 1016 1372 1054 tempus
1397 1011 1492 1043 ferme
1506 1009 1662 1051 integrum

206 1068 325 1095 manet.
369 1063 457 1101 Quin
470 1064 563 1096 etiam
586 1064 611 1095 si
634 1069 803 1107 putrescat,
825 1069 929 1097 tamen
953 1066 1114 1097 nonnulla
1135 1066 1275 1108 corporis
1297 1070 1411 1107 partes,
1423 1074 1494 1096 ossa
1515 1062 1663 1094 videlicet

205 1116 354 1159 nervique
375 1121 469 1160 atque
495 1117 618 1156 similia,
642 1123 678 1149 ut
701 1118 745 1150 ita
769 1119 884 1158 dicam,
909 1119 1093 1151 immortalia
1114 1124 1308 1161 permanent.
1330 1128 1370 1150 an
1385 1117 1471 1149 non?
1515 1116 1577 1148 Ca.
1600 1115 1663 1147 Ita.

204 1169 263 1202 So.
289 1169 407 1202 Anima
421 1180 505 1209 vero,
520 1179 591 1214 quae
605 1172 760 1204 invisibile
773 1172 922 1214 quiddam
945 1178 1002 1210 est,
1017 1173 1050 1205 in
1066 1173 1198 1205 similem
1212 1172 1368 1215 quendam
1384 1171 1541 1213 aliumque
1558 1170 1661 1202 locum

205 1223 352 1266 migrans,
366 1225 583 1268 excellentem,
597 1236 720 1268 purum,
735 1226 934 1269 invisibilem,
949 1227 1038 1258 nobis
1053 1227 1222 1265 occultum,
1234 1236 1339 1258 revera
1349 1225 1389 1257 ad
1405 1226 1521 1257 bonum
1536 1222 1659 1265 sapien-

204 1282 331 1320 temque
345 1277 449 1310 Deum
465 1290 473 1310 ε
497 1288 572 1322 quo,
589 1280 615 1311 si
630 1278 718 1311 Deus
741 1279 884 1322 voluerit,
900 1279 993 1322 paulo
1010 1285 1082 1322 post
1105 1290 1176 1312 meo
1198 1290 1326 1322 quoque
1340 1278 1445 1311 animo
1460 1282 1508 1309 est
1522 1275 1659 1317 migran-

203 1332 279 1363 dum
295 1343 302 1363 :
326 1332 441 1371 anima,
455 1332 596 1375 inquam,
609 1333 691 1371 talis,
707 1332 824 1376 talique
847 1339 957 1365 natura
978 1334 1110 1376 proedita
1130 1333 1287 1376 nunquid,
1307 1342 1378 1365 cum
1394 1332 1525 1374 primum
1549 1339 1569 1360 a
1589 1338 1659 1360 cor-

204 1395 281 1428 pore
295 1385 425 1418 liberata
437 1386 542 1426 fuerit,
555 1386 759 1428 dissipabitur
773 1387 1029 1429 atqueinteribit,
1043 1393 1078 1419 ut
1092 1387 1182 1419 multi
1194 1387 1329 1429 putant?
1351 1385 1543 1418 Permultum
1559 1383 1658 1420 abest,

203 1449 225 1470 o
239 1438 355 1471 dilecte
370 1439 473 1472 Cebes
487 1444 581 1483 atque
595 1439 737 1474 Simmia.
759 1441 854 1472 immo
869 1441 969 1473 multo
983 1441 1081 1483 magis
1094 1441 1139 1473 ita
1153 1450 1186 1473 se
1200 1449 1247 1473 res
1263 1440 1357 1472 habet
1372 1451 1380 1471 ε
1399 1439 1425 1471 si
1438 1438 1564 1481 quidem
1580 1446 1658 1479 pura

200 1491 388 1531 discesserit,
402 1503 583 1536 corporeum
598 1493 643 1525 nil
659 1502 763 1526 secum
779 1493 925 1535 trahens5
948 1498 1059 1536 utpote
1072 1502 1143 1536 quas
1157 1504 1212 1526 sua
1226 1503 1297 1526 cum
1312 1493 1369 1525 illo
1390 1492 1424 1524 in
1438 1491 1502 1524 vita
1517 1500 1656 1523 commu-

202 1546 364 1589 nicaverit,
378 1547 434 1579 sed
449 1547 564 1590 fugerit
577 1547 654 1579 illud
670 1557 791 1589 semper
803 1557 899 1589 seque
913 1548 946 1580 in
962 1558 994 1580 se
1017 1547 1189 1590 collegerit,
1200 1552 1350 1589 tanquam
1365 1555 1486 1587 semper
1500 1543 1532 1575 id
1558 1541 1656 1574 medi-

202 1604 278 1634 tata.
301 1601 387 1643 quod
401 1601 529 1643 quidem
545 1601 623 1634 nihil
639 1606 687 1633 est
700 1601 785 1633 aliud
801 1611 892 1644 quam
908 1606 992 1634 recte
1009 1602 1223 1644 philosophari
1238 1606 1430 1642 mortemque
1445 1608 1549 1631 revera
1562 1596 1655 1629 facile

200 1653 278 1698 [81]
299 1655 512 1689 commentari.
535 1665 574 1687 an
590 1665 653 1687 non
669 1656 735 1687 haec
750 1659 799 1686 est
813 1655 975 1687 meditatio
989 1655 1096 1687 mortis
1110 1655 1122 1686 ?
1145 1655 1206 1688 Cn.
1222 1653 1279 1686 Est
1293 1654 1432 1686 omnino.
1455 1652 1511 1684 So.
1527 1650 1658 1687 Anima,

201 1708 343 1751 inquam,
353 1710 378 1741 si
394 1710 440 1742 sic
454 1709 568 1742 affecta
582 1709 768 1748 discesserit,
790 1719 895 1741 nonne
917 1710 957 1741 ad
973 1709 1090 1751 aliquid
1113 1708 1170 1740 sibl
1185 1709 1285 1740 simile
1306 1707 1447 1739 divinum
1462 1705 1551 1737 abit?
1573 1703 1656 1735 divi-

201 1771 276 1794 num
292 1768 325 1795 et
337 1763 512 1796 immortale
523 1769 556 1795 et
569 1763 693 1805 sapiens
706 1763 718 1794 ?
734 1773 798 1805 quo
815 1772 886 1796 cum
902 1762 1087 1805 pervenerit,
1099 1763 1206 1795 evadit
1214 1762 1300 1799 felix,
1312 1761 1351 1792 ab
1360 1769 1474 1797 errore,
1485 1757 1655 1793 dementia,

200 1815 362 1848 timoribus
376 1817 523 1859 durisque
537 1817 691 1849 amoribus
715 1817 892 1859 ceterisque
906 1817 1050 1849 humanis
1070 1817 1198 1849 liberata
1212 1816 1300 1848 malis
1313 1827 1321 1847 ι
1345 1820 1377 1846 et
1391 1811 1653 1857 quemadmodum

201 1869 243 1902 de
257 1868 388 1902 initiatis
402 1871 465 1903 dici
479 1871 571 1909 solet,
587 1881 692 1903 revera
713 1870 866 1913 reliquum
889 1876 1015 1913 tempus
1037 1870 1132 1903 vitam
1148 1881 1218 1903 cum
1235 1871 1293 1902 diis
1307 1869 1396 1912 agit?
1441 1867 1531 1899 Itane
1546 1865 1654 1897 dicen-

199 1923 276 1955 dum
290 1928 350 1967 est,
364 1935 383 1956 ο
398 1924 510 1963 Cebes,
526 1936 566 1956 an
582 1925 695 1957 aliter?
739 1925 800 1957 CE-
822 1925 873 1956 Ita
895 1935 952 1968 per
964 1924 1088 1957 Jovem.
1130 1925 1185 1957 So.
1208 1924 1263 1956 Sin
1285 1928 1388 1955 autem
1410 1920 1532 1964 polluta
1552 1919 1653 1961 impu·

197 1985 293 2020 taque
308 1987 327 2009 a
341 1988 469 2020 corpore
484 1979 630 2017 decedat,
646 1983 756 2021 utpote
770 1989 841 2021 quae
857 1989 969 2021 corpus
985 1989 1106 2020 semper
1118 1979 1260 2021 amplexa
1271 1978 1372 2020 ipsum
1385 1977 1537 2008 duntaxat
1547 1972 1653 2006 colue-

198 2030 240 2061 rit
262 2035 296 2062 et
318 2032 477 2071 amaverit,
501 2032 632 2076 ejusque
656 2033 869 2076 voluptatibus
893 2037 925 2064 et
953 2032 1138 2065 libidinibus
1162 2032 1251 2075 quasi
1279 2030 1437 2063 veneficiis
1463 2027 1651 2072 quibusdam

198 2084 331 2117 delinita
344 2085 448 2124 fuerit,
464 2091 495 2118 et
510 2097 608 2129 usque
623 2087 703 2119 adeo
718 2093 824 2130 capta,
843 2092 877 2119 ut
893 2086 971 2119 nihil
987 2086 1072 2117 aliud
1088 2091 1178 2128 putet
1191 2096 1258 2118 esse
1273 2092 1391 2122 verum,
1406 2083 1466 2115 nisi
1484 2081 1570 2125 quod
1585 2089 1652 2112 cor-

200 2147 329 2180 poreum
345 2140 397 2183 sit,
413 2141 498 2183 quod
515 2142 612 2183 tangi,
627 2141 714 2184 quod
739 2140 839 2173 videri
861 2141 972 2183 possit,
995 2140 1121 2182 quodve
1143 2140 1230 2172 bibat
1243 2145 1276 2171 et
1290 2137 1375 2181 quod
1390 2137 1475 2174 edat,
1488 2141 1522 2167 et
1534 2145 1597 2178 quo
1620 2133 1653 2165 in

198 2192 338 2224 venereis
363 2198 485 2226 utatur:
509 2195 595 2237 quod
611 2206 682 2227 vero
698 2195 796 2228 oculis
809 2194 935 2237 quidem
963 2194 1119 2226 occultum
1145 2199 1178 2226 et
1197 2192 1353 2225 invisibile
1373 2192 1427 2233 sit,
1442 2194 1653 2222 verumtamen

197 2244 394 2288 intelligibile
414 2252 447 2279 et
462 2249 660 2291 philosophia
686 2248 1025 2290 comprehendendum,
1051 2248 1164 2279 habere
1179 2247 1253 2279 odio
1268 2244 1463 2278 consueverit
1475 2242 1655 2274 formidare-

198 2308 260 2341 que
275 2304 308 2331 et
322 2300 446 2343 fugere:
473 2302 530 2340 sic,
545 2302 686 2345 inquam,
702 2303 876 2335 institutam
893 2302 1027 2333 animam
1043 2307 1176 2343 putasne
1191 2300 1289 2343 ipsam
1304 2308 1358 2341 per
1371 2307 1404 2331 se
1415 2298 1564 2330 sinceram
1580 2305 1651 2327 eva-

197 2352 295 2385 dere?
339 2354 402 2389 Cn.
425 2355 523 2388 Nullo
538 2357 643 2390 modo.
688 2357 744 2390 So.
767 2355 830 2388 Sed
845 2355 992 2388 infectam
1002 2355 1248 2397 involutamque,
1264 2358 1300 2385 ut
1313 2352 1451 2390 arbitror,
1465 2348 1653 2392 contagione

197 2415 362 2449 corporea,
376 2419 470 2451 quam
484 2411 679 2442 consuetudo
692 2420 937 2453 congressusque
949 2420 1018 2442 cum
1032 2418 1173 2452 corpore,
1189 2413 1314 2451 propter
1325 2405 1506 2439 continuam
1520 2402 1653 2435 familia-

197 2459 318 2492 ritatem
334 2461 560 2506 plurimumque
575 2463 644 2506 ejus
656 2463 789 2504 cultum,
803 2464 932 2495 inscruit
945 2462 1034 2505 quasi
1045 2462 1112 2504 jam
1128 2461 1298 2494 naturalem
1311 2461 1322 2492 ?
1346 2459 1407 2492 Cn.
1430 2458 1479 2490 Ita
1494 2462 1648 2500 putamus.

196 2512 254 2547 So.
282 2514 497 2548 Ponderosum
512 2527 598 2559 vero,
613 2529 632 2550 o
648 2517 760 2559 amice,
775 2517 808 2549 id
824 2517 999 2559 putandum
1014 2522 1062 2548 est
1076 2521 1109 2548 et
1124 2526 1216 2558 grave
1238 2519 1455 2555 terrenumque
1468 2517 1501 2544 et
1517 2509 1651 2549 visibile,

197 2568 284 2608 quod
299 2568 401 2600 anima
415 2569 570 2612 ejusmodi
595 2582 700 2603 secum
716 2571 810 2603 trabit
824 2582 832 2602 z
855 2571 990 2613 ideoque
1006 2571 1046 2602 ab
1068 2580 1106 2601 eo
1122 2573 1264 2612 gravatur
1285 2573 1318 2600 et
1332 2567 1370 2599 ad
1388 2565 1541 2598 visibilem
1555 2567 1650 2594 retra-

197 2619 281 2652 hitur
295 2621 411 2661 locum,
426 2628 511 2655 metu
525 2623 688 2656 invisibilis
703 2629 797 2667 atque
822 2625 936 2657 occulti
950 2636 958 2656 ι
982 2629 1025 2661 et,
1040 2623 1302 2666 quemadmodum
1319 2621 1429 2658 semu,
1445 2619 1526 2652 circa
1541 2625 1649 2648 monu-

197 2678 304 2705 menta
317 2675 543 2718 sepulchraque
557 2678 736 2721 revolvitur,
752 2679 833 2711 circa
848 2688 919 2721 quae
930 2677 996 2719 jam
1011 2677 1163 2709 nonnulla
1177 2679 1388 2719 apparuerunt
1401 2673 1568 2705 animarum
1580 2678 1649 2700 um·

198 2726 290 2759 bross
312 2727 541 2769 phantasmata,
563 2731 668 2774 qualia
695 2731 863 2774 praeferunt
887 2731 1052 2764 simulacra
1075 2730 1153 2762 tales
1176 2730 1298 2767 animae,
1325 2736 1396 2771 quae
1412 2724 1564 2758 ⁴videlicet
1585 2730 1650 2753 non

200 2789 286 2821 purae
300 2781 499 2815 decesserunt
522 2794 540 2814 a
554 2793 695 2827 corpore,
710 2785 765 2816 sed
781 2784 901 2816 visibile
928 2784 1044 2827 aliquid
1061 2783 1216 2815 trahentes
1229 2795 1237 2815 ι
1261 2793 1324 2825 quo
1348 2782 1394 2819 fit,
1408 2785 1443 2811 ut
1465 2776 1561 2810 videri
1576 2785 1649 2818 pos-

198 2834 271 2866 sint.
316 2835 378 2868 ΟΕ.
402 2836 656 2869 Consentaneum
680 2843 738 2875 est,
762 2848 781 2869 o
804 2838 957 2870 Socrates.
1002 2837 1056 2869 So.
1080 2837 1330 2869 Consentaneum
1355 2839 1471 2874 tamen,
1495 2841 1514 2862 o
1535 2829 1650 2865 Cebes,

200 2897 262 2919 non
279 2899 347 2921 es·e
370 2890 426 2922 has
447 2892 598 2922 bonorum
624 2891 753 2929 animas,
779 2892 832 2924 sed
856 2891 1015 2928 malorum,
1044 2901 1114 2933 quae
1136 2890 1218 2922 circa
1241 2891 1307 2921 haec
1329 2889 1466 2920 oberrare
1486 2887 1646 2925 coguntur,

202 2951 308 2984 poenas
322 2943 432 2976 dantes
447 2944 517 2978 vitae
533 2945 672 2989 improbe
689 2950 777 2980 actae.
800 2946 905 2990 itaque
921 2950 982 2978 tam
994 2945 1048 2978 diu
1059 2945 1333 2987 circumvagantur,
1351 2940 1466 2984 quoad,
1478 2936 1628 3022 ευριίἑὶὶὶᾶϊ

284 2996 373 3029 ΡΜ.
391 2998 444 3030 Tr.
982 2999 1010 3031 1.
1492 2994 1511 3023 3
