1846 3268
257 270 336 308 276
874 262 1140 304 PLA'rOle
1655 263 1725 316 [so

256 372 406 404 virtutem
430 380 508 408 esse,
525 370 608 401 bona
632 378 703 401 cum
725 366 849 409 justitia
872 376 1051 408 comparare
1072 376 1187 408 posse:
1208 364 1363 407 justitiam
1378 374 1452 397 vero
1468 363 1591 397 virtutis
1605 368 1726 407 partera

256 426 420 458 confessus
434 435 479 457 es.
524 424 623 454 ΜΕΝ.
646 422 698 454 Sic
714 425 776 454 est.
818 421 874 452 S0.
896 419 1014 451 Nonne
1029 419 1162 451 efficitur
1175 429 1213 451 ex
1227 419 1275 457 iis,
1290 429 1362 462 quae
1374 419 1442 461 jam
1457 418 1650 461 concessisti,
1662 418 1726 451 vir·-

253 483 354 511 tutem
377 489 456 515 esse,
471 486 562 519 agere
585 486 656 508 cum
680 478 769 517 parte
781 473 916 510 virtutis,
932 472 1085 515 quicquid
1105 473 1241 514 agitur?
1284 473 1305 505 J
1309 473 1446 504 ustitiam
1469 473 1553 505 enim
1567 477 1601 504 et
1613 470 1725 514 hujus-

254 533 341 564 modi
357 531 480 573 singula
495 529 619 561 virtutis
634 528 804 571 particulas
831 527 999 559 confiteris.
1043 527 1141 558 ΜΕΝ.
1164 527 1250 564 Quid
1268 528 1360 559 tum?
1406 528 1463 561 So.
1487 527 1573 565 Quia
1587 536 1660 559 curn
1675 537 1724 558 ro—

254 595 389 628 gassem,
415 589 450 615 ut
465 589 562 615 totam
576 583 676 625 ipsam
693 581 838 613 virtutem
855 580 1047 616 ostenderes,
1063 579 1140 622 quid
1157 580 1225 622 ipsa
1240 580 1292 618 sit,
1308 581 1396 613 nullo
1411 582 1506 613 modo
1522 579 1701 623 explicuisti
1715 592 1724 612 ι

256 649 382 670 onlnem
398 647 470 669 vero
496 636 665 674 actionem,
689 645 888 678 quaecuuque
910 644 982 666 cum
1008 638 1097 676 parte
1114 633 1238 666 virtutis
1262 634 1308 672 fit,
1331 635 1479 667 virtutem
1504 645 1572 667 esse
1596 634 1724 667 dixisti:

255 692 344 734 quasi
360 692 436 733 quid
453 695 520 722 tota
531 690 628 722 virtus
643 689 695 726 sit,
711 688 886 720 summatim
903 687 1097 729 praedixeris,
1113 691 1208 729 atque
1224 688 1291 729 ipse
1313 688 1379 730 jam
1397 693 1599 731 percepturus
1614 688 1683 726 sim,
1699 687 1727 719 si

254 751 290 777 tu
305 756 374 777 eam
390 746 422 776 in
438 744 607 787 particulas
622 743 757 776 dividas.
802 741 922 773 Eadem
944 741 1039 783 igitur
1061 741 1195 784 quaestio
1221 752 1334 782 rursus,
1349 752 1369 773 o
1385 743 1519 779 Menon,
1534 741 1591 774 tibi
1605 741 1727 774 subori-

260 805 320 836 tur,
335 799 412 841 quid
428 798 526 829 virtus
550 797 611 830 sit:
637 798 664 829 si
689 796 817 838 quidem
832 796 932 827 omnis
948 796 1030 828 actio
1047 806 1118 827 cum
1133 795 1256 827 virtutis
1272 801 1359 838 parte
1375 795 1417 829 sit
1430 796 1538 829 virtus.
1582 795 1623 827 Id
1647 804 1727 827 nan·

255 863 318 895 que
333 858 408 884 tunc
423 852 549 890 dicitur,
565 862 637 883 cum
653 849 754 882 omnis
777 849 860 882 actio
882 861 953 882 cum
965 849 1092 892 justitia
1107 850 1204 882 virtus
1219 861 1286 882 esse
1301 850 1461 884 definitur.
1481 860 1522 881 an
1535 859 1603 881 non
1614 849 1726 880 eadem

254 907 369 939 iterum
391 906 570 949 quaestione
592 916 673 947 opus
693 914 760 936 esse
775 904 886 935 vides?
910 914 984 935 num
1001 908 1104 945 putas,
1120 904 1300 946 quempiam
1315 903 1438 935 virtutis
1452 908 1572 946 partem
1586 902 1723 945 aliquam

255 971 361 998 nosse,
387 959 440 1002 qui
465 959 563 990 totius
589 964 732 990 naturam
758 958 884 989 minime
910 957 1033 989 noverit
1050 958 1060 989 ?
1106 958 1206 990 ΜΕΝ.
1229 958 1305 989 Non
1330 957 1464 990 videtur.
1506 957 1562 990 So.
1586 956 1620 988 Si
1641 955 1726 988 enim

255 1013 433 1045 memineris
449 1024 519 1055 quae
534 1013 568 1044 in
585 1012 797 1054 superioribus
812 1012 851 1043 de
867 1012 967 1053 figura
982 1012 1037 1043 tibi
1054 1012 1214 1053 respondi,
1240 1011 1404 1054 rejecimus
1425 1010 1535 1053 utique
1549 1009 1727 1053 responsio-

253 1078 326 1100 nem
343 1067 441 1104 illam,
457 1077 528 1109 quae
541 1077 598 1109 per
614 1077 652 1098 ea
676 1067 721 1104 fit,
737 1066 852 1108 quibus
875 1066 1014 1098 ulteriori
1039 1066 1224 1108 probatione
1251 1076 1332 1108 opus
1354 1070 1414 1103 est,
1429 1065 1566 1098 necdum
1587 1069 1655 1096 rata
1669 1064 1726 1095 ha·

255 1121 379 1153 bentur.
426 1121 524 1152 ΜΕΝ.
547 1120 588 1152 Et
603 1121 712 1152 merito
729 1120 856 1162 quidem
873 1119 1047 1161 rejecimus.
1094 1120 1152 1151 So.
1173 1119 1289 1162 Neque
1313 1124 1349 1151 tu
1370 1119 1475 1161 igitur,
1489 1129 1510 1151 ο
1523 1118 1571 1150 vir
1594 1117 1727 1160 optime,

255 1186 328 1208 cum
343 1175 502 1218 quaeritur,
512 1175 589 1217 quid
604 1175 677 1215 ipsa
693 1174 877 1206 universalis
892 1184 929 1206 ac
945 1179 1012 1206 tota
1027 1175 1067 1206 sit
1083 1174 1191 1212 virtus,
1207 1175 1380 1206 secundum
1397 1178 1499 1216 partes
1513 1173 1583 1215 ejus
1596 1181 1726 1215 respon·

255 1230 346 1267 dens,
363 1240 431 1261 eam
447 1229 659 1272 quaerentibus
687 1228 870 1272 patefacies,
886 1238 989 1270 neque
1011 1229 1096 1260 aliud
1123 1229 1306 1271 quicquam,
1322 1229 1399 1261 dum
1422 1229 1535 1260 eodem
1559 1227 1656 1259 modo
1678 1236 1728 1258 re·

258 1283 415 1326 spondeas
430 1295 437 1314 :
461 1283 516 1314 sed
540 1293 641 1314 rursus
663 1284 774 1314 eadem
795 1283 1037 1324 interrogatione
1054 1293 1134 1325 opus
1149 1283 1219 1320 erit,
1235 1283 1384 1325 quidnam
1397 1282 1495 1314 virtus
1507 1282 1561 1320 sit,
1572 1291 1636 1324 qua
1651 1290 1727 1323 sup·

256 1338 359 1379 posita
379 1337 441 1369 ista
461 1337 553 1369 dicis.
598 1336 684 1368 Num
710 1336 830 1378 aliquid
856 1336 912 1367 tibi
935 1336 1040 1368 dicere
1066 1337 1199 1368 videor?
1244 1337 1344 1369 Man.
1367 1336 1453 1367 Mihi
1477 1335 1605 1378 quidem
1630 1334 1728 1376 probe

255 1391 343 1433 loqui
360 1391 484 1423 videris.
530 1391 585 1423 So.
608 1390 783 1432 Responde
808 1390 918 1432 itaque
943 1389 1054 1421 iterum
1081 1401 1100 1421 a
1123 1390 1295 1433 principio,
1310 1390 1388 1432 quid
1402 1400 1470 1422 esse
1483 1389 1628 1421 virtutem
1641 1393 1675 1420 et
1689 1392 1724 1419 tu

253 1449 288 1477 et
301 1445 420 1477 amicus
435 1445 488 1476 ille
503 1449 575 1476 tuus
590 1443 747 1476 asseritis?
794 1444 894 1476 ΜΕΝ.
918 1443 1112 1474 Audiveram
1130 1444 1290 1485 equidem,
1305 1454 1324 1475 ο
1339 1444 1494 1482 Socrates,
1509 1447 1679 1485 antequam
1693 1446 1726 1474 te

254 1498 441 1541 alloquerer,
465 1498 602 1530 officium
627 1502 715 1529 tuum
740 1497 816 1539 [80]
841 1497 920 1528 nihil
945 1496 1032 1528 aliud
1059 1508 1126 1529 esse
1152 1508 1247 1539 quam
1271 1498 1415 1530 dubitare
1430 1502 1464 1529 et
1478 1497 1548 1529 aliis
1561 1495 1726 1539 scrupulos

257 1551 492 1584 dubitationum
507 1551 648 1593 injicere.
671 1556 704 1583 et
725 1561 811 1582 nunc
826 1551 967 1593 quidem,
984 1556 1019 1582 ut
1040 1550 1114 1582 mihi
1130 1550 1254 1588 videris,
1272 1561 1320 1583 me
1337 1551 1502 1594 praestigiis
1517 1555 1552 1583 et
1563 1549 1726 1582 veneficiis

257 1605 586 1647 incantationibusque
611 1605 786 1648 perturbas,
802 1606 883 1636 adeo
908 1610 944 1636 ut
968 1604 1182 1646 ambiguitatis
1197 1604 1254 1636 sim
1278 1605 1403 1647 plenus.
1448 1604 1501 1637 Ac
1524 1603 1728 1636 mihivideris

256 1659 400 1697 omnino,
415 1659 441 1690 si
456 1664 561 1691 tamen
577 1664 607 1691 te
629 1659 769 1701 jocando
795 1659 937 1691 mordere
962 1659 1193 1702 aliquantulum
1219 1660 1324 1697 decet,
1351 1669 1444 1701 quam
1467 1649 1644 1691 simillimus
1659 1668 1728 1690 ease

254 1717 323 1745 tum
333 1713 434 1745 forma
449 1718 515 1744 tum
530 1713 642 1745 ceteris
657 1713 813 1750 omnibus,
830 1710 981 1745 latissimo
1006 1713 1054 1745 illi
1069 1713 1150 1755 pisci
1165 1713 1296 1750 marino,
1321 1713 1375 1754 qui
1397 1717 1507 1755 stupor
1526 1712 1652 1745 dicitur.
1672 1710 1727 1744 iile

255 1767 413 1810 siquidem
428 1767 586 1799 hominem
611 1767 671 1800 sibi
694 1768 959 1811 propinquantem
983 1772 1078 1810 atque
1101 1772 1283 1810 tangentem
1299 1766 1461 1809 stupidum
1475 1765 1589 1800 reddit.
1632 1765 1726 1798 Etru

256 1831 384 1864 quoque
399 1832 484 1854 nunc
497 1832 547 1853 me
563 1822 746 1864 stupefaciS.
768 1833 800 1853 re
817 1832 890 1854 vera
905 1822 988 1854 enim
1005 1826 1039 1854 et
1051 1822 1190 1853 animum
1205 1821 1294 1853 simul
1320 1826 1354 1852 et
1374 1831 1410 1852 os
1429 1819 1591 1863 stupidum
1610 1819 1726 1857 habeo.

254 1876 442 1917 haesitoque,
458 1885 518 1907 uec
541 1875 618 1918 quid
644 1875 699 1907 tibi
724 1877 945 1918 respondeam,
960 1876 1099 1914 invenio,
1125 1885 1305 1918 quanquam
1327 1875 1441 1907 millies
1457 1874 1525 1916 jam
1549 1875 1591 1906 de
1612 1874 1728 1906 virtute

254 1929 412 1971 permulta
426 1934 460 1961 et
473 1930 620 1962 adversus
634 1941 729 1973 quarn
745 1932 894 1974 plurimos
909 1932 1082 1975 disputavi,
1098 1937 1142 1970 et,
1157 1937 1194 1964 ut
1207 1932 1285 1964 mihi
1299 1932 1383 1964 visus
1397 1942 1479 1974 sum,
1489 1941 1583 1974 quarn
1593 1930 1726 1974 optime.

256 1987 291 2014 at
304 1981 337 2014 in
352 1984 520 2024 praesentia
539 1994 599 2016 nec
614 1985 709 2016 etiam
732 1986 809 2027 quid
833 1986 901 2028 ipsa
927 1986 967 2017 sit
981 1986 1090 2023 virtus,
1105 1987 1242 2028 proferre
1267 1986 1333 2017 ullo
1358 1990 1450 2028 pacto
1465 1985 1567 2025 valeo.
1610 1983 1726 2027 Itaque

256 2040 349 2068 caute
361 2036 420 2068 tibi
433 2037 629 2069 consuluisse
644 2043 676 2069 tc
691 2049 818 2080 censeo,
833 2040 919 2081 quod
935 2050 1097 2081 nunquam
1112 2040 1175 2071 alio
1187 2039 1399 2082 peregrinaris.
1421 2049 1495 2071 nam
1509 2039 1536 2071 si
1558 2039 1682 2072 advena
1692 2039 1726 2070 in

255 2090 360 2140 aliena
376 2091 450 2122 urbe
464 2091 532 2122 haec
547 2101 667 2132 ageres,
682 2096 794 2133 utpote
807 2092 1013 2134 praestigiator
1031 2093 1160 2134 quidam
1175 2098 1272 2135 atque
1288 2093 1446 2125 veneficus
1467 2092 1625 2135 supplicio
1639 2092 1728 2124 (01·ιὶ-

254 2148 310 2176 tan
331 2143 507 2176 efficereris.
552 2144 610 2177 So.
634 2144 779 2176 Callidus
803 2156 848 2184 es,
864 2156 883 2177 o
897 2147 1032 2184 Menon,
1048 2157 1085 2178 ac
1115 2147 1212 2178 ferme
1237 2157 1322 2179 nunc
1342 2156 1393 2179 me
1416 2146 1582 2189 decepisti.
1624 2145 1727 2177 ΜιΝ.

259 2198 484 2236 Quamobrem,
500 2209 520 2229 ο
541 2198 710 2231 Socrates?
755 2199 810 2232 So.
835 2199 967 2232 Adverti
984 2200 1064 2242 jam,
1080 2211 1175 2242 quam
1191 2201 1232 2232 ob
1247 2211 1372 2232 causam
1395 2201 1570 2235 imitatione
1589 2201 1726 2243 quadam

256 2264 307 2284 nie
335 2252 518 2295 depinxisti.
564 2254 711 2291 Quanam
735 2254 797 2285 alia
819 2255 860 2286 de
886 2265 992 2292 causa,
1008 2253 1068 2286 nisi
1092 2260 1128 2286 ut
1149 2255 1216 2296 ipse
1232 2266 1361 2298 quoque
1375 2260 1407 2287 te
1421 2260 1532 2288 contra.
1543 2255 1726 2297 depingam.

256 2306 315 2338 viri
327 2306 413 2338 enim
438 2308 571 2339 honesto
594 2307 703 2338 habitu
731 2307 853 2350 praediti
879 2318 951 2340 cum
975 2308 1178 2351 effinguntur,
1201 2309 1351 2342 delectari
1366 2310 1489 2342 solent=
1512 2308 1591 2341 illud
1605 2308 1727 2351 quippe

257 2359 421 2392 conducit.
443 2361 645 2392 honestorum
659 2362 743 2394 enim
759 2363 900 2394 honesta
914 2368 988 2394 sunt
1013 2367 1046 2394 et
1070 2363 1234 2405 imagines.
1259 2368 1292 2395 et
1305 2374 1366 2405 ego
1381 2372 1544 2405 personam
1558 2368 1645 2394 tuam
1667 2362 1726 2394 mi·

257 2412 343 2445 nime
358 2413 515 2455 effingam.
559 2413 717 2457 Equidem
732 2415 757 2446 si
774 2415 866 2457 piscis
879 2415 934 2447 ille
949 2416 1095 2458 stupidus
1109 2416 1176 2458 ipse
1201 2416 1279 2447 alios
1303 2415 1407 2448 reddit
1429 2417 1585 2459 stupidos,
1600 2416 1631 2448 ei
1655 2426 1725 2449 snm

256 2467 445 2509 persimilis:
469 2477 560 2499 secus
583 2473 687 2500 autem
708 2469 846 2503 minime.
868 2480 972 2512 neque
998 2470 1068 2512 ipse
1082 2470 1240 2502 fecundus
1254 2476 1374 2503 ceteros
1388 2471 1522 2504 titubare
1543 2470 1723 2514 compello:

253 2520 309 2552 sed
325 2521 457 2552 maxime
472 2521 613 2553 omnium
638 2534 699 2565 ego
724 2523 886 2561 dubitans,
906 2524 1050 2556 dubitare
1078 2534 1206 2567 quoque
1222 2525 1299 2557 alios
1313 2525 1408 2557 facio.
1455 2525 1582 2558 Etenim
1596 2525 1630 2556 in
1641 2534 1725 2568 pr·-

255 2573 358 2606 sentia
372 2575 448 2616 quid
460 2576 558 2608 virtus
571 2577 625 2615 sit,
638 2578 724 2609 haud
740 2584 825 2610 certe
840 2579 926 2610 novi.
948 2584 982 2610 tu
1007 2584 1112 2611 tamen
1137 2579 1231 2617 torte,
1247 2579 1427 2622 priusquam
1447 2579 1525 2612 mihi
1538 2587 1725 2622 occurreres,

256 2638 409 2661 noveras:
430 2640 515 2662 nuno
528 2641 600 2663 vero
615 2631 774 2674 ignoranti
790 2632 866 2664 mihi
882 2632 1025 2665 assimilis
1040 2633 1177 2666 evasisti.
1201 2638 1404 2666 veruntamen
1419 2643 1483 2665 una
1498 2637 1603 2667 tesan
1617 2632 1726 2666 &seu-

256 2686 322 2714 tere
337 2683 398 2715 hoc
411 2683 548 2725 institui,
564 2685 682 2727 quidve
698 2686 738 2718 sit
760 2687 855 2720 virtus
870 2687 1068 2730 investigare.
1110 2688 1210 2720 Mau.
1233 2687 1279 2720 At
1293 2697 1357 2730 quo
1372 2687 1494 2720 tramite
1507 2687 1540 2719 id
1555 2687 1726 2729 inv-‹tgn-

255 2736 316 2774 bis,
330 2746 350 2767 o
366 2736 523 2778 Socrates,
537 2739 622 2780 quod
643 2740 773 2782 quidem
793 2741 920 2773 omnino
935 2742 1014 2784 quid
1029 2742 1070 2773 sit
1085 2740 1234 2784 ignoras?
1256 2742 1350 2784 quale
1363 2741 1448 2774 enim
1461 2741 1519 2774 tibi
1531 2748 1725 2784 proponens,

255 2789 290 2821 id
305 2791 393 2832 quod
418 2791 542 2833 ignoras
566 2792 729 2835 inquires?
753 2800 807 2826 aut
836 2796 958 2828 etiamsi
984 2796 1017 2828 in
1047 2796 1127 2828 illud
1152 2797 1284 2834 incidas,
1299 2805 1437 2839 quonam
1462 2796 1552 2839 signo
1577 2795 1611 2827 id
1639 2795 1728 2837 quod

254 2843 465 2886 ignoraveras,
493 2855 563 2878 esse
587 2846 668 2879 illud
687 2851 860 2891 agnosces?
916 2850 971 2882 So.
995 2850 1144 2893 Intelligo
1171 2851 1248 2893 quid
1273 2851 1362 2888 velis,
1390 2861 1410 2882 o
1434 2850 1568 2882 Menon.
1613 2847 1662 2881 At
1689 2853 1725 2880 tu

255 2897 527 2942 animadvertisne,
549 2910 642 2942 quam
663 2902 829 2944 litigiosam
855 2905 1158 2947 argumentationem
1184 2906 1217 2937 in
1256 2905 1392 2937 medium
1421 2902 1603 2936 adduxisti?
1640 2903 1728 2945 quod

251 2951 410 2985 videlicet
433 2954 539 2993 homo,
555 2966 658 2999 neque
673 2958 758 2999 quod
784 2959 898 2996 noscit,
933 2970 1036 3002 neque
1052 2959 1137 3002 quod
1164 2959 1297 3002 ignorat,
1313 2958 1451 3002 inquirit.
1495 2957 1578 2990 Nam
1602 2956 1628 2989 si
1652 2965 1726 2992 nos-
1745 2953 1748 2956 ⁴
