1846 3268
183 288 276 340 196]
794 284 1016 328 LAcHES.
1583 292 1633 330 79

177 391 260 434 Age,
275 389 382 435 Nicia,
394 390 468 424 huic
482 389 617 429 declara,
632 389 733 433 qualis
748 390 902 433 sapientia
914 392 1086 424 secundum
1102 392 1273 428 orationem
1298 397 1384 425 tuam
1407 394 1449 426 sit
1469 395 1631 430 fortitudo.

177 456 281 488 neque
309 446 391 477 enirn
417 445 600 477 tibicinaria.
645 444 704 477 Nr.
726 443 814 478 Non.
857 445 913 477 So.
936 445 1050 488 Neque
1074 446 1168 477 etiam
1193 446 1389 479 citharistria.
1434 447 1494 481 Nr.
1518 450 1632 492 Neque

177 499 249 533 ista.
292 499 351 531 So.
374 497 420 530 At
435 509 506 530 vero
521 509 664 541 quamam
679 499 752 539 ista,
773 503 806 530 et
827 498 918 540 cujus
940 499 982 530 rei
999 499 1153 531 scientia?
1197 499 1260 531 LA.
1283 499 1385 532 Recte
1400 501 1570 534 admodum
1584 503 1633 535 in.

176 557 312 594 terrogas
325 551 426 594 illum,
451 563 471 584 o
492 553 651 584 Socrates:
674 552 810 594 ideoque
835 557 983 594 exponat,
1009 562 1101 594 quam
1127 552 1313 594 sapientiam
1339 564 1405 585 esse
1432 555 1528 587 dicat.
1573 557 1634 590 Νι.

175 604 348 637 Scientiam
362 607 598 637 metuendarum
613 616 729 646 rerum,
752 611 785 637 et
807 616 871 636 non
897 607 1145 643 inemendatum,
1170 605 1267 648 [195]
1289 608 1399 638 tamin
1414 608 1510 651 belm,
1538 621 1632 652 quam

173 660 209 691 in
223 659 334 691 ceteris
349 659 503 691 omnibus.
546 659 610 692 LA.
633 660 737 697 Quam
752 660 884 691 absurde
907 659 969 696 hic,
985 671 1003 690 o
1017 659 1171 699 Socrates,
1188 659 1344 701 loquitur!
1389 661 1447 692 So.
1471 662 1633 699 Quamob-

175 724 240 745 rem
264 713 309 744 ita
334 713 426 755 dicis,
453 714 592 745 Laches?
636 713 699 746 LA.
723 713 808 751 Quia
823 713 944 744 diversa
958 717 1039 744 esta
1060 713 1244 743 fortitudine
1270 714 1435 755 sapientia.
1478 716 1534 748 So.
1557 717 1634 749 Non

174 767 255 798 dicit
277 766 406 800 Nicias.
443 766 505 798 LA.
528 767 604 798 Non
629 768 754 799 hercle:
778 772 811 798 et
836 767 955 798 idcirco
981 767 1104 798 delirat.
1149 766 1206 798 So.
1231 766 1318 804 Quin
1343 767 1510 800 doceamus
1531 770 1635 810 illum,

175 820 296 852 omissis
309 820 471 853 conviciis.
514 821 573 853 Νι.
597 820 643 852 At
656 821 744 863 cupit
759 821 879 852 Laches
892 821 962 858 iste,
990 831 1009 851 o
1033 820 1187 856 Socrates,
1203 830 1253 850 me
1267 825 1415 862 tanquam
1430 821 1507 853 nihil
1523 823 1634 856 dicen-

173 879 238 906 tem
262 874 416 916 redargui,
440 880 607 917 postquam
634 875 693 906 sibi
717 875 802 906 idem
825 884 926 916 nuper
947 874 1075 906 accidit.
1119 873 1181 906 LA.
1214 873 1345 915 Absque
1376 875 1485 916 dubio,
1514 876 1630 909 Nicio:

172 927 270 970 idque
293 929 431 960 conabor
453 929 628 962 ostendere.
649 928 728 960 nihil
751 928 835 959 enim
865 927 954 960 dicis.
1000 927 1117 959 Nonne
1143 927 1175 958 in
1205 927 1316 958 morbis
1333 928 1444 960 medici
1463 933 1632 963 metuenda.

173 983 392 1023 cognoscunt?
415 992 455 1013 an
471 977 616 1014 videntur
643 982 699 1013 tibi
725 983 821 1014 fortes
837 982 897 1013 ista
907 992 1094 1023 cognoscere
1108 982 1119 1011 ?
1142 981 1190 1012 vei
1208 985 1240 1011 tu
1257 981 1394 1013 medicos
1409 983 1504 1014 fortes
1520 987 1633 1016 vocas?

171 1034 231 1067 Nx.
253 1035 400 1068 Minime.
442 1036 504 1068 LA.
526 1036 640 1078 Neque
665 1036 729 1078 agri
754 1036 898 1073 cultores,
920 1041 956 1066 ut
982 1036 1130 1066 arbitror:
1155 1035 1229 1065 licet
1252 1034 1286 1065 hi
1314 1035 1346 1066 in
1370 1036 1451 1077 agris
1478 1038 1632 1081 colendis,

173 1098 244 1130 quae
257 1089 319 1120 sint
333 1091 512 1127 metuenda,
527 1096 729 1132 cognoscant.
753 1090 829 1132 quin
844 1089 939 1121 etiam
954 1089 1087 1121 artifices
1103 1087 1157 1119 alii
1169 1098 1238 1129 quae
1253 1090 1367 1120 audere
1382 1091 1486 1128 decet,
1512 1096 1544 1123 et
1558 1103 1629 1134 quae

172 1145 310 1173 metuere
324 1142 386 1173 suis
402 1143 434 1174 in
449 1143 577 1182 artibus,
593 1143 708 1181 sciunt,
733 1143 787 1185 qui
802 1142 901 1174 nihilo
917 1141 1015 1183 magis
1030 1142 1124 1172 fortes
1140 1145 1222 1173 sunt.
1267 1142 1324 1174 So.
1348 1143 1436 1180 Quid
1453 1145 1509 1175 tibi
1525 1146 1630 1178 dicere

169 1187 293 1226 ‘Laches
309 1195 441 1238 videtur,
456 1207 475 1227 o
493 1195 606 1228 Nicia?
651 1195 683 1227 N
686 1207 710 1229 1.
732 1195 863 1237 Aliquid
874 1200 958 1227 certe
973 1195 1062 1234 dicit,
1073 1205 1137 1225 non
1146 1199 1251 1225 tamen
1261 1206 1376 1227 verum.
1420 1197 1478 1229 So.
1502 1198 1630 1236 Quare?

171 1247 232 1279 Ni.
255 1248 412 1286 Quoniam
427 1250 565 1281 medicos
581 1250 744 1280 arbitratur
758 1248 887 1279 ulterius
915 1247 1088 1288 quidquam
1102 1257 1193 1279 nosse
1209 1247 1290 1278 circa
1305 1254 1447 1289 aegrotos,
1470 1256 1581 1292 praeter
1595 1253 1629 1284 id

169 1302 255 1342 quod
271 1312 386 1343 aegrum
401 1303 604 1344 noxiumque,
619 1302 666 1332 vel
684 1301 769 1343 quod
785 1310 893 1331 sanum
910 1305 943 1330 ct
958 1299 1090 1330 salubre.
1113 1299 1174 1340 ipsi
1189 1310 1261 1329 vero
1283 1301 1343 1331 hoc
1359 1301 1520 1334 dumtaxat
1534 1305 1627 1336 intel-

169 1354 282 1396 ligunt.
304 1361 404 1386 utrum
419 1366 491 1387 vero
516 1354 796 1394 extimescendum,
817 1353 995 1394 malumque
1019 1352 1113 1383 alicui
1137 1351 1178 1383 sit
1191 1362 1258 1383 esse
1274 1363 1382 1384 sanum
1397 1355 1513 1397 potiuS,
1534 1368 1627 1399 quam

170 1412 331 1450 aegrotare,
342 1419 494 1440 censesne
508 1410 581 1447 hoc,
597 1419 616 1439 o
632 1408 765 1448 Laches,
779 1405 1124 1447 medicosinteliigere?
1147 1415 1188 1436 an
1203 1416 1267 1436 non
1284 1414 1376 1448 putas
1390 1413 1534 1449 praestare
1547 1422 1628 1444 non-

168 1461 262 1493 nullis
276 1472 315 1493 ex
328 1463 435 1494 morbo
449 1473 513 1494 non
529 1473 664 1505 surgere,
686 1472 778 1504 quam
795 1459 1035 1492 convalescere?
1060 1459 1113 1490 dic
1133 1460 1229 1500 enim,
1252 1464 1328 1491 tune
1350 1461 1459 1493 asseris
1484 1465 1628 1498 omnibus

168 1519 315 1556 praestare
341 1520 375 1547 ut
398 1516 515 1553 vivant,
537 1527 596 1548 nec
626 1516 729 1547 multis
755 1515 932 1547 conducere
955 1513 1106 1544 mortem?
1150 1513 1213 1546 LA.
1245 1513 1317 1545 Hoc
1339 1515 1484 1556 equidem
1511 1520 1628 1559 potius.

169 1568 230 1600 Nr.
251 1569 373 1606 Quibus
387 1570 464 1602 mori
480 1575 606 1612 praestat
620 1570 730 1602 eadem
754 1568 925 1600 metuenda
951 1568 1094 1609 malaque
1112 1567 1280 1605 existimas,
1300 1578 1370 1609 quae
1386 1574 1418 1599 et
1438 1569 1498 1601 illis
1513 1572 1628 1613 quibus

168 1622 295 1655 vivere?
339 1623 401 1656 LA.
423 1624 644 1667 Nequaquam.
688 1623 748 1654 N1.
770 1622 889 1654 Harum
904 1632 976 1653 vero
999 1632 1099 1653 rerum
1121 1621 1278 1663 judicium
1293 1623 1416 1654 medico
1433 1624 1554 1666 tribuis,
1578 1627 1627 1658 vel

168 1676 256 1708 alteri
270 1677 394 1709 cuidam
408 1678 530 1718 artifici,
556 1683 760 1720 praeterquam
775 1676 945 1708 metuenda
966 1680 999 1706 et
1025 1686 1090 1706 non
1113 1675 1280 1707 metuenda
1299 1676 1503 1718 intelligenti,
1532 1689 1626 1721 quem

168 1741 227 1772 ego
247 1732 357 1763 fortem
370 1732 471 1763 voco?
516 1732 574 1764 So.
606 1730 810 1770 Advertisne‚
836 1730 968 1766 Laches,
994 1728 1070 1771 quid
1095 1729 1154 1760 iste
1180 1728 1348 1770 loquatur?
1391 1730 1454 1761 LA.
1486 1732 1627 1764 Adverto

168 1785 328 1826 equidem,
343 1786 428 1827 quod
442 1790 530 1817 vates
544 1786 639 1816 fortes
657 1789 830 1826 nuncupat.
853 1794 926 1814 nam
948 1783 1018 1825 quis
1041 1782 1120 1814 alius
1145 1783 1227 1814 norit
1250 1783 1363 1824 quibus
1386 1784 1464 1815 mori
1490 1791 1626 1827 praestet,

168 1847 262 1879 quarn
276 1838 379 1870 vivere.
392 1839 403 1869 ?
448 1839 560 1881 Atqui,
574 1850 593 1870 o
608 1839 715 1876 Nicia,
731 1844 833 1870 utrum
847 1838 952 1869 fateris
967 1843 1070 1868 vatem
1086 1847 1152 1868 esse
1169 1841 1213 1878 te,
1223 1836 1272 1868 vel
1282 1847 1384 1878 neque
1398 1843 1510 1876 vatem,
1523 1850 1628 1882 neque

167 1891 302 1923 fortem?
345 1892 405 1925 Νι.
427 1892 592 1935 Numquid
607 1893 685 1924 vatis
700 1893 834 1924 officium
851 1897 955 1934 putas,
980 1891 1149 1922 metuenda
1163 1896 1196 1922 et
1219 1891 1397 1923 invadenda
1422 1892 1627 1933 dignoscere?

167 1943 231 1977 LA.
255 1945 339 1977 Puto
354 1947 511 1988 equidem.
534 1948 606 1978 na'ru
622 1946 712 1988 cujus
729 1946 878 1977 alterius?
923 1944 982 1976 Nx.
1005 1944 1084 1985 Ejus
1102 1945 1194 1986 plane
1219 1955 1311 1986 quem
1327 1945 1393 1987 ipse
1417 1946 1500 1983 dico,
1526 1947 1624 1978 multo

167 1998 278 2040 magis,
293 2000 338 2031 vir
357 2000 486 2042 optIme.
508 2000 627 2043 quippe
650 2001 691 2031 ad
708 2004 810 2031 vatem
835 2004 957 2041 spectat
982 1999 1082 2030 solum
1106 1999 1279 2030 futurorum
1305 2004 1452 2041 portenta.
1476 2000 1628 2043 signaque

167 2061 372 2093 praenoscere,
402 2053 467 2086 sive
491 2065 572 2086 mors
594 2055 741 2096 cuiquam
769 2053 943 2095 immineat,
967 2053 1031 2084 sive
1058 2053 1193 2090 morbus,
1220 2063 1275 2084 seu
1294 2053 1418 2094 jactura
1442 2064 1552 2091 rerum,
1578 2055 1629 2086 vei

167 2105 308 2148 victoria,
330 2107 426 2150 [196]
448 2108 497 2140 vel
512 2108 618 2140 clades
633 2109 666 2139 in
680 2109 777 2146 bello,
803 2112 858 2139 aut
872 2107 934 2139 alio
950 2107 1060 2149 quovis
1080 2107 1261 2138 certamine.
1307 2107 1393 2144 Quid
1408 2112 1512 2139 autem
1526 2119 1565 2139 ex
1578 2109 1628 2140 his

167 2159 297 2201 cuique,
311 2165 366 2192 aut
379 2161 458 2203 pati,
473 2166 529 2193 aut
543 2172 606 2193 non
621 2163 687 2203 pati
702 2166 841 2204 praestet,
863 2171 918 2192 cur
933 2165 1019 2191 vates
1034 2160 1150 2202 potius,
1175 2171 1267 2202 quam
1282 2161 1386 2202 quivis
1402 2162 1492 2204 alius,
1500 2161 1627 2203 judica-

170 2213 237 2244 bit?
282 2213 344 2246 LA.
366 2214 483 2247 Nescio
497 2215 650 2257 quidiste
673 2216 735 2248 sibi
749 2215 836 2252 velit,
857 2215 1011 2246 Socrates.
1035 2224 1137 2255 neque
1160 2213 1243 2245 enim
1259 2219 1374 2251 vatem,
1400 2226 1502 2257 neque
1528 2216 1628 2248 medi-

167 2277 251 2304 cum,
266 2278 369 2309 neque
383 2269 477 2300 aliurn
499 2269 679 2311 quempiam
702 2269 853 2308 declarat,
876 2279 969 2310 quem
985 2268 1095 2299 fortem
1112 2278 1179 2299 esse
1202 2268 1311 2299 dicat:
1336 2268 1395 2299 nisi
1417 2269 1496 2300 forte
1519 2269 1626 2300 Deum

167 2322 325 2362 quendam
340 2332 406 2353 esse
421 2323 524 2364 ipsum
539 2323 662 2355 dixerit.
706 2323 791 2354 Mihi
805 2322 933 2364 quidem
949 2322 1071 2352 videtur
1094 2321 1202 2352 Nicias
1212 2321 1348 2362 ingenue
1369 2321 1459 2353 fateri
1475 2323 1570 2360 nolle,
1593 2334 1627 2355 se

167 2374 246 2405 nihil
270 2375 396 2407 dicere:
421 2387 541 2407 sursum
567 2387 638 2408 vero
665 2377 874 2418 deorsumque
899 2376 1005 2411 fertur,
1032 2379 1064 2405 et
1089 2374 1297 2416 ignorantiam
1333 2385 1419 2406 suam
1453 2376 1629 2408 abscondit.

167 2426 334 2460 Enimvero
349 2434 382 2460 et
392 2439 449 2460 nos
465 2430 559 2471 paulo
575 2434 660 2469 ante,
675 2441 734 2472 ego
751 2429 872 2461 scilicet
884 2440 920 2461 ac
940 2434 987 2470 tu,
1010 2428 1165 2466 Socrates,
1180 2429 1369 2470 tergiversari
1383 2429 1522 2460 similiter
1537 2435 1627 2471 pote-

166 2490 280 2518 ramus,
295 2482 322 2513 εἰ
336 2482 528 2514 dissimulare
543 2483 758 2525 voluissemus,
772 2484 851 2515 adeo
866 2488 902 2514 ut
913 2493 977 2513 nou
989 2482 1162 2513 videremur
1172 2482 1350 2523 nobisipsis
1360 2483 1513 2514 contraria
1528 2484 1628 2526 loqui.

168 2532 202 2564 Si
217 2532 312 2575 igitur
325 2534 359 2566 in
381 2534 507 2576 judicio
527 2537 619 2568 nobis
644 2542 726 2568 esset
741 2537 904 2574 orandum,
920 2537 1046 2568 deceret
1067 2536 1298 2577 quodammodo
1314 2537 1374 2568 hoc
1389 2536 1521 2569 efficere.
1542 2548 1627 2569 nunc

168 2591 271 2617 autem
296 2587 374 2629 quid
399 2599 480 2630 opus
499 2595 548 2621 est
567 2590 600 2621 in
621 2591 682 2622 hoc
703 2597 787 2623 coetu
802 2591 912 2622 frustra
927 2601 960 2621 se
975 2589 1075 2620 verbis
1103 2590 1235 2621 ornare?
1280 2590 1336 2623 So.
1359 2590 1465 2632 Nihil,
1490 2596 1526 2621 ut
1550 2591 1627 2622 mihi

168 2639 304 2677 videtur,
318 2640 449 2675 Laches.
470 2643 524 2673 sed
540 2642 714 2682 videamus,
728 2654 769 2675 ne
791 2643 871 2675 forte
895 2643 1005 2674 Nicias
1020 2642 1139 2684 aliquid
1155 2653 1188 2674 se
1203 2643 1309 2674 dicere
1325 2648 1425 2684 putet,
1438 2654 1541 2685 neque
1558 2654 1624 2676 ver-

168 2693 278 2724 borum
302 2695 399 2735 gratia
421 2695 481 2727 ista
504 2696 601 2728 dicat.
623 2707 718 2739 quare
742 2698 782 2728 ab
805 2697 875 2739 ipso
900 2697 1024 2738 planius
1048 2695 1248 2733 sciscitemur,
1275 2697 1350 2738 quid
1376 2697 1511 2728 sentiat:
1535 2707 1570 2728 ac
1602 2697 1628 2728 si

170 2747 246 2789 quid
261 2747 324 2778 veri
340 2748 448 2780 afferre
463 2748 598 2790 videtur,
612 2750 817 2782 assentiemur
829 2762 839 2790 ;
862 2750 1003 2791 alioquin
1018 2750 1212 2781 docebimus.
1259 2749 1320 2782 LA.
1342 2749 1429 2792 Ipse,
1452 2751 1479 2781 si
1494 2750 1550 2787 vis,
1575 2750 1626 2781 in-

168 2806 301 2842 terroga,
317 2801 469 2835 Socrates,
494 2813 553 2844 ego
578 2802 660 2834 enim
677 2804 750 2834 satis
773 2809 974 2845 percontatus
991 2814 1072 2836 sum.
1117 2803 1173 2834 So.
1195 2803 1284 2834 Nihil
1300 2814 1348 2834 me
1363 2804 1518 2844 prohibet.
1540 2814 1627 2834 com-

168 2854 270 2884 munis
280 2854 364 2885 enim
380 2859 413 2886 et
427 2855 504 2886 mihi
518 2861 551 2887 et
563 2855 619 2887 tibi
635 2856 914 2899 eritinterrogatio.
958 2857 1020 2889 LA.
1045 2856 1183 2887 Omnino
1199 2857 1337 2898 quidem.
1382 2857 1439 2889 So.
1463 2856 1527 2887 Dic
1538 2856 1627 2898 mihi,

170 2917 189 2937 o
203 2906 309 2948 Nicia,
325 2908 419 2940 immo
431 2909 484 2941 dic
499 2910 588 2941 nobis
606 2921 613 2941 :
628 2909 718 2952 (nam
732 2915 765 2942 et
778 2911 855 2942 mihi
865 2916 897 2943 et
905 2910 1035 2943 Lacheti
1047 2910 1177 2952 quaestio
1192 2911 1258 2942 haec
1276 2915 1323 2941 est
1337 2910 1509 2942 communis
1526 2909 1550 2950 ε)
1566 2909 1627 2939 for-

171 2960 336 2993 titudinem
360 2972 428 2995 este
452 2963 531 2995 dicis
558 2964 796 2996 metuendorum
816 2969 850 2997 et
870 2975 935 2998 non
956 2965 1194 2998 metuendorum
1209 2964 1392 2997 scientiam?
1435 2962 1495 2994 Nx.
1527 2961 1624 3003 Equi-
