1846 3268
199 288 293 339 147]
718 281 1045 323 ALCIBIADES
1076 282 1128 322 ΙΙ.
1580 284 1660 323 ’183

188 390 258 422 Ἀι..
282 390 501 432 Nequaquam.
546 387 604 420 So.
627 386 755 430 Neque,
780 392 816 418 ut
840 387 982 424 arbitror,
1006 386 1189 429 quicunque
1204 395 1344 429 pugnare
1366 386 1461 424 norit,
1477 386 1599 428 ignoret
1613 392 1660 420 ta—

193 456 265 478 men
274 444 402 487 quando
414 449 447 475 et
460 447 611 485 quantum
627 442 760 475 melius?
807 442 868 474 Ar..
893 441 945 473 Sic
959 446 1018 473 est.
1066 441 1123 473 So.
1146 440 1262 483 Neque
1277 441 1301 472 si
1312 441 1382 483 quis
1395 441 1574 483 quempiam
1590 451 1662 483 per-

194 499 290 532 imere
315 499 405 536 sciat,
432 502 465 529 et
488 497 631 539 pecuniis
655 497 789 538 spoliare
810 507 847 528 ac
872 496 1009 528 exsulem
1037 507 1056 527 a
1080 496 1182 537 patria
1212 495 1334 527 facere:
1372 495 1433 526 nisi
1455 495 1533 527 sciat
1554 495 1664 534 etiam,

193 553 320 596 quando
336 557 370 584 et
382 562 476 594 quern
490 550 602 583 melius
628 551 677 583 sit.
722 550 788 583 AL.
811 550 958 583 Minime.
1005 550 1062 582 SO.
1084 549 1275 592 Quicunque
1297 550 1393 592 igitur
1413 550 1522 581 horum
1538 549 1657 592 aliquid

190 607 323 644 noverit,
339 607 434 638 modo
449 606 534 637 adsit
546 606 642 637 etiam
658 605 789 637 scientia
804 605 929 647 optimi,
945 615 1016 646 quae
1028 604 1157 646 quidem
1172 605 1283 636 eadem
1299 609 1332 636 et
1346 603 1432 635 utilis
1448 603 1580 636 scientia
1599 609 1659 642 est,

190 662 275 693 hunc
303 661 383 692 forte
412 661 603 703 prudentem
632 659 772 691 vocabis.
818 659 885 691 AL.
907 659 1003 690 Hunc
1029 659 1145 701 ipsum.
1191 658 1247 691 So.
1271 658 1527 700 Prudentemque
1556 658 1660 700 ipsum

191 716 331 747 dicemus
355 715 560 747 sufficientem
585 725 652 746 esse
673 713 732 745 sibi
756 719 789 745 et
812 714 922 756 patriae
948 714 1181 745 consultorem:
1206 713 1437 755 imprudentem
1451 723 1525 745 vero
1540 717 1661 745 contra.

190 770 343 812 quidnam
357 769 415 801 tibi
429 769 578 801 videtur?
623 768 689 800 Ar..
713 768 814 800 Idem.
859 769 917 800 So.
941 767 1027 805 Quid
1043 773 1161 805 autem,
1187 767 1214 799 si
1236 767 1307 810 quis
1327 767 1468 810 equitare
1494 771 1550 799 aut
1565 767 1662 810 sagit-

188 830 254 856 tare
268 824 356 861 sciat,
371 823 420 855 vel
436 823 611 865 palaestram
626 823 675 854 vel
688 822 884 865 pugillariam
900 822 949 853 vel
970 822 1057 853 aliud
1077 823 1237 864 quoddam
1255 826 1412 853 certamen
1428 832 1583 860 exercere,
1599 826 1655 853 aut

189 878 274 910 aliud
290 877 410 920 aliquid
425 889 531 909 eorum
548 888 745 920 quaecunque
758 888 813 919 per
827 882 923 908 artem
940 877 1083 908 novimus
1096 888 1103 908 ε
1128 887 1191 919 quo
1203 875 1331 908 nomine
1346 876 1489 919 appellas
1505 886 1590 916 eum,
1605 875 1661 918 qui

187 932 337 974 intelligit
349 932 427 974 quid
451 932 484 963 in
509 937 574 963 arte
594 932 707 963 melius
731 931 810 963 fiat?
833 942 872 962 an
896 942 958 962 non
985 932 1158 963 secundum
1183 935 1359 974 equestrem
1385 935 1482 962 artem
1506 930 1658 973 equitem,

190 989 362 1021 secundum
379 986 574 1030 pugillariam
590 986 744 1029 pugilem,
759 985 964 1017 tibicinariam
979 985 1153 1022 tibicinem,
1169 991 1263 1027 atque
1278 984 1312 1015 in
1325 984 1395 1016 aliis
1409 984 1521 1016 eodem
1537 985 1658 1016 modo?

191 1053 232 1074 an
248 1043 360 1074 secus?
404 1041 471 1072 Ar..
493 1041 545 1072 Sic
561 1045 657 1072 certe.
703 1039 760 1071 So.
786 1039 871 1071 Num
889 1040 945 1070 tibi
956 1039 1092 1080 videtur,
1105 1040 1159 1082 qui
1174 1041 1282 1070 horum
1298 1039 1416 1082 aliquid
1434 1039 1597 1082 intelligit,
1614 1038 1659 1070 vir

192 1097 331 1139 prudens
359 1095 591 1138 appellandus?
614 1103 654 1125 an
685 1094 779 1135 longe
808 1094 911 1125 adhuc
940 1093 1072 1125 abesse?
1117 1092 1182 1126 AL.
1206 1093 1317 1140 Lopge
1347 1105 1402 1135 per
1425 1093 1549 1126 Jovem.
1605 1093 1660 1126 So.

195 1151 330 1189 Qualem
345 1150 440 1192 igitur
454 1149 614 1182 civitatem
630 1159 699 1180 eam
716 1148 854 1190 putabis,
877 1159 947 1190 quae
963 1159 1000 1179 ex
1015 1147 1125 1190 peritis
1140 1148 1307 1190 sagittariis
1318 1153 1351 1180 et
1365 1147 1546 1180 tibicinibus
1561 1149 1663 1181 athle-

193 1206 296 1247 tisque
311 1215 347 1236 ac
362 1204 472 1236 ceteris
487 1203 658 1235 artificibus
673 1207 815 1234 constet:
839 1201 901 1233 sint
916 1203 1043 1245 insuper
1057 1203 1186 1235 admixti
1201 1203 1365 1235 militarem
1385 1203 1536 1235 callentes
1550 1209 1660 1242 artem,

193 1263 226 1290 et
240 1259 294 1301 qui
307 1259 347 1290 ad
363 1257 602 1289 interimendum
619 1257 757 1299 prompti
775 1267 784 1297 ;
807 1267 868 1288 nec
883 1268 947 1288 non
965 1257 1063 1288 inflati
1085 1258 1125 1288 ob
1147 1258 1287 1290 civilium
1311 1249 1411 1289 rerum
1436 1258 1662 1290 administrati-

192 1323 288 1345 ones:
313 1313 395 1344 desit
410 1317 514 1343 autem
530 1312 640 1353 optimi
665 1311 807 1348 scientia,
823 1319 856 1343 et
879 1312 933 1353 qui
960 1312 1053 1349 norit,
1077 1313 1204 1354 quando
1229 1317 1261 1344 et
1284 1313 1324 1343 ad
1347 1323 1442 1354 quem
1467 1323 1660 1355 unoquoque

190 1367 314 1398 illorum
336 1366 432 1408 [146]
456 1367 503 1397 uti
527 1366 677 1408 praestat?
722 1365 788 1398 AL.
814 1366 1004 1408 ignobilem,
1029 1377 1048 1397 o
1077 1366 1231 1398 Socrates.
1277 1366 1333 1399 So.
1356 1366 1496 1398 Maxime
1526 1367 1598 1409 hoc,
1627 1371 1663 1398 ut

191 1421 331 1460 arbitror,
347 1421 479 1458 diceres,
506 1420 530 1451 si
554 1420 683 1462 quando
697 1431 839 1452 cerneres
868 1431 1126 1463 unumquemque
1150 1420 1273 1452 illorum
1298 1420 1510 1458 ambitiosum,
1536 1425 1569 1452 et
1591 1420 1663 1462 plu-

190 1476 282 1508 rimas
292 1475 350 1506 sibi
364 1480 465 1517 partes
481 1474 524 1506 rei
534 1475 668 1516 publicae
679 1475 865 1517 partientem
879 1475 919 1506 ad
932 1476 1005 1513 hoc,
1018 1480 1054 1506 ut
1066 1475 1301 1518 potentissimus
1316 1475 1356 1506 sit
1372 1487 1379 1507 :
1396 1475 1661 1518 potentissimum,

189 1530 331 1572 inquam,
348 1530 379 1560 in
397 1540 435 1560 eo
450 1530 536 1571 quod
553 1530 726 1561 secundum
741 1535 837 1561 artem
854 1530 954 1572 ipsam
970 1535 1018 1562 est
1042 1531 1196 1572 optimum
1211 1542 1219 1561 ε
1244 1531 1283 1561 ab
1300 1541 1338 1561 eo
1353 1541 1438 1569 vero,
1453 1531 1539 1573 quod
1555 1530 1614 1561 sibi
1629 1534 1662 1561 et

190 1584 235 1616 rei
250 1584 384 1627 publicas
400 1585 565 1626 optimum,
582 1584 690 1626 procul
706 1585 912 1622 aberrantem,
927 1585 1047 1627 quippe
1073 1584 1128 1628 qui
1156 1584 1299 1627 opinioni
1316 1584 1385 1616 sine
1401 1590 1505 1616 mente
1518 1585 1662 1616 credide-

190 1638 242 1670 rit.
288 1638 432 1680 Cumque
448 1639 514 1670 haec
530 1638 574 1669 ita
589 1649 621 1670 se
637 1639 798 1677 haberent,
815 1649 920 1671 nonne
937 1644 1020 1671 recte
1037 1639 1212 1671 diceremus
1227 1640 1309 1671 hanc
1330 1639 1490 1670 civitatem
1506 1639 1658 1671 tumultus

189 1692 412 1735 quamplurimi
435 1692 673 1735 iniquitatisque
694 1693 930 1735 plenissimam?
976 1693 1041 1726 AL.
1063 1692 1166 1725 Recte
1184 1704 1240 1736 per
1263 1693 1388 1726 Jovem.
1433 1694 1489 1726 So.
1513 1693 1566 1724 An
1593 1703 1658 1724 non

192 1747 399 1778 necessarium
417 1746 507 1778 nobis
524 1747 622 1778 visum
645 1747 717 1785 fuit,
744 1748 877 1790 primum
904 1748 1031 1790 quidem
1058 1753 1167 1790 putare
1188 1759 1246 1779 nos
1260 1759 1459 1791 cognoscere,
1475 1748 1524 1779 vel
1541 1758 1572 1780 re
1588 1758 1661 1779 vera

192 1811 381 1843 cognoscere
409 1801 480 1839 hoc,
503 1801 590 1843 quod
617 1807 761 1843 prompte
781 1802 895 1833 facturi
921 1801 1076 1834 dicturive
1098 1803 1228 1834 sumus?
1272 1801 1338 1833 Ax..
1361 1802 1470 1834 Visum
1497 1807 1555 1835 est.
1601 1802 1659 1836 So.

193 1854 322 1897 Nonne,
336 1855 364 1887 si
378 1856 448 1898 quis
470 1856 536 1897 agit
549 1856 677 1898 quidem
700 1856 787 1898 quod
807 1857 895 1887 novit
910 1862 965 1888 aut
979 1867 1070 1888 nosse
1085 1857 1254 1895 existimat,
1269 1857 1360 1888 addit
1374 1862 1479 1888 autem
1494 1857 1658 1889 scientiam

193 1910 316 1952 optimi,
333 1911 484 1953 sequitur,
500 1916 535 1942 ut
550 1911 667 1943 utiliter
681 1917 754 1953 agat
769 1917 801 1943 et
815 1912 853 1943 ad
865 1923 898 1943 se
910 1911 1011 1954 ipsum
1024 1917 1057 1943 et
1068 1913 1108 1943 ad
1120 1922 1184 1943 rem
1198 1911 1356 1953 publicam
1368 1912 1379 1943 ἓ
1424 1910 1488 1944 AL.
1513 1910 1634 1949 Quidni
1647 1911 1659 1941 ?

191 1964 249 1996 So.
273 1965 391 1997 Contra
405 1976 477 1997 vero
499 1976 558 1997 nec
583 1966 621 1996 ad
648 1966 807 1998 civitatem
829 1976 933 2008 neque
949 1967 1043 1998 etiam
1063 1967 1103 1997 ad
1119 1976 1153 1998 se
1168 1966 1296 2008 ipsum?
1340 1965 1407 1998 AL.
1430 1966 1481 1997 Ita
1496 1971 1555 1998 est.
1601 1965 1658 1998 So.

192 2018 279 2055 Quid
295 2018 423 2050 autem?
441 2029 526 2051 nunc
539 2020 596 2050 tibi
623 2020 668 2051 ita
690 2020 825 2057 videtur,
841 2030 882 2051 an
897 2020 1010 2052 aliter?
1054 2019 1118 2052 Ar..
1141 2020 1217 2052 Non
1233 2021 1335 2053 aliter.
1379 2021 1435 2053 So.
1458 2020 1589 2057 Dixisti,
1607 2032 1663 2052 vo-

190 2082 261 2105 care
287 2078 319 2105 te
342 2074 446 2115 plures
470 2073 698 2116 imprudentes,
721 2075 893 2116 prudentes
914 2075 1101 2117 pauciores?
1156 2074 1220 2107 AL.
1253 2075 1422 2118 Equidem.
1476 2075 1530 2108 So.
1568 2075 1660 2107 Dixi-

191 2138 301 2160 musne
325 2129 451 2166 iterum,
467 2129 571 2171 plures
593 2130 634 2160 ab
660 2139 712 2171 eo,
734 2129 820 2171 quod
847 2133 896 2160 est
920 2129 1086 2171 optimum,
1114 2129 1273 2161 aberrare:
1301 2135 1411 2172 utpote
1435 2130 1490 2172 qui
1511 2129 1657 2172 opinioni

189 2183 308 2225 absque
335 2188 439 2214 mente
469 2188 504 2214 ut
528 2183 696 2226 plurimum
717 2183 957 2216 consenseriut?
1002 2183 1068 2215 Ar„
1104 2183 1252 2215 Diximus
1275 2184 1381 2226 plane.
1437 2185 1492 2216 So.
1525 2185 1659 2216 Prodest

189 2237 285 2279 igitur
300 2236 416 2275 multis,
431 2247 535 2279 neque
551 2248 642 2269 nosse
657 2237 827 2280 quicquam
853 2248 957 2280 neque
984 2243 1094 2280 putare
1119 2249 1152 2270 se
1175 2249 1324 2271 noscere:
1350 2239 1505 2281 siquidem
1531 2249 1658 2280 promp-

188 2291 282 2322 tiores
297 2296 388 2323 erunt
401 2292 440 2323 ad
455 2291 511 2323 illa
536 2291 712 2330 efficienda,
727 2302 799 2334 quae
815 2292 864 2324 vel
886 2298 1023 2324 noscunt
1036 2293 1085 2324 vel
1110 2303 1299 2335 cognoscere
1325 2293 1506 2334 opinantur.
1529 2298 1657 2335 agentes

187 2350 304 2383 autem,
335 2346 394 2378 sibi
422 2347 583 2378 nocebunt
611 2347 746 2378 crebrius
774 2357 869 2389 quam
900 2347 1075 2379 conferent.
1121 2347 1186 2379 AL.
1210 2347 1379 2379 verissima
1409 2347 1555 2390 loqueris.
1599 2348 1656 2380 So.

188 2400 268 2432 Cum
284 2411 358 2442 ergo
375 2394 531 2439 dicebam,
546 2400 680 2444 reliquas
695 2412 804 2434 omnes
820 2401 979 2440 scientias,
999 2402 1026 2434 si
1049 2402 1129 2434 absit
1156 2403 1289 2434 scientia
1313 2402 1437 2444 optimi,
1464 2403 1574 2434 obesse
1600 2413 1657 2433 sae-

189 2453 260 2494 pius
286 2465 379 2496 quam
405 2456 552 2497 prodesse
577 2455 646 2487 illas
671 2456 812 2494 habenti,
828 2467 903 2488 num
927 2462 1011 2489 recte
1035 2457 1122 2499 loqui
1147 2462 1223 2489 tunc
1247 2457 1302 2488 tibi
1324 2457 1476 2489 videbar?
1522 2456 1588 2488 AL.
1612 2457 1654 2488 Et

188 2507 213 2538 si
230 2511 304 2540 tunc
319 2508 455 2547 minime,
471 2520 555 2541 nunc
576 2510 697 2548 saltem,
723 2521 742 2541 o
769 2511 924 2543 Socrates.
971 2511 1024 2543 So.
1048 2511 1183 2553 Oportet
1197 2511 1304 2554 itaque
1320 2517 1353 2543 et
1368 2512 1526 2543 civitatem
1541 2517 1572 2543 et
1588 2511 1656 2542 ani-

189 2571 283 2600 mam,
297 2573 368 2604 quae
383 2567 465 2594 recte
481 2563 600 2595 victura
624 2565 675 2602 sit,
690 2565 770 2597 hanc
795 2566 903 2607 procul
927 2566 1024 2597 dubio
1051 2566 1220 2608 complecti
1245 2566 1428 2598 scientiam:
1452 2567 1655 2609 quemadmo-

190 2617 265 2647 dum
290 2621 491 2658 aegrotantem
518 2617 686 2660 medicum,
706 2625 740 2650 et
760 2619 814 2661 qui
836 2631 985 2662 prospere
1012 2620 1158 2661 navigare
1173 2621 1260 2659 velit,
1276 2622 1524 2663 gubernatorem.
1570 2620 1654 2652 Nam

188 2681 252 2712 quo
276 2670 375 2712 magis
399 2671 520 2702 animus
547 2671 613 2703 sine
640 2673 699 2705 hac
721 2674 853 2705 scientia
879 2674 961 2706 circa
988 2675 1113 2706 divitias
1128 2675 1178 2706 vel
1201 2676 1340 2717 corporis
1363 2675 1456 2707 robur
1479 2675 1576 2717 [147]
1599 2678 1655 2705 aut

190 2724 275 2755 aliud
303 2724 364 2756 tale
387 2725 563 2763 conabitur,
588 2736 626 2757 eo
653 2727 770 2769 majora
793 2739 833 2759 ex
857 2728 896 2760 iis
921 2734 1051 2770 peccata
1065 2729 1219 2761 committi
1247 2740 1374 2762 necesse
1396 2735 1456 2763 est.
1500 2729 1565 2767 Qui
1581 2739 1653 2760 vero

189 2778 295 2809 multis
308 2789 345 2810 ac
361 2778 451 2810 variis
476 2779 593 2811 artibus
617 2785 650 2812 et
675 2781 814 2813 scientiis
841 2789 968 2814 ornatus
991 2788 1051 2820 est,
1066 2784 1108 2814 sit
1127 2790 1232 2815 autem
1257 2795 1367 2827 expers
1392 2784 1481 2816 istius
1501 2783 1653 2819 scientim,

188 2832 302 2864 duetus
325 2842 345 2863 a
369 2833 499 2875 singulis
525 2833 604 2872 aliis,
630 2845 736 2867 nonne
763 2836 872 2867 merito
899 2837 997 2868 multa
1022 2842 1209 2880 tempestate
1229 2838 1422 2880 jactabitur?
1445 2838 1565 2880 quippe
1581 2847 1652 2868 cum

190 2885 307 2928 absque
318 2887 524 2928 gubernatore
540 2889 662 2920 oberret
676 2889 708 2920 in
723 2890 847 2932 pelago,
861 2891 946 2922 brevi
960 2897 1100 2933 tempore
1115 2891 1270 2934 periturus
1283 2893 1294 2923 ἓ
1340 2892 1424 2924 Huic
1439 2897 1522 2924 certe
1537 2901 1651 2923 conve-

190 2939 256 2972 nire
270 2941 393 2973 videtur
405 2941 481 2974 iilud
504 2942 608 2984 poetae
625 2953 762 2981 carmen,
775 2945 806 2975 in
823 2955 885 2987 quo
901 2946 1059 2987 quendam
1073 2946 1251 2990 vituperans
1270 2947 1384 2990 inquit,
1402 2947 1508 2979 Multa
1529 2944 1653 2987 quidem
