1846 3268
230 255 308 317 '³58
851 275 1117 316 thouis
1597 274 1701 332 [252

230 378 337 411 multis
351 379 599 418 denominamus,
614 379 688 410 dnm
713 378 832 410 colores
854 379 915 421 illi,
931 379 1058 421 figuras,
1072 379 1304 422 magnitudines
1330 379 1540 423 attribuimus,
1553 381 1698 414 virtutes-

231 444 295 475 que
308 438 341 465 et
355 434 451 465 vitia:
473 434 506 465 in
521 434 634 476 quibus
643 432 789 465 omnibus
805 432 935 474 allisque
952 433 1113 474 permultis
1127 444 1191 464 non
1206 434 1364 466 hominem
1381 439 1503 465 tantum
1516 445 1584 467 esse
1595 435 1698 477 ipsum

232 487 378 525 dicimus,
393 488 448 519 scd
463 493 495 519 et
511 488 625 519 bonum
650 492 684 518 ct
707 486 770 518 alia
795 486 913 517 multat
938 491 1033 528 atque
1059 486 1092 517 ln
1118 486 1188 519 aliis
1211 487 1352 519 simillter
1375 488 1508 530 agimus.
1532 489 1699 530 quodlibet

230 540 315 572 enim
331 551 426 572 unum
442 545 596 582 ponentes
611 540 710 571 multa
725 539 842 571 deinde
858 539 1037 582 multisque
1048 539 1228 572 nominibus
1249 541 1458 583 appellamus.
1500 541 1589 575 Tur..
1611 542 1696 574 Vera

228 604 344 626 narras.
388 594 457 626 Ho.
481 595 577 626 Unde
588 594 774 637 juvenibus,
790 598 827 625 ut
841 594 982 634 arbitror,
997 598 1029 625 et
1051 594 1140 625 tardo
1157 595 1284 636 ingenio
1298 596 1425 627 senibus
1441 595 1628 627 adversandi
1643 606 1697 628 oc-

230 648 388 681 casionem
403 648 560 681 dedimus.
604 647 688 679 Nam
710 647 862 679 continuo
889 646 1023 690 quisquc
1048 647 1185 688 objicere
1202 652 1319 689 potest,
1332 650 1418 691 quod
1435 649 1630 691 impossibile
1644 649 1697 687 sit,

229 701 329 733 multa
344 712 441 733 unum
457 706 491 734 et
511 712 609 733 unum
637 701 735 733 multa
757 712 838 734 esse.
883 702 1086 743 Quapropter
1108 701 1278 739 exsultant,
1303 703 1379 733 dum
1399 703 1558 734 hominem
1579 702 1696 734 bonnm

231 754 296 787 dici
311 760 376 786 non
390 755 509 792 sinunt,
524 755 579 786 sed
594 755 711 786 bonum
727 754 856 796 quidem
869 754 985 785 bonum
1000 766 1007 785 ε
1031 754 1188 786 hominem
1197 765 1272 786 vero
1286 755 1443 788 hominem
1456 756 1560 788 vocari
1574 756 1695 790 volunt.

229 807 375 840 Incidisti
390 818 617 849 saepenumero,
633 812 670 838 ut
691 808 832 846 arbitror,
854 808 1028 846 Tlreaetete,
1044 807 1077 838 in
1104 807 1259 850 immines,
1275 809 1329 851 qui
1351 809 1481 851 argutiis
1503 810 1698 851 ejuscemodi

229 861 367 899 student,
384 861 569 903 plerumque
581 861 675 892 etiam
691 861 839 903 seniores,
853 861 908 902 qui
931 865 1058 903 propter
1073 861 1211 903 inopiam
1228 863 1391 904 sapientia:
1406 864 1474 895 haec
1489 864 1661 896 admirantu
1669 875 1695 905 r,

229 920 262 946 et
276 919 425 957 tanquam
442 915 642 955 magnificum
656 915 807 957 quiddam
823 915 1011 953 invenerint,
1026 926 1059 947 se
1081 920 1196 948 temere
1213 916 1348 958 jactant.
1392 917 1480 948 Tua.
1504 917 1546 948 Et
1562 919 1694 950 maxime

231 968 373 1010 quidem.
419 968 486 1001 Ho.
511 969 557 1000 Ut
577 968 671 1011 igitur
694 974 839 1006 cunctos,
863 969 1044 1012 quicunqne
1067 969 1107 1001 de
1130 970 1265 1001 essentia
1290 981 1429 1012 unquam
1452 970 1573 1012 aliquid
1597 971 1696 1003 locuti

231 1026 316 1064 sunt,
328 1031 427 1053 sermo
443 1022 702 1064 comprehendat,
718 1032 789 1064 quzn
815 1023 969 1064 deinceps
992 1023 1213 1064 interrogando
1234 1022 1452 1064 subjiciemus,
1468 1027 1531 1054 tam
1546 1024 1694 1056 adversus

228 1075 304 1106 istos
318 1086 413 1118 quam
429 1076 575 1108 adversus
590 1075 680 1114 alios,
703 1086 785 1117 quos
798 1086 893 1118 supra
915 1075 1091 1112 retulimus,
1108 1075 1195 1107 dicta
1217 1075 1446 1118 intelligantur.
1486 1076 1576 1109 ΤΗΣ.
1598 1078 1695 1115 Quoe-

228 1139 300 1160 narn
310 1129 395 1161 ista?
438 1129 506 1161 Ho.
530 1129 642 1162 Utrum
657 1139 761 1171 neque
776 1129 943 1160 essentiam
958 1139 1029 1161 cum
1051 1134 1138 1160 motu
1153 1134 1275 1161 statuve
1285 1129 1469 1172 jungemus,
1481 1140 1587 1172 neque
1608 1131 1694 1163 aliud

228 1183 398 1226 quicquam
413 1193 485 1216 cum
500 1182 562 1214 alio
577 1193 749 1226 quoquam,
765 1183 820 1214 sed
835 1182 926 1225 quasi
941 1182 1076 1214 invicem
1091 1193 1140 1214 res
1153 1182 1384 1216 communicare
1398 1188 1569 1226 nequeant,
1582 1185 1695 1217 nostris

231 1237 425 1269 sermonibus
439 1247 492 1270 eas
507 1237 634 1279 penitus
649 1247 846 1269 secernemus
859 1237 870 1268 ?
893 1247 934 1268 an
950 1236 982 1268 in
997 1237 1081 1268 idem
1097 1236 1202 1268 omnia
1224 1246 1440 1279 congeremus,
1456 1242 1605 1280 tanquam
1620 1238 1694 1271 mis·

228 1291 293 1322 ceri
307 1291 431 1333 singula
446 1291 567 1333 possint
581 1291 594 1322 ?
616 1300 657 1323 an
673 1290 787 1332 partim
803 1289 910 1323 licebit
923 1290 1065 1332 quidem,
1081 1289 1194 1332 partim
1214 1290 1364 1322 minime?
1408 1290 1497 1329 Quid
1516 1302 1554 1323 ex
1570 1291 1620 1324 hi·
1634 1301 1693 1334 po-

229 1343 393 1380 tissimum,
407 1344 582 1387 Tbeaetete,
595 1344 750 1377 electuros
765 1344 836 1376 illos
851 1344 1021 1386 putamus?
1063 1343 1152 1377 Tus.
1175 1343 1294 1376 Nescio
1316 1344 1394 1386 quid
1409 1355 1465 1387 pro
1487 1344 1551 1376 illis
1564 1355 1692 1388 respon-

227 1397 332 1428 deam.
375 1397 439 1429 Cur
453 1408 518 1429 non
532 1397 691 1439 sigillatim
703 1397 936 1439 respondendo,
950 1396 1027 1439 quid
1051 1407 1088 1428 ex
1113 1407 1308 1440 unoquoquo
1327 1398 1467 1440 sequitur
1480 1399 1694 1441 exquisivisti?

226 1450 294 1483 Ho.
316 1451 419 1484 Recte
433 1452 597 1484 admones.
618 1452 777 1484 Ponamus
791 1462 878 1494 ergo,
889 1452 915 1483 si
931 1451 988 1489 vis,
1003 1451 1108 1483 dicere
1123 1451 1193 1483 illos
1211 1452 1357 1493 primum,
1373 1453 1450 1485 nihil
1471 1463 1596 1496 prorsus
1618 1463 1691 1486 cnm

228 1505 335 1548 aliquo
346 1505 388 1538 ad
402 1505 522 1547 aliquid
544 1505 797 1538 communionem
825 1505 921 1538 ullam
945 1506 1072 1540 habere.
1094 1516 1201 1539 nonne
1216 1511 1319 1538 motus
1337 1511 1370 1538 et
1383 1511 1482 1539 status
1496 1507 1584 1539 nullo
1596 1508 1692 1540 modo

226 1560 370 1591 essentias
378 1559 634 1602 participabunt?
676 1559 765 1592 Tria.
789 1559 887 1603 [252]
911 1559 1010 1592 Nullo
1026 1560 1120 1592 modo
1147 1565 1242 1593 certe.
1286 1560 1354 1593 Ho.
1376 1561 1464 1593 Num
1485 1561 1545 1594 erit
1568 1561 1693 1593 illorum

225 1613 368 1656 aliquod,
384 1624 456 1646 cum
472 1619 615 1646 neutrum
632 1613 684 1653 sit,
699 1614 843 1645 essentiae
869 1614 1051 1656 particeps?
1094 1614 1122 1645 T
1124 1624 1182 1646 rm.
1205 1614 1281 1646 Non
1297 1615 1370 1648 erit.
1413 1614 1481 1647 Ηο.
1503 1614 1616 1647 Statim
1631 1616 1691 1648 hac

226 1668 434 1699 consensione
455 1668 573 1706 omnia,
588 1673 625 1699 ut
647 1668 781 1706 videtur,
796 1678 942 1710 perversa
967 1673 1052 1706 suut,
1075 1673 1141 1700 tum
1165 1668 1290 1700 illorum
1314 1669 1474 1712 dogmata,
1489 1668 1546 1712 qui
1575 1669 1694 1702 moveri

226 1722 344 1763 omnia,
359 1726 425 1753 tum
451 1722 586 1760 illorum,
601 1722 657 1764 qui
680 1727 760 1754 stare
786 1727 821 1753 ut
845 1733 943 1754 unum
963 1722 1095 1754 volunt:
1118 1733 1156 1754 ac
1180 1723 1274 1754 etiam
1299 1722 1434 1760 illorum,
1448 1722 1503 1765 qui
1517 1723 1692 1756 seeundum

225 1775 346 1817 species
359 1787 396 1808 ea
407 1787 478 1819 quse
489 1781 575 1818 sunt,
585 1777 698 1808 eodem
710 1776 805 1808 modo
816 1781 850 1808 et
860 1776 1034 1809 secundum
1046 1777 1156 1808 eadem
1169 1787 1235 1808 esse
1248 1787 1370 1819 semper
1380 1777 1569 1810 existimant.
1581 1787 1690 1809 omnes

224 1829 308 1860 enim
331 1840 400 1862 esse
423 1828 613 1872 adjungunt,
628 1830 741 1872 partim
757 1841 828 1862 vere
861 1830 990 1870 moveri,
1006 1830 1118 1873 partim
1134 1841 1206 1862 vere
1229 1835 1309 1862 stare
1331 1831 1484 1863 dicentes.
1526 1830 1615 1864 Tus.
1638 1830 1692 1864 Sic

226 1887 276 1915 est
288 1884 428 1916 omnino.
473 1884 542 1916 Ho.
566 1884 654 1922 Quin
679 1884 773 1916 etiam
799 1884 980 1927 quicunque
1007 1885 1163 1916 interdum
1189 1889 1385 1927 componunt
1400 1884 1520 1926 omnia,
1534 1884 1690 1916 interdum

224 1937 383 1980 dividunt,
395 1938 460 1970 sive
474 1938 506 1969 in
523 1949 620 1970 unum
641 1944 673 1970 et
687 1949 726 1970 ex
742 1949 804 1970 uno
819 1938 854 1969 in
869 1938 1005 1977 infinita,
1020 1939 1086 1970 sive
1102 1939 1133 1969 in
1148 1939 1313 1970 terminata
1327 1938 1484 1970 elementa
1498 1939 1644 1970 dividant
1657 1945 1692 1971 et

223 2002 260 2022 ex
278 1990 327 2022 his
340 1997 533 2034 componant
547 2003 555 2023 :
578 1990 717 2023 similiter
733 1991 861 2033 quidem
877 1992 903 2023 si
918 1992 1072 2022 interdum
1089 1991 1224 2023 vicissim
1249 1992 1284 2023 id
1310 1992 1377 2023 fieri
1403 1997 1535 2034 ponant,
1550 1992 1691 2024 similiter

224 2055 351 2087 quoque
367 2045 393 2076 si
407 2056 550 2088 semper:
573 2046 607 2077 in
622 2045 681 2082 his,
693 2045 838 2088 inquam,
855 2046 998 2077 omnibus
1011 2045 1089 2076 nibil
1105 2045 1168 2077 veri
1183 2046 1304 2088 dicunt,
1317 2046 1573 2088 quandoquidem
1588 2057 1689 2078 rerum

225 2103 273 2130 cst
286 2099 371 2131 nulla
386 2099 580 2132 commixtio.
625 2099 712 2133 Tus.
735 2099 850 2132 Recte.
894 2099 960 2131 Ho.
986 2100 1142 2131 Praeterea
1157 2105 1189 2130 et
1204 2100 1263 2141 ipsi
1278 2110 1372 2141 quam
1387 2100 1606 2132 absurdissime
1625 2111 1690 2133 ser-

226 2163 348 2185 monem
365 2153 612 2196 transigeremus,
628 2153 654 2184 si
679 2153 757 2185 nibil
782 2153 1030 2195 permitteremus
1056 2153 1181 2185 alterius
1208 2153 1362 2194 passionis
1376 2154 1595 2186 communione
1610 2154 1689 2186 alte-

225 2217 290 2238 rum
305 2207 470 2250 appellari.
513 2207 602 2240 Tua.
625 2208 821 2245 Quomodo?
866 2207 936 2239 Ηο.
960 2207 1036 2250 Ipso
1059 2218 1128 2239 esse
1153 2207 1235 2239 circa
1256 2207 1379 2249 singula
1394 2208 1627 2249 quodammodo
1643 2208 1689 2240 uti

223 2266 390 2303 coguntur,
405 2266 438 2293 et
451 2262 523 2304 ipso
538 2272 675 2293 seorsum
689 2266 722 2292 et
736 2262 833 2293 altero
848 2266 881 2293 et
896 2262 1069 2293 secundum
1085 2261 1220 2303 seipsum
1236 2266 1269 2293 et
1283 2261 1453 2293 innumeris
1461 2261 1550 2293 aliis:
1574 2262 1688 2303 quibus

223 2325 294 2346 cum
311 2315 465 2347 abstinere
481 2320 649 2357 nequeant,
665 2315 741 2358 quin
767 2315 960 2347 sermonibus
985 2316 1048 2347 suis
1075 2316 1270 2353 interserant,
1286 2315 1380 2346 nullis
1395 2315 1525 2346 aliorum
1539 2315 1690 2358 redargu·

225 2368 361 2400 tionibus
377 2369 531 2411 indigent,
546 2370 614 2407 sed,
631 2375 665 2400 ut
676 2370 783 2407 fertur,
799 2370 885 2401 domi
900 2371 1022 2401 hostem
1037 2375 1069 2401 ct
1084 2369 1291 2401 adversarium
1308 2369 1425 2400 liabent.
1441 2369 1626 2401 intrinsecus
1641 2379 1689 2401 re·

223 2422 424 2464 clamantem,
440 2422 536 2454 instar
558 2421 702 2465 Euryclis
726 2423 864 2460 absurdi,
888 2434 1024 2465 eumque
1049 2434 1154 2454 secum
1180 2423 1412 2455 circumferunt.
1456 2422 1545 2454 Τιυι.
1568 2423 1688 2455 Verum

221 2480 271 2508 est
284 2476 369 2517 quod
385 2476 464 2507 dicis
480 2487 516 2508 ac
531 2476 641 2508 simile.
683 2476 750 2508 Ho.
772 2476 858 2514 Quid
876 2487 960 2514 vero,
977 2476 1002 2508 si
1017 2475 1122 2508 omnia
1131 2476 1193 2507 vim
1206 2481 1321 2507 mutuae
1333 2476 1563 2507 communionis
1572 2477 1687 2508 babere

223 2529 390 2562 dicamus?
412 2530 472 2561 boc
488 2530 628 2571 profecto
642 2537 676 2562 et
697 2531 765 2572 ipse
780 2530 919 2563 refellere
935 2541 1074 2573 possum.
1119 2530 1206 2562 Tur..
1231 2531 1304 2568 Qua
1319 2530 1461 2562 ratione?
1505 2529 1571 2562 Ηο.
1594 2530 1686 2568 Quo-

221 2584 307 2615 niam
331 2587 364 2614 et
387 2588 489 2615 motus
505 2583 573 2626 ipse
589 2584 716 2615 omnino
732 2585 907 2626 quiesceret
921 2589 953 2615 et
969 2589 1067 2615 status
1088 2583 1268 2626 agitaretur,
1283 2584 1310 2615 si
1336 2584 1471 2615 invicem
1497 2584 1682 2616 commisce-

221 2642 338 2668 rentur.
361 2637 421 2669 hoc
444 2642 549 2669 autem
576 2649 695 2669 summa
711 2639 847 2680 quadarn
863 2638 1048 2670 necessitate
1074 2637 1265 2679 impossibile
1287 2643 1348 2675 est,
1370 2642 1489 2668 motum
1515 2642 1596 2669 stare
1617 2642 1682 2669 stu-

224 2696 329 2723 tumve
352 2690 481 2723 moveri.
539 2691 626 2724 Tne.
666 2691 732 2724 Cur
758 2692 846 2724 non?
902 2692 966 2724 Ho.
1000 2692 1140 2723 Tertium
1171 2692 1278 2734 itaque
1307 2691 1407 2723 solum
1433 2696 1539 2726 restat.
1595 2690 1686 2723 Tur..

221 2745 316 2777 Sane.
363 2744 430 2778 Ηο.
454 2745 580 2776 Etenim
607 2757 704 2777 unum
735 2747 862 2788 aliquod
894 2746 1021 2778 istorum
1052 2746 1259 2778 necessarium
1276 2751 1336 2787 est,
1352 2745 1400 2776 vel
1429 2745 1535 2777 omnia
1548 2745 1597 2777 vel
1613 2745 1682 2775 nul—

224 2800 287 2830 lum
312 2799 360 2830 vel
391 2799 451 2830 alia
480 2800 686 2842 commisceri,
713 2800 774 2831 alia
803 2800 941 2832 rninimc.
985 2799 1072 2831 Tus.
1097 2800 1315 2831 Necessarium
1337 2810 1472 2842 prorsus.
1516 2797 1584 2830 Ηο.
1605 2797 1682 2828 Duo

217 2854 343 2896 quidem
368 2852 494 2895 reperiri
527 2864 590 2884 non
621 2859 762 2895 possunt.
805 2855 894 2888 Tun.
918 2854 992 2886 Nou
1022 2859 1119 2886 certe.
1178 2854 1246 2886 110.
1270 2853 1416 2894 Sequitur
1438 2857 1473 2883 ut
1502 2852 1682 2893 quicunque

220 2913 303 2940 recte
326 2907 512 2949 respondere
538 2907 616 2945 vult,
641 2907 793 2949 reliquum
810 2919 827 2939 e
847 2908 943 2940 tribus
969 2919 1084 2950 ponere
1117 2909 1242 2940 debeat.
1299 2907 1386 2940 Tne.
1419 2905 1569 2937 Maxime.
1614 2904 1681 2936 Ho-

222 2960 487 3005 Quandoquidem
522 2961 582 2993 alia
608 2962 691 2995 coire
724 2962 843 3000 volunt,
875 2962 936 2996 alia
959 2962 1084 2995 minime
1101 2974 1108 2994 ;
1143 2961 1238 2995 ferme
1263 2962 1347 2994 idem
1373 2960 1464 2993 rebus
1493 2958 1562 2992 aliis
1594 2959 1681 3002 quod
