1846 3268
211 285 290 332 404
766 278 771 280 ’
809 280 1076 321 PLATONJS
1582 281 1684 339 [183

211 398 275 420 non
291 387 382 420 facile
396 387 538 430 cognitu.
583 385 727 419 Concedi
744 386 837 428 plane
852 384 988 424 videtur,
1004 385 1029 417 si
1045 386 1116 428 quis
1130 386 1368 427 aninradvcrtat,
1379 388 1464 430 quod
1477 387 1593 421 dicitur
1605 399 1685 431 prae-

210 442 322 474 clarius
337 453 405 474 esse
420 442 522 484 palam
539 451 642 472 amare
657 450 750 482 quarn
767 439 959 478 clanculum,
974 450 1091 482 eosque
1107 441 1281 484 praecipue,
1298 442 1352 484 qui
1368 442 1511 484 generosi
1523 447 1556 475 et
1570 443 1685 486 optimi

210 502 295 534 sunt,
310 496 432 529 etiamsi
448 496 549 527 minus
564 495 690 526 formosi
706 505 799 537 quam
815 494 868 525 alii
883 493 1060 528 videantur.
1104 496 1202 527 Favet
1229 507 1355 539 quoque
1371 497 1500 528 amatori
1516 498 1684 540 quamplu-

212 550 324 582 rimum
343 550 518 582 communis
534 550 673 581 omnium
691 548 878 586 cohortatio,
895 548 986 591 quasi
1013 548 1091 580 nihil
1117 555 1206 591 turpe
1230 551 1438 593 aggrediatur.
1461 562 1533 582 nam
1549 562 1688 584 commu-

210 605 305 646 niter,
327 605 352 636 si
377 605 447 647 quis
471 609 607 636 amatum
636 604 754 647 capiat,
770 603 935 646 pulchrum
962 603 1112 646 quiddam
1130 603 1253 636 videtur
1267 616 1275 635 ε
1299 605 1324 636 si
1350 615 1413 636 nun
1437 605 1554 647 capiat,
1581 611 1683 648 turpe.

208 659 253 690 Et
268 659 317 690 lex
332 660 371 690 ad
386 663 522 690 amatum
538 659 596 690 sibi
612 658 845 690 conciliandum
862 656 992 689 amatori
1009 657 1084 689 mira
1099 657 1243 700 quaedam
1258 659 1508 691 machinamenta
1521 661 1683 699 concedit,

209 713 392 755 laudarique
408 712 581 755 permittit:
605 723 675 755 quae
692 712 719 744 si
736 712 804 753 quis
820 712 991 754 aliquando
1016 712 1154 754 cujusvis
1169 713 1269 755 gratia
1283 717 1402 745 tentare
1417 714 1557 752 auderet,
1582 714 1680 757 [183]

210 766 359 798 maximas
374 768 459 810 apud
476 767 680 811 philosophos
696 766 943 809 vituperationes
960 766 1140 799 incurreret.
1185 766 1217 798 Si
1239 766 1310 809 quis
1333 767 1418 799 enim
1433 767 1628 810 accipiendae
1643 769 1684 800 ab

209 821 315 863 aliquo
332 821 476 864 pccuniae
492 821 541 853 vel
568 821 781 863 magistratus,
798 820 949 863 potentiae
967 821 1078 863 gratia,
1095 821 1293 863 aggrediatur
1307 820 1374 860 illa,
1389 832 1460 864 quae
1475 832 1548 864 erga
1562 827 1683 855 amatos

209 881 359 913 amantes,
373 876 487 918 passim
503 882 655 913 occurrat,
672 875 805 918 supplex
817 881 897 916 oret,
913 875 1097 913 obtestetur,
1113 876 1154 907 ad
1183 875 1264 907 fores
1285 881 1380 907 noctu
1392 874 1510 916 jaceat,
1526 881 1560 908 et
1572 876 1683 908 sedula

205 931 342 972 quadam
358 923 555 962 observantia
567 929 691 967 serviat,
706 934 739 961 et
753 930 787 961 in
803 930 948 961 omnibus
963 930 1166 972 obsequatur,
1182 940 1252 971 quae
1269 940 1373 961 servus
1389 929 1502 971 aliquis
1517 940 1608 972 agere
1618 941 1679 963 neo

207 984 304 1016 vellet
318 994 377 1016 nec
392 984 487 1016 etiam
510 988 684 1026 cogeretur,
701 983 741 1015 ab
755 983 891 1015 inimicis
907 984 1022 1025 pariter
1040 990 1073 1015 et
1088 983 1196 1015 amicis
1206 983 1395 1026 jurgabitur.
1420 983 1466 1015 illi
1483 983 1681 1017 adulationes

207 1037 396 1080 servilesque
420 1038 647 1070 assentationes
662 1038 886 1080 vituperabunt
900 1050 918 1074 :⁴
931 1038 985 1069 isti
1010 1038 1192 1080 corripient,
1210 1048 1327 1080 eosque
1352 1037 1510 1070 servitutis
1525 1038 1618 1071 amici
1633 1038 1684 1071 sut

208 1091 352 1134 pudebit.
396 1092 530 1124 Amator
551 1097 656 1124 autcm
683 1093 757 1124 dum
781 1092 841 1124 ista
867 1092 954 1130 facit,
972 1091 1102 1135 gratiam
1119 1092 1315 1134 adipiscitur,
1331 1098 1374 1130 et,
1397 1092 1486 1135 quasi
1501 1092 1683 1135 praeclarum

208 1146 327 1189 aliquid
344 1151 428 1189 agat,
444 1157 462 1178 a
478 1147 548 1189 lege
564 1147 682 1189 absque
699 1147 763 1178 ulla
779 1146 916 1178 infamiae
929 1150 1005 1178 nota
1020 1147 1121 1179 facere
1137 1147 1196 1178 ista
1221 1147 1420 1188 permittitur.
1464 1146 1599 1185 Quodve
1615 1158 1685 1190 per-

206 1201 374 1232 maximum
390 1206 450 1244 est,
466 1202 559 1243 vulgo
575 1201 682 1239 fertur,
695 1202 782 1244 quod
806 1201 880 1233 solis
903 1202 1049 1233 amatoris
1073 1200 1216 1243 perjuriis
1234 1201 1288 1232 Dii
1305 1201 1382 1233 dant
1398 1201 1531 1235 veniam.
1575 1201 1683 1233 Vene-

207 1266 293 1287 reum
309 1255 429 1298 quippe
438 1255 660 1298 jusjurandum
678 1255 755 1287 nihil
773 1256 874 1287 valere
891 1255 991 1287 aiunt.
1015 1255 1122 1298 itaque
1139 1260 1201 1287 tam
1218 1255 1276 1287 Dii
1285 1266 1383 1302 ⁴quarn
1397 1255 1542 1287 homines
1557 1249 1682 1288 om'nem

208 1309 326 1341 amanti
338 1310 497 1342 licentiam
514 1310 736 1353 praestiterunt,
753 1315 790 1342 ut
804 1310 853 1342 lex
866 1316 972 1342 nostra
988 1315 1129 1342 testatur.
1168 1310 1202 1341 Si
1219 1310 1258 1341 ad
1269 1309 1338 1348 ista,
1351 1321 1422 1353 quae
1434 1310 1520 1342 dicta
1533 1315 1620 1354 sunt,
1634 1321 1685 1343 re·

207 1363 388 1405 spiciamus,
413 1364 681 1406 praeclarissimum
697 1365 848 1406 quiddam
863 1365 896 1396 in
913 1365 972 1396 hac
987 1364 1116 1396 civitate
1132 1363 1302 1396 existimari
1318 1364 1487 1403 videbitur,
1502 1364 1590 1407 quod
1610 1365 1683 1408 quis

207 1423 302 1456 amet,
313 1419 439 1461 quodve
450 1419 567 1451 amanti
578 1424 699 1450 amatus
710 1419 886 1461 indulgeat.
899 1418 924 1450 si
935 1429 1036 1451 rursus
1048 1429 1096 1456 ea,
1109 1429 1179 1461 quae
1190 1419 1304 1460 dicam,
1314 1419 1607 1455 animadvertamus,
1620 1423 1684 1450 tur·

205 1471 369 1514 pissimum
383 1473 444 1505 hoc
460 1474 544 1516 apud
557 1484 614 1505 nos
624 1473 734 1505 haberi
744 1474 933 1516 putabimus,¹
982 1473 1066 1504 Nam
1079 1478 1223 1515 parentes
1233 1473 1416 1515 paedagogis
1428 1472 1510 1504 filios
1523 1483 1685 1505 commen-

207 1527 296 1564 dant,
310 1527 365 1570 qui
380 1532 501 1560 amatos
516 1539 588 1560 cum
605 1529 780 1560 amantibus
797 1529 886 1570 loqui
898 1528 1099 1571 prohibeant,
1111 1528 1188 1560 socii
1199 1538 1326 1570 quoque
1337 1533 1369 1559 et
1379 1527 1527 1570 aequales,
1538 1523 1684 1570 quotiens

205 1581 269 1612 tale
285 1581 362 1623 quid
378 1582 503 1620 vident,
519 1582 720 1625 vituperant:
745 1593 873 1625 eosque,
891 1582 966 1613 dum
990 1582 1065 1613 talia
1088 1587 1233 1623 carpunt,
1248 1592 1338 1614 senes
1359 1592 1423 1613 non
1449 1581 1684 1624 reprehendunt

206 1645 311 1677 neque
334 1646 401 1674 eos,
426 1635 516 1679 quasi
539 1642 654 1674 errent,
672 1636 858 1679 corripiunt.
903 1636 1108 1678 Quapropter
1129 1636 1175 1667 ita
1198 1636 1259 1668 hoc
1281 1636 1397 1667 habere
1420 1645 1453 1668 se
1480 1635 1622 1673 arbitror,
1646 1640 1684 1668 ut

205 1688 310 1731 ipsum
326 1691 500 1722 secundum
516 1701 562 1729 se,
578 1691 660 1723 sicut
673 1702 692 1723 a
707 1691 865 1734 principio
881 1690 1001 1723 dictum
1028 1695 1087 1728 est,
1103 1700 1207 1732 neque
1223 1690 1389 1722 honestum
1405 1689 1445 1722 sit
1458 1700 1562 1732 neque
1577 1694 1682 1734 turpe.

205 1754 310 1786 neque
326 1743 409 1776 enim
424 1744 556 1787 simplex
566 1740 643 1778 'estz
668 1746 723 1778 sed
746 1751 829 1778 recte
852 1745 971 1778 factum
993 1746 1186 1786 honestum;
1208 1749 1319 1777 contra
1340 1749 1444 1788 turpe.
1488 1744 1594 1787 Turpe
1613 1744 1685 1787 qui-

206 1798 280 1830 dem
295 1804 344 1831 est
359 1810 456 1842 pravo
478 1810 517 1832 ac
540 1801 673 1842 turpiter
695 1799 845 1843 obsequi:
871 1801 1037 1832 honestum
1053 1809 1127 1831 vero
1152 1799 1235 1831 bono
1258 1803 1354 1842 atque
1377 1800 1518 1832 honeste.
1561 1799 1682 1840 Pravus

206 1857 312 1884 autem
327 1859 376 1886 est
391 1859 511 1886 amator
526 1853 581 1887 ille
597 1855 745 1898 vulgaris,
761 1855 817 1897 qui
833 1865 948 1898 corpus
963 1853 1063 1897 magis
1077 1865 1172 1897 quam
1189 1853 1326 1886 animum
1350 1859 1445 1885 amat.
1467 1863 1571 1896 neque
1585 1853 1682 1885 stabi-

204 1907 243 1939 lis
266 1912 327 1949 est,
352 1918 424 1940 cum
447 1919 510 1940 rem
531 1915 679 1951 sequatur
702 1909 831 1942 minime
854 1909 1010 1941 stabilem.
1034 1919 1105 1940 nam
1129 1919 1199 1940 cum
1223 1907 1371 1950 primumf
1381 1908 1523 1951 corporis
1546 1907 1682 1950 species,

204 1971 298 2005 quarn
314 1962 466 2005 cupierat,
488 1963 680 2006 deflorescit,
694 1964 773 2002 abit,
789 1963 867 1995 nihil
894 1974 1013 2002 eorum,
1030 1974 1102 2005 quae
1127 1963 1320 2005 promiserat,
1336 1973 1473 1995 servans.
1518 1962 1681 1994 Bonorum

203 2025 278 2047 vero
294 2026 414 2047 morum
431 2021 549 2048 amator
565 2028 619 2059 per
634 2028 758 2050 omnem
775 2018 870 2049 vitam
885 2018 920 2049 in
937 2017 1077 2049 amicitia
1092 2023 1282 2060 perseverat,
1299 2022 1409 2059 utpote
1424 2017 1480 2059 qui
1495 2027 1559 2049 rem
1584 2016 1680 2048 stabi-

204 2069 267 2100 lem
295 2070 485 2104 sectabatur.
529 2071 612 2103 Istos
636 2071 746 2115 utique
770 2073 866 2116 [181]
888 2077 994 2104 nostra
1020 2072 1069 2104 lex
1088 2072 1256 2114 diligenter
1279 2071 1454 2103 examinare
1478 2071 1634 2114 praecipit,
1649 2076 1683 2103 et

205 2123 253 2154 his
275 2134 392 2155 morem
411 2136 529 2166 gerere,
546 2126 616 2157 illos
631 2127 752 2168 fugere.
775 2132 807 2159 et
822 2128 879 2158 hos
895 2128 1021 2170 quidem
1039 2127 1128 2170 sequi
1139 2126 1245 2168 jubet,
1261 2126 1332 2158 illos
1360 2126 1479 2168 fugere,
1503 2125 1682 2168 dijudicans

205 2182 237 2208 et
253 2178 449 2217 examinans,
471 2191 542 2223 quae
559 2180 629 2222 quis
645 2186 729 2212 amet
744 2186 776 2212 et
796 2191 867 2223 quae
892 2181 925 2212 in
948 2180 1060 2222 quovis
1085 2186 1236 2212 amentur.
1283 2179 1389 2223 Atque
1404 2181 1486 2218 banc
1499 2180 1540 2211 ob
1556 2190 1682 2212 causam

204 2230 340 2274 primum
356 2233 449 2266 facile
464 2234 592 2277 citoque
607 2235 679 2277 capi
696 2241 787 2278 turpe
801 2241 967 2276 censetur;
990 2240 1027 2267 ut
1043 2241 1167 2277 tempus
1181 2234 1367 2272 intercedat,
1388 2235 1474 2277 quod
1494 2235 1535 2266 ad
1562 2234 1681 2267 exami-

202 2287 330 2318 nandos
347 2298 447 2319 mores
477 2288 620 2330 exigitur.
643 2289 759 2321 deinde
782 2295 836 2320 aut
859 2290 1062 2332 pecuniarum
1086 2289 1180 2332 copia
1204 2295 1258 2320 aut
1280 2288 1514 2331 magistratuum
1538 2288 1684 2331 potentia

204 2341 278 2382 capi
303 2341 471 2373 absurdum
487 2352 496 2374 ι
522 2342 587 2374 sive
604 2343 713 2374 timore
729 2344 866 2385 quodam
885 2344 990 2386 potius
1006 2353 1099 2385 quarn
1112 2343 1274 2375 voluntate
1289 2343 1466 2383 irretiatur;
1488 2343 1554 2375 sive
1568 2353 1682 2385 accep-

203 2394 245 2426 tis
260 2395 405 2436 pecuniis
419 2395 628 2439 civilibusque
644 2399 825 2430 muneribus
841 2397 1003 2440 acquisitis
1019 2408 1082 2429 non
1104 2402 1297 2430 contemnat.
1312 2396 1390 2429 nihil
1406 2397 1490 2429 enim
1505 2407 1543 2429 ex
1558 2397 1596 2429 iis
1605 2396 1679 2429 soli-

205 2449 282 2480 dum
298 2449 483 2492 firmumque
498 2462 565 2483 esse
581 2452 715 2491 videtur,
731 2457 843 2495 praeter
865 2453 897 2484 id
921 2454 1009 2496 quod
1033 2453 1072 2485 ab
1088 2453 1125 2484 iis
1149 2452 1286 2484 amicitia
1309 2462 1458 2494 generosa
1473 2451 1543 2483 oriri
1560 2451 1681 2495 nequit.

204 2500 279 2534 Una
294 2502 401 2545 itaque
417 2506 590 2537 secundum
608 2505 710 2549 legem
726 2511 860 2538 nostram
878 2507 927 2538 via
942 2511 1048 2544 restat,
1061 2517 1124 2549 qua
1136 2506 1229 2538 amati
1245 2506 1420 2537 amantibus
1427 2505 1500 2548 jure
1515 2506 1683 2548 gratificari

203 2556 338 2598 possint.
384 2557 510 2590 Etenim
527 2561 790 2601 quemadmodum
808 2561 893 2603 apud
910 2570 967 2592 nos
983 2561 1023 2592 de
1039 2561 1215 2592 amantibus
1230 2561 1278 2592 lex
1295 2560 1349 2592 illa
1363 2561 1457 2593 relata
1469 2565 1529 2599 est,
1545 2570 1608 2603 qua
1631 2560 1680 2592 di-

204 2609 286 2643 citur
301 2610 421 2643 nullum
439 2612 647 2646 voluntarium
675 2615 820 2646 amatoris
846 2615 879 2646 in
905 2620 1041 2647 amatum
1064 2615 1248 2656 obsequium
1273 2614 1483 2647 adulatorium
1505 2619 1538 2647 et
1562 2614 1679 2647 infame

206 2665 387 2707 putandum
403 2677 411 2697 ε
435 2667 478 2699 sic
494 2673 527 2699 et
542 2668 605 2700 alia
620 2669 766 2711 quaedam
782 2670 955 2702 secundum
971 2669 1073 2711 legem
1089 2669 1264 2701 voluntaria
1280 2670 1410 2701 servitus
1425 2673 1530 2707 restat,
1545 2679 1616 2712 quae
1631 2668 1681 2700 in·

203 2718 335 2751 famiam
359 2719 479 2752 nullam
502 2722 597 2754 subit.
620 2723 687 2756 haec
711 2729 814 2756 autern
838 2729 897 2765 est,
912 2734 983 2767 quae
1005 2723 1088 2756 circa
1103 2724 1247 2755 virtutem
1262 2728 1411 2756 versatur.
1455 2722 1540 2754 Nam
1566 2722 1680 2754 nostris

203 2772 327 2816 legibus
342 2778 390 2806 est
404 2773 594 2815 institutum,
610 2777 635 2808 si
651 2777 721 2820 quis
737 2778 814 2810 velit
829 2778 964 2821 aliquem
979 2778 1093 2821 colere,
1108 2783 1222 2821 putans
1238 2788 1294 2821 per
1306 2777 1395 2809 illum
1410 2777 1460 2809 vel
1476 2777 1508 2808 in
1523 2775 1678 2819 sapientia

204 2827 342 2870 quadam
358 2828 408 2859 vel
425 2828 458 2859 in
475 2829 537 2861 alia
552 2830 663 2873 quavis
681 2837 768 2873 parte
784 2832 908 2864 virtutis
925 2833 1090 2876 proficere,
1107 2833 1187 2863 hanc
1210 2842 1312 2863 rursus
1327 2830 1533 2863 voluntariam
1547 2829 1678 2862 servitu—

204 2887 268 2913 tem
298 2892 402 2925 neque
430 2883 578 2916 dedecori
606 2885 752 2918 servienti
782 2886 860 2924 fore,
890 2897 994 2929 neque
1017 2886 1230 2918 adulationem
1246 2885 1349 2918 vocari
1372 2885 1498 2918 debere.
1541 2883 1679 2926 Oportet

204 2940 308 2967 autem
325 2937 379 2968 has
395 2937 478 2980 leges
495 2938 527 2970 in
544 2938 627 2971 idem
643 2941 832 2979 conducere,
849 2941 932 2974 illam
948 2941 1071 2974 scilicet
1086 2942 1126 2973 de
1142 2941 1328 2973 amatoribus
1343 2945 1375 2972 ct
1389 2940 1469 2971 lianc
1480 2938 1520 2971 de
1535 2938 1676 2981 philoso-

203 2989 280 3033 phia
295 2990 420 3034 aliaque
439 2993 550 3026 virtute
567 2994 789 3038 conscriptam,
807 2996 832 3029 si
848 2996 912 3028 ulla
928 2994 1047 3030 ratione
1064 2997 1244 3038 contingere
1262 2995 1369 3038 debet,
1385 2998 1417 3026 ut
1433 2994 1544 3027 deceat
1559 2998 1678 3027 amatos
