1846 3268
261 264 341 304 304
885 244 1154 303 PLATONIS
1632 269 1728 323 [301

259 365 364 398 dicis?
387 370 420 398 et
441 365 569 408 quando
591 364 711 407 lignum
736 368 769 395 et
791 364 916 403 serrum,
939 365 1103 399 similiter?
1126 365 1222 399 Haud
1245 366 1336 400 silere
1359 367 1417 400 tibi
1432 368 1531 402 ferrea
1546 372 1734 412 concedam,

261 420 432 463 Ctesippus
452 420 506 451 ait.
528 429 600 450 nam
618 420 643 450 si
659 419 730 460 quis
746 418 863 461 pulset,
878 429 988 451 sonare
1003 420 1058 451 illa
1072 421 1200 463 quidem
1223 427 1256 453 et
1277 423 1405 455 reboare
1419 423 1580 459 dicuntur.
1626 426 1734 464 Quare

261 485 356 517 quam
369 475 402 505 in
417 475 477 506 boc
491 474 568 505 nihil
585 473 718 514 diceres,
729 478 760 504 te
777 478 905 515 propter
918 473 1104 515 sapientiam
1115 475 1217 507 latuit.
1259 476 1323 508 Sed
1340 478 1425 519 quod
1443 484 1548 517 restat,
1564 480 1735 524 ostendite,

259 529 410 570 possibile
426 528 573 560 videlicet
594 538 676 565 esse,
699 527 857 559 dicentem
881 532 994 560 tacere.
1039 529 1133 561 Certe
1158 530 1232 561 mihi
1259 531 1342 562 visus
1364 537 1412 563 est
1434 537 1510 565 tunc
1531 534 1734 568 vehementer

263 582 436 624 Ctesippus
451 587 580 624 propter
594 582 728 614 amicum
744 583 945 616 contendere.
990 583 1129 621 Quando
1144 584 1229 622 siles,
1249 585 1354 628 inquit
1369 586 1603 630 Euthydemus,
1627 599 1735 622 nonne

264 637 371 668 omnia
394 636 491 668 siles?
513 637 682 680 Equidem.
726 637 844 669 Nonne
868 643 900 670 et
925 647 988 669 rem
1014 638 1189 680 quamlibet
1213 639 1371 671 dicentem
1390 641 1488 693 siles}
1510 642 1664 685 siquidem
1679 643 1735 676 illa

263 701 335 733 quae
348 691 471 729 dicunt,
486 691 518 722 in
532 702 661 723 numero
676 692 813 723 omniurn
836 698 1071 735 computantur.
1116 693 1204 731 Quid
1227 704 1310 732 vero,
1330 695 1533 738 interrogavit
1547 697 1734 740 eresippus,

264 756 329 777 non
345 746 438 778 silent
453 746 583 778 omnia?
605 746 693 787 Non,
708 747 754 778 ait
768 747 999 790 Euthydemus.
1024 747 1078 779 An
1095 748 1266 791 loquuntur
1280 750 1398 787 onmia,
1409 750 1456 781 vir
1465 750 1584 793 optime
1597 751 1609 783 ἲ
1631 751 1734 784 Immo

263 805 360 838 certe,
375 810 446 842 quae
461 800 642 842 loquuntur.
686 801 763 833 Non
778 801 863 833 istud
885 803 1074 844 quaerebam,
1098 802 1214 845 inquit,
1234 804 1289 835 sed
1307 809 1408 836 utrum
1423 805 1531 836 omnia
1545 805 1660 838 sileant
1682 806 1733 839 vel

264 855 444 897 loquantur.
488 855 580 888 Tunc
610 856 785 899 subripiens
816 867 988 889 sermonem
1018 857 1261 901 Dionysodorus
1291 858 1347 896 ait,
1377 858 1499 891 Neutra
1528 865 1561 892 et
1589 866 1736 903 utraque.

264 915 348 941 certe
364 909 447 941 enim
463 909 540 947 scio,
555 915 586 941 te
602 910 678 952 quid
695 910 768 942 huic
784 911 984 952 responsioni
997 910 1139 953 objicias,
1152 912 1376 953 ignoraturum.
1420 913 1533 946 Statim
1546 914 1731 958 Ctesippus‚

264 969 300 995 ut
316 963 407 1002 solet,
423 963 553 996 effusius
568 965 600 995 in
615 965 711 996 risum
734 975 901 1007 erumpens
922 965 1081 1003 clamavit,
1105 965 1134 997 O
1152 965 1367 1009 Euthydeme,
1383 967 1476 998 frater
1491 968 1549 1000 iste
1563 973 1636 1000 tuus
1657 979 1734 1001 con-

262 1018 388 1050 trarium
404 1019 530 1050 sibimet
543 1029 715 1050 sermonem
731 1019 938 1062 ingeminavit
953 1030 1088 1062 eumque
1098 1020 1297 1062 disperdidit,
1308 1026 1342 1053 et
1355 1021 1433 1053 ratio
1445 1026 1546 1054 vestra
1557 1022 1735 1055 succubuit.

263 1073 383 1105 Clinias
398 1084 524 1116 quoque
540 1074 710 1106 admodum
725 1074 901 1106 delectatus
916 1074 1037 1107 arrisit:
1054 1085 1151 1116 quare
1166 1075 1339 1118 Ctesippus
1354 1076 1491 1118 gestiens
1500 1077 1625 1120 longius
1639 1087 1734 1120 quam

262 1128 297 1159 in
323 1128 632 1170 decuplumfilaetitia
660 1129 767 1160 crevit.
813 1129 912 1161 Visus
937 1134 1042 1161 autem
1065 1129 1142 1160 mihi
1166 1135 1215 1161 est
1238 1130 1409 1172 Ctesippus
1432 1132 1500 1163 lraec
1525 1131 1596 1174 ipsa
1618 1132 1658 1164 ab
1672 1131 1736 1164 illis

262 1183 448 1215 seductione
464 1183 600 1225 quadam
625 1194 680 1225 per
695 1183 839 1215 astutiam
863 1184 1040 1217 extorsisse.
1063 1194 1167 1226 neque
1189 1184 1273 1216 enim
1299 1184 1454 1227 sapientia
1473 1185 1543 1217 talis
1556 1186 1642 1228 apud
1657 1185 1736 1218 alios

262 1243 311 1268 est
334 1237 432 1269 nostri
458 1237 607 1279 temporis
634 1238 790 1270 homines.
834 1238 912 1270 Post
935 1239 1003 1271 haec
1024 1249 1096 1281 ego,
1124 1239 1224 1277 Quid,
1250 1239 1391 1282 inquam,
1415 1239 1512 1282 rides,
1535 1250 1555 1271 ο
1570 1240 1687 1282 Clinia,
1701 1240 1736 1272 in

263 1293 354 1324 rebus
380 1297 443 1324 tam
458 1290 545 1324 seriis
560 1297 686 1335 tamque
701 1293 865 1335 pulchris?
911 1294 973 1325 Sed
998 1294 1039 1325 ad
1062 1304 1112 1325 me
1128 1304 1296 1326 conversus
1318 1293 1575 1337 Dionysodorus,
1589 1294 1640 1326 Tu
1662 1305 1736 1326 vero

263 1347 434 1390 aliquando
449 1357 514 1379 rem
530 1347 692 1389 pulchram
715 1346 834 1385 vidisti,
850 1347 997 1379 Socrates
1011 1348 1022 1379 ?
1046 1347 1169 1380 Multas
1185 1349 1344 1391 equidem,
1359 1348 1598 1391 Dionysodore.
1642 1348 1737 1380 Nun-

263 1402 340 1444 quid
355 1402 432 1434 alias
446 1411 540 1444 quam
555 1401 656 1443 ipsum
680 1401 870 1443 pulchrum?
894 1412 935 1433 an
956 1403 1106 1434 easdem?
1130 1402 1226 1444 [301]
1251 1402 1319 1444 Ego
1343 1412 1416 1434 vero
1439 1402 1555 1445 passim
1569 1403 1735 1435 haesitavi:

263 1468 323 1490 nec
338 1456 453 1499 injuria
467 1466 517 1488 me
531 1456 565 1488 id
581 1466 764 1498 perpessum
779 1457 875 1488 fuisse
891 1467 958 1488 surn
981 1457 1160 1498 arbitratus,
1182 1457 1302 1498 quippe
1325 1456 1381 1499 qui
1403 1462 1505 1489 tacere
1527 1457 1650 1489 diutius
1670 1467 1737 1489 non

264 1511 418 1554 potuerim
433 1522 441 1544 ε
467 1510 559 1542 simul
574 1515 678 1542 autem
694 1511 856 1553 respondi,
871 1510 947 1542 alias
962 1521 1029 1542 esse
1043 1521 1138 1553 quam
1154 1511 1256 1553 ipsum
1275 1511 1451 1553 pulchrum,
1467 1511 1735 1554 pulchritudinem

263 1573 368 1599 tamen
385 1565 517 1608 singulis
532 1565 692 1608 quandam
708 1566 829 1597 adesse.
873 1565 907 1597 Si
923 1566 981 1597 tibi
997 1566 1082 1597 adsit
1097 1567 1164 1604 bos,
1187 1565 1304 1607 inquit,
1318 1566 1463 1608 nunquid
1486 1566 1555 1609 ipse
1578 1566 1634 1598 bos
1649 1566 1735 1598 eris?

264 1628 296 1654 et
307 1622 382 1664 quia
395 1631 455 1664 ego
466 1621 522 1652 tibi
532 1621 616 1653 nu'nc
627 1621 750 1660 adsum,
761 1619 1005 1662 Dionysodorus
1015 1631 1048 1652 es
1059 1621 1070 1651 ?
1086 1620 1188 1658 Bona¹
1200 1620 1343 1662 inquam,
1354 1621 1449 1652 verba
1459 1630 1578 1662 quaeso.
1594 1619 1659 1652 Sed
1669 1620 1738 1658 ille,

264 1676 338 1713 Quo
353 1681 446 1718 pacto
463 1676 591 1707 alterum
604 1675 694 1707 adest
704 1674 807 1716 alteri,
818 1685 888 1707 cum
902 1675 1032 1706 alterum
1045 1675 1084 1706 sit
1096 1680 1128 1706 et
1138 1675 1290 1706 alterum?
1314 1674 1347 1706 N
1348 1673 1472 1717 unquid
1482 1679 1529 1715 tu,
1543 1675 1684 1717 inquam,
1695 1675 1737 1707 de

262 1731 324 1762 hoc
337 1729 464 1762 dubitas
477 1730 489 1762 ?
513 1729 638 1772 Nempe
645 1729 712 1771 jam
721 1729 846 1761 illorum
857 1728 972 1761 imitari
983 1729 1168 1772 sapientiam
1179 1729 1424 1772 contendebam,
1439 1734 1552 1772 utpote
1562 1729 1738 1772 cupiditate

263 1785 348 1817 illius
362 1793 525 1817 accensus.
558 1785 624 1817 Cur
637 1795 702 1816 non
717 1784 871 1822 dubitem,
887 1784 1002 1826 inquit,
1017 1789 1050 1816 et
1065 1794 1124 1827 ego
1139 1789 1173 1816 et
1187 1784 1283 1817 ceteri
1299 1795 1420 1822 ornnes,
1434 1784 1521 1826 quod
1536 1794 1736 1828 nequaquam

263 1840 391 1872 existit?
415 1839 505 1877 Quid
529 1839 587 1877 ais,
611 1838 858 1881 Dionysodoro?
882 1849 988 1870 nonne
1015 1839 1180 1880 pulchrum
1204 1838 1370 1881 pulchrum
1386 1843 1445 1876 est,
1468 1843 1597 1881 turpeve
1619 1840 1738 1881 turpe?

263 1895 298 1927 Si
323 1894 399 1926 mihi
425 1894 580 1931 videatur,
606 1893 662 1926 ait.
707 1892 825 1925 Nonne
849 1893 993 1924 videtur?
1017 1892 1159 1926 Prorsus.
1203 1892 1322 1924 Nonne
1345 1898 1379 1925 et
1401 1893 1486 1925 idem
1514 1893 1599 1925 idem
1621 1898 1681 1932 est.
1703 1897 1738 1925 et

263 1950 395 1981 alterum
411 1948 551 1980 similiter
565 1948 694 1979 alterum
710 1947 722 1978 ?
745 1958 809 1978 non
822 1952 928 1979 tamen
943 1947 1030 1990 quod
1045 1952 1094 1979 est
1108 1947 1252 1989 alterum,
1265 1947 1372 1978 idem?
1394 1946 1440 1979 At
1454 1957 1515 1989 ego
1529 1957 1590 1979 nec
1605 1957 1736 1990 puerum

263 2004 392 2046 quidem
420 2002 570 2045 suspicari
593 2003 654 2034 hoc
680 2002 860 2040 arbitrabar,
887 2002 964 2044 quin
989 2002 1076 2044 quod
1097 2002 1227 2034 alterum
1243 2006 1304 2043 est,
1317 2001 1358 2032 sit
1372 2001 1519 2033 alterurn.
1561 2001 1694 2040 Verum,
1715 2011 1738 2033 ο

262 2057 502 2100 Dionywdore,
526 2061 640 2099 sponte
655 2057 688 2088 id
712 2056 856 2088 omisisti.
879 2056 1028 2088 videmini
1052 2061 1156 2088 autem
1173 2056 1249 2087 mihi
1276 2061 1426 2098 tanquam
1451 2055 1599 2098 artifices,
1621 2055 1737 2098 quibus

261 2111 413 2144 convenit
436 2122 586 2154 peragere
613 2111 749 2154 singula,
776 2110 962 2153 disputandi
987 2110 1139 2143 rationem
1164 2111 1278 2143 decore
1301 2110 1470 2153 transigere
1485 2115 1580 2152 atque
1603 2110 1737 2145 tradere.

260 2166 402 2204 Nostin',
417 2165 534 2208 inquit,
549 2166 626 2208 quid
641 2165 772 2208 singulis
796 2166 962 2208 opificibus
979 2175 1126 2208 peragere
1141 2165 1331 2197 conveniat?
1352 2164 1508 2207 principio
1530 2164 1659 2207 quidem
1675 2163 1737 2196 scis

261 2231 355 2264 quem
371 2221 485 2252 deceat
507 2231 568 2252 aere
583 2221 720 2253 cudere?
743 2220 890 2258 Fabrum,
917 2220 1058 2262 inquam,
1084 2220 1237 2252 aerarium.
1282 2220 1387 2258 Quem
1412 2229 1485 2251 vero
1512 2218 1579 2250 luto
1594 2219 1735 2261 fingere?

261 2276 421 2319 Figulum.
468 2276 572 2314 Quem
589 2285 691 2307 rursus
702 2275 849 2317 jugulare
865 2281 960 2317 atquc
974 2274 1131 2307 excoriare
1146 2279 1179 2306 et
1203 2274 1238 2306 in
1260 2274 1359 2306 frusta
1381 2273 1496 2306 incisas
1509 2283 1620 2306 carnes
1633 2283 1736 2306 assare

260 2330 310 2362 vel
324 2330 462 2362 elixare?
487 2330 645 2372 Coquum.
688 2329 807 2361 Nonne
829 2329 972 2372 quisquis
994 2329 1215 2361 convenientia
1237 2329 1324 2366 facit,
1348 2332 1432 2361 recte
1446 2327 1537 2370 agit?
1581 2327 1735 2361 Maxime.

261 2385 422 2417 Convenit
444 2389 562 2422 autem,
588 2390 623 2416 ut
648 2384 707 2422 ais,
732 2394 869 2426 coquum
893 2383 1025 2415 tundere
1051 2388 1085 2414 et
1108 2383 1276 2415 excoriare.
1299 2382 1482 2415 concessisti
1508 2383 1589 2420 hoc,
1608 2383 1734 2414 necne?

262 2439 425 2480 Concessi,
440 2439 570 2481 inquam
587 2450 594 2470 :
621 2440 677 2470 scd
692 2438 834 2481 ignosce,
850 2448 971 2479 precor.
1017 2437 1151 2469 Constat
1166 2437 1274 2479 igitur,
1289 2438 1391 2479 quod,
1403 2436 1430 2468 si
1445 2436 1516 2478 quis
1526 2435 1679 2479 jugulans
1701 2441 1735 2468 et

258 2494 404 2526 incidens
429 2503 566 2536 coquum
589 2493 684 2525 elixet
708 2492 797 2525 illum
824 2492 873 2524 vel
899 2497 993 2531 asset,
1017 2491 1241 2525 convenientia
1264 2491 1372 2523 faciet.
1395 2491 1473 2533 quin
1495 2491 1589 2523 etiam
1613 2491 1640 2523 ni
1661 2491 1735 2534 quis

259 2548 379 2580 fabrum
394 2548 532 2579 aerarium
548 2558 608 2580 aere
627 2548 724 2580 cudat
738 2553 771 2580 et
783 2547 912 2590 figulum
927 2547 968 2578 fin
972 2551 1036 2590 gat,
1048 2546 1196 2579 decentia
1210 2546 1351 2578 similiter
1363 2545 1553 2588 operabitur.
1599 2544 1629 2578 Ο
1642 2545 1734 2588 Nep-

259 2608 349 2644 tune,
372 2602 511 2645 inquam,
525 2602 591 2644 jam
615 2602 779 2645 sapientiae
799 2602 894 2634 finem
921 2601 1107 2644 apposuisti.
1128 2600 1274 2643 nunquid
1298 2600 1360 2632 ista
1382 2599 1460 2631 mihi
1479 2599 1671 2642 quandoque
1686 2599 1733 2631 sio

258 2658 360 2690 aderit
382 2663 418 2689 ut
442 2658 569 2700 propria
594 2657 672 2689 fiat?
697 2657 963 2700 Cognosceresne,
983 2656 1100 2698 inquit,
1127 2656 1243 2698 ipsam,
1270 2666 1290 2687 o
1315 2655 1470 2692 Socrates,
1487 2653 1643 2696 propriam
1661 2652 1730 2696 jam

257 2713 402 2746 effectam
417 2713 428 2743 ?
453 2712 487 2743 Si
500 2713 569 2754 ipse
585 2713 677 2754 velis,
690 2712 831 2755 inquam,
855 2722 915 2754 ego
931 2716 1036 2743 autem
1051 2711 1136 2744 volo.
1181 2710 1270 2749 Quid
1299 2720 1403 2753 porro,
1419 2714 1474 2740 tua
1489 2713 1581 2751 putas
1594 2717 1730 2750 cognos-

257 2778 326 2800 cere
341 2768 353 2799 ?
375 2766 546 2808 Equidem,
561 2766 622 2798 nisi
637 2767 715 2799 forte
733 2773 766 2798 tu
782 2767 868 2799 aliud
883 2766 1008 2799 dixeris.
1032 2766 1088 2797 abs
1103 2771 1134 2797 te
1150 2775 1287 2807 namque
1301 2768 1427 2807 oportet
1437 2763 1588 2805 incipere,
1598 2762 1635 2794 in
1644 2761 1729 2793 hunc

258 2827 363 2855 autem
378 2821 614 2864 Euthydemum
631 2821 785 2854 desinere.
830 2821 883 2854 An
900 2832 964 2853 non
988 2827 1042 2853 tua
1057 2821 1111 2853 illa
1127 2831 1195 2852 esse
1216 2825 1322 2863 putas,
1338 2818 1452 2861 inquit,
1465 2826 1597 2859 quorum
1611 2826 1647 2848 es
1668 2816 1728 2848 do·-

259 2878 374 2915 minus,
390 2877 511 2919 tibique
527 2876 572 2908 uti
588 2877 738 2908 arbitratu
754 2882 809 2908 tuo
826 2876 912 2916 licet,
927 2877 1066 2908 utboves
1091 2875 1191 2918 [302]
1215 2880 1247 2907 et
1258 2874 1355 2906 oves?
1372 2874 1480 2904 baecne
1491 2876 1546 2903 tua
1556 2869 1728 2907 existimas,

258 2941 329 2975 quae
345 2931 478 2963 vendere
494 2936 585 2973 potes
599 2935 693 2973 atque
710 2931 812 2974 largiri
827 2937 860 2963 et
873 2932 974 2964 cuivis
989 2932 1119 2964 deorum
1134 2940 1247 2962 vovere
1260 2930 1272 2961 ?
1294 2938 1365 2971 quae
1381 2936 1453 2958 vero
1467 2936 1532 2957 non
1546 2930 1650 2967 potes,
1660 2932 1727 2957 non

259 2986 337 3018 tua?
381 2985 473 3019 Tunc
487 2996 559 3028 ego,
574 2985 737 3019 arbitratus
752 2987 931 3030 praeclaram
945 2986 1083 3030 aliquam
1100 2985 1173 3019 inde
1189 2983 1394 3028 quaestionem
1409 2980 1608 3024 exoriturum,
1622 2985 1655 3013 et
1669 2990 1726 3012 au-
