1846 3268
250 266 302 305 76
845 263 1113 304 PLAToms
1619 269 1716 320 [199

247 373 374 410 tumque
389 366 512 399 virtutis
527 365 629 398 fecisti
645 364 827 408 periculum,
843 365 1056 399 testimonium
1073 367 1154 399 iilud
1171 366 1347 409 perhibens,
1363 367 1449 409 quod
1463 369 1608 401 exhibere
1623 368 1719 402 debet

245 421 387 465 quisquis
395 419 483 463 juste
496 419 668 462 periculum
683 425 731 451 est
745 419 892 452 facturus.
936 419 1034 452 Dicas
1048 431 1123 463 ergo
1137 421 1224 462 quod
1241 421 1339 459 lubet,
1355 421 1432 454 nihil
1443 427 1568 454 etatem
1577 427 1715 456 nostum

245 475 372 508 veritus.
416 474 473 506 So.
494 473 578 516 Ergo
593 474 736 506 incusare
750 483 808 505 vos
831 482 897 504 non
921 473 1107 515 poterimus,
1128 475 1218 516 quasi
1234 475 1337 507 minus
1353 476 1393 507 ad
1417 476 1647 508 consulendum
1669 475 1720 508 inv

246 528 528 571 vestigandumque
543 533 678 570 paratos.
720 526 783 558 ΙΝ.
805 526 868 558 Sed
881 531 1020 559 nostrum
1033 526 1143 570 utique
1156 538 1249 571 opus,
1258 539 1279 559 o
1291 529 1445 562 Socrates.
1469 539 1566 561 unum
1580 539 1717 572 namque

248 592 308 625 ego
323 587 355 614 te
370 586 509 613 nostrum
532 585 657 624 reputo.
703 580 819 623 Cogita
840 580 950 622 itaque
974 591 1031 623 pro
1053 591 1103 614 me
1127 581 1364 614 adolescentum
1380 582 1493 625 gratia,
1515 583 1604 625 qnod
1627 582 1669 615 ab
1682 581 1722 617 iis

247 644 384 678 quaerere
397 645 456 667 nos
470 639 626 677 oporteat,
641 644 775 677 cumque
790 633 871 677 ipsis
883 634 1068 666 disserendo
1093 635 1248 668 consulta.
1271 646 1343 667 nam
1367 635 1444 668 mihi
1466 635 1595 679 quidem
1618 636 1718 671 multa

248 689 400 722 excidunt
410 698 431 721 e
446 689 595 732 memoria
608 689 649 720 ob
664 687 784 720 senium
798 698 836 720 ex
852 687 912 725 bis,
939 698 1011 729 quae
1036 688 1216 730 perquirere
1238 689 1398 720 statuerim
1415 701 1423 721 ε
1445 694 1542 732 atque
1563 699 1602 722 es
1615 699 1719 724 runnu

249 752 321 785 quae
331 742 495 780 audierim,
511 742 537 774 si
551 741 607 784 qui
619 741 673 774 alii
685 752 842 774 sermones
857 741 1093 778 intervenerint,
1115 752 1181 773 non
1193 742 1269 782 satis
1284 743 1400 774 recolo.
1446 742 1648 785 Quapropter
1661 753 1718 777 vos

251 796 388 829 invicem
404 806 475 839 quae
485 796 717 839 proposuimus,
732 796 921 838 percurrite:
945 806 1005 838 ego
1021 806 1093 827 vero
1108 795 1248 833 audiam,
1263 800 1296 828 et
1309 806 1380 828 cum
1396 796 1557 834 audivero,
1570 805 1635 829 una
1646 806 1719 831 ω

248 850 309 882 hoc
324 849 459 882 Melesia
474 849 629 892 quidquid
645 849 826 888 statueritis,
843 859 1001 891 peragam.
1046 849 1104 881 So.
1127 849 1156 880 Ο
1174 848 1268 881 Nicia
1280 854 1376 891 atque
1387 849 1520 888 Laches,
1530 849 1721 893 Lysimacho

248 896 458 945 Melesiaeoue
472 904 658 946 parendum.
703 902 786 940 Quas
807 903 904 944 igitur
927 911 1021 944 supra
1035 901 1226 944 investigare
1240 902 1472 952 contendimus,
1487 902 1637 939 videlicet
1647 902 1720 945 qui.-
1746 920 1749 921 ν

248 966 322 988 nam
339 961 548 999 praeceptores
564 956 655 988 nobis
677 956 856 998 disciplima
879 955 950 988 talis
971 955 1159 994 exstiterint,
1175 955 1225 987 vel
1240 966 1320 998 quos
1334 956 1413 988 alios
1427 956 1488 999 ipsi
1503 967 1562 989 nos
1575 956 1719 992 moliole·

246 1010 423 1048 fecerimus,
446 1010 526 1042 forte
542 1009 621 1042 nihil
638 1010 762 1042 obesset
775 1010 857 1041 inter
871 1020 930 1053 nos
951 1010 1039 1052 ipsos
1060 1010 1248 1042 exminare.
1271 1020 1379 1042 verum
1402 1009 1562 1053 ejusmodi
1573 1011 1719 1054 quadarn

246 1062 457 1095 consideratio
479 1064 513 1095 in
532 1063 617 1095 idem
637 1063 765 1102 redibit,
789 1067 825 1094 ut
845 1063 988 1102 arbitror,
1010 1067 1043 1095 et
1065 1063 1158 1096 altius
1184 1068 1357 1106 repetetur.
1400 1064 1435 1096 Si
1461 1065 1503 1097 de
1516 1065 1622 1108 aliquo
1635 1064 1717 1102 forta

247 1116 408 1159 sciremus,
423 1117 508 1159 quod
525 1127 664 1160 praesens
678 1116 774 1154 alicui
794 1116 906 1149 melius
929 1116 1045 1150 efficiat
1070 1117 1162 1155 illud,
1187 1117 1241 1150 cui
1267 1117 1307 1149 sit
1322 1128 1472 1160 presens,
1496 1122 1591 1160 atque
1615 1127 1719 1153 rursus

247 1170 415 1203 admovere
438 1171 483 1202 illi
507 1170 611 1213 ipsum
639 1180 825 1213 possemus:
847 1175 972 1202 constat
997 1171 1084 1213 quod
1110 1171 1188 1203 illud
1217 1171 1321 1213 ipsum
1345 1181 1616 1214 cognosceremus,
1636 1171 1721 1207 circo

246 1225 333 1267 quod
360 1223 530 1266 aliquando
555 1223 721 1256 consilium
750 1224 909 1262 iniremus,
935 1224 1174 1267 investigantes,
1189 1228 1264 1267 'quo
1288 1229 1385 1267 pacto
1413 1224 1564 1258 facillime
1584 1224 1658 1267 qais
1681 1228 1718 1260 et

245 1277 365 1320 optime
375 1277 455 1309 illud
469 1277 671 1319 adipiscatur.
715 1277 809 1310 Forte
825 1287 889 1316 non
902 1277 1099 1319 intelligitis:
1125 1288 1230 1310 verum
1240 1278 1284 1309 sic
1298 1277 1421 1311 facilius
1433 1277 1718 1319 comprehendetis.

242 1332 277 1364 si
301 1332 461 1369 sciremus,
487 1332 572 1374 quod
589 1331 672 1363 visus
694 1331 793 1373 [19⁰]
817 1331 916 1364 oculis
940 1342 1077 1374 presens
1094 1332 1240 1364 meliores
1262 1332 1333 1364 illos
1353 1331 1451 1363 eflicit
1473 1331 1589 1374 quibus
1613 1332 1716 1370 adnot,

243 1395 410 1428 rursusque
425 1394 586 1427 possemus
600 1385 705 1426 ipsum
730 1383 829 1416 oculis
851 1384 1012 1423 adhibere,
1033 1390 1124 1428 patet
1144 1387 1232 1428 quod
1255 1384 1349 1417 etiam
1372 1385 1450 1427 quid
1472 1385 1544 1427 ipse
1561 1384 1646 1418 visus
1658 1384 1714 1424 sit,

244 1448 516 1481 cognosceremus,
528 1439 569 1469 de
584 1448 648 1480 quo
662 1437 834 1480 aliquando
848 1438 1091 1470 consultandum
1107 1439 1198 1471 nobis
1214 1444 1312 1477 esset,
1335 1449 1399 1482 qua
1420 1438 1540 1472 ratione
1555 1448 1652 1480 qum
1666 1438 1715 1471 fa-

240 1492 363 1526 *cillime
390 1497 425 1524 et
447 1491 701 1525 commodissime
730 1491 833 1534 ipsum
859 1491 930 1533 quis
954 1498 1125 1534 comparet.
1169 1493 1203 1524 Si
1223 1493 1308 1525 enim
1330 1493 1363 1525 id
1388 1492 1492 1535 ipsum
1517 1492 1612 1525 nobi·
1633 1496 1719 1530 esset

245 1547 403 1589 ignotum,
418 1546 496 1589 quid
512 1545 580 1588 ipse
592 1545 675 1577 visus
689 1550 748 1583 est,
773 1544 851 1588 quid
875 1545 1013 1582 auditus,
1037 1545 1198 1588 nunqnam
1219 1546 1328 1578 idonei
1341 1546 1535 1578 consultores
1549 1543 1716 1581 medicina

247 1599 331 1633 circa
346 1600 456 1633 oculos
471 1589 602 1632 auresve
617 1609 768 1641 essemus,
782 1597 1006 1640 investigantes
1021 1599 1181 1640 quomodo
1197 1599 1316 1640 optime
1332 1599 1402 1642 quis
1415 1599 1515 1631 visum
1531 1598 1715 1631 auditumve

249 1658 424 1696 recuperet.
469 1653 533 1685 La.
556 1652 643 1685 Vera
667 1662 783 1689 narras,
804 1662 824 1683 o
847 1653 1003 1684 Socrates·
1045 1652 1102 1684 So.
1135 1651 1253 1684 Nonne
1283 1653 1316 1683 hi
1343 1663 1400 1685 nos
1430 1652 1466 1685 in
1495 1651 1674 1694 paesentis,
1695 1663 1716 1685 o

247 1707 384 1746 Laches,
399 1707 564 1750 elegerunt
577 1706 821 1749 consultaturus,
835 1717 899 1748 qua
912 1706 1033 1738 ratione
1048 1706 1145 1738 virtus
1160 1707 1272 1738 animis
1283 1706 1416 1739 filiorum
1426 1716 1553 1739 suornm
1563 1705 1718 1744 adhibita,

247 1772 303 1794 eos
319 1761 461 1794 meliores
475 1760 616 1794 efficiat?
660 1761 723 1793 Li.
747 1760 906 1792 Profecto.
952 1760 1009 1792 So.
1031 1759 1149 1792 Nonne
1165 1760 1260 1802 igitur
1274 1765 1416 1792 constare
1431 1760 1464 1792 id
1478 1764 1614 1802 oportet,
1628 1759 1718 1797 vide-

247 1815 323 1847 licet
337 1815 415 1858 quid
428 1815 497 1858 ipsa
513 1815 609 1847 virtus
624 1815 675 1853 sit,
701 1814 900 1857 intelligere?
944 1814 979 1846 Si
994 1813 1092 1853 enim,
1114 1814 1193 1857 quid
1208 1814 1305 1849 virtus
1320 1814 1372 1852 sit,
1387 1814 1513 1856 penitus
1526 1813 1717 1856 ignoremus,

247 1879 310 1911 quo
326 1874 420 1911 pacto
432 1870 595 1901 consulere
610 1868 758 1911 cuiquam
773 1869 957 1911 poterimus,
972 1868 1120 1910 viamque
1141 1868 1294 1911 optimam
1318 1873 1351 1900 et
1370 1867 1550 1901 facillimam
1565 1868 1606 1902 ad
1619 1867 1717 1902 virtu-

248 1928 311 1955 tem
338 1924 524 1955 ostendere?
570 1923 631 1955 LA.
652 1923 752 1954 Nullo
777 1923 886 1964 modo,
916 1933 935 1954 o
961 1923 1115 1956 Socrates.
1157 1923 1211 1954 So.
1247 1922 1451 1964 Fatemume,
1473 1921 1607 1960 Laches,
1635 1922 1717 1964 quid

246 1978 343 2010 virtus
367 1977 410 2009 sit
432 1977 630 2019 intelligere?
676 1977 738 2009 LA.
760 1977 907 2009 Fatemur
932 1982 1027 2009 certe.
1072 1978 1129 2010 So.
1151 1977 1186 2009 Si
1212 1976 1429 2019 intelligimus,
1454 1980 1539 2008 certe
1565 1976 1646 2019 quid
1674 1976 1716 2012 sit

246 2032 341 2063 etiarn
368 2032 540 2074 exprimere
555 2041 730 2073 possumuS.
776 2031 840 2064 LA.
864 2031 954 2063 Nihil
975 2032 1131 2074 prohibet.
1174 2031 1229 2065 So.
1251 2031 1347 2063 Haud
1363 2036 1466 2062 tamen
1482 2028 1559 2072 quid
1574 2029 1718 2065 universe

246 2086 287 2117 sit
301 2085 410 2123 virtus,
434 2086 552 2123 statim,
574 2086 620 2117 vir
640 2087 771 2128 optimc,
797 2087 1024 2129 perquiramus.
1045 2085 1148 2128 majus
1171 2096 1306 2127 namque
1331 2085 1364 2117 id
1389 2095 1479 2127 opus·
1500 2085 1555 2118 sed
1570 2085 1612 2117 de
1626 2089 1716 2127 parte

246 2139 379 2182 primum
395 2140 500 2182 aliqua
515 2140 689 2178 videamus,
713 2144 816 2172 utrum
839 2140 914 2171 satis
929 2140 1021 2172 nobis
1043 2144 1170 2183 pateat:
1195 2144 1290 2182 atquc
1306 2139 1390 2170 hunc
1403 2139 1436 2170 in
1453 2138 1579 2176 modurn
1594 2137 1717 2173 sestilio:

248 2193 339 2224 nobis
354 2193 414 2225 erit
427 2193 635 2236 investigatIO.
682 2194 746 2227 LA.
772 2194 943 2237 Utcunque
965 2194 1082 2236 placet,
1109 2204 1248 2236 agamus.
1295 2193 1352 2225 So.
1376 2193 1480 2231 Quam
1494 2191 1716 2235 itaqnepotis-

246 2247 356 2278 simum
372 2247 495 2279 virtutis
510 2253 630 2290 partem
644 2248 804 2280 eliciemus
818 2248 829 2279 ?
854 2258 894 2279 an
910 2247 1059 2279 videlicet
1080 2258 1161 2285 casn,
1188 2248 1228 2279 ad
1252 2257 1347 2289 quam
1372 2246 1443 2288 ipsa
1455 2256 1607 2285 annorum
1621 2244 1716 2281 discis

246 2300 334 2342 plina
358 2305 501 2342 spectare
528 2302 676 2334 videtur?
699 2301 824 2333 videtur
849 2306 953 2333 autem
976 2301 1083 2333 multis
1104 2302 1146 2333 ad
1167 2301 1393 2333 fortitudinem.
1415 2300 1545 2333 nonne?
1589 2299 1651 2332 La.
1673 2298 1718 2331 Et

246 2354 378 2386 maxime
391 2355 532 2396 quidem.
576 2356 632 2389 So.
656 2355 795 2387 Primum
811 2366 897 2398 ergo,
912 2355 988 2398 qnid
1003 2355 1156 2387 fortitudo
1168 2355 1222 2393 sit,
1237 2365 1256 2386 o
1274 2354 1406 2391 Laches,
1418 2349 1537 2396 aperire
1545 2362 1714 2387 conemur:

245 2407 362 2438 deinde
377 2407 647 2450 investigabimus,
671 2420 735 2452 quo
757 2414 853 2452 pacto
880 2410 921 2441 ab
941 2410 1208 2447 adolescentibus,
1234 2409 1340 2451 quoad
1355 2407 1577 2440 exercitatione
1590 2411 1624 2439 et
1636 2406 1716 2438 doc-

244 2461 325 2492 trina
338 2461 404 2493 fieri
419 2466 535 2503 potest,
550 2468 757 2505 comparetur.
781 2468 974 2506 quapropter
988 2463 1143 2501 annitere,
1168 2462 1247 2505 quid
1269 2462 1423 2494 fortitudo
1434 2461 1489 2499 sit,
1510 2460 1602 2493 nobis
1615 2470 1715 2503 expo-

245 2523 329 2546 nere.
376 2514 438 2547 La.
460 2515 556 2546 Haud
572 2515 659 2547 dictu
674 2517 802 2549 difficile
824 2518 924 2558 istud,
947 2528 966 2548 o
990 2517 1145 2549 Socrates.
1170 2524 1256 2551 certo
1279 2516 1372 2553 scito,
1395 2515 1484 2547 illum
1506 2525 1574 2553 esse
1588 2514 1714 2552 fortan.

245 2568 299 2609 qui
315 2568 456 2600 ordinem
472 2579 597 2600 servans
611 2571 833 2613 expugnandis
847 2571 991 2602 hostibus
999 2571 1109 2612 instat,
1125 2581 1228 2612 neque
1244 2569 1373 2611 refugit.
1417 2569 1475 2601 So.
1498 2569 1589 2602 Bene
1603 2568 1715 2610 loquo-

246 2621 301 2662 ris,
315 2622 447 2653 Laches.
470 2622 525 2654 sed
535 2633 595 2665 ego
610 2623 753 2665 forsitan,
765 2635 836 2656 cum
853 2625 955 2656 verbis
970 2624 1202 2656 obscurioribus
1218 2629 1250 2655 te
1263 2633 1417 2664 rogarem,
1431 2633 1556 2662 causam
1569 2621 1657 2659 dedi,
1677 2626 1719 2653 ut

246 2675 330 2706 aliud
348 2676 554 2717 responderis,
577 2687 670 2719 quam
687 2679 771 2720 quod
784 2679 978 2720 interrogans
1002 2678 1070 2721 ipse
1093 2677 1252 2710 senserim.
1297 2677 1361 2709 LA.
1383 2676 1458 2714 Qua
1475 2675 1641 2709 rationeid
1654 2675 1716 2716 ab,

246 2729 412 2761 Socrates?
458 2730 516 2762 So.
538 2730 724 2773 Explicabo,
741 2732 840 2775 [191]
856 2733 881 2764 si
897 2737 1019 2775 potero.
1065 2732 1165 2765 Fortis
1180 2732 1291 2774 utique
1306 2731 1332 2763 is
1347 2734 1408 2774 est,
1430 2740 1524 2773 quem
1537 2729 1617 2762 dicis
1630 2729 1714 2771 ipse,

247 2783 427 2826 quicunque
443 2784 583 2816 ordinem
599 2796 663 2816 nou
679 2786 826 2818 deserens
841 2787 988 2818 adversus
1014 2787 1118 2818 hostes
1140 2791 1271 2828 pugnat.
1316 2785 1378 2817 LA.
1402 2784 1498 2816 Hunc
1511 2783 1612 2826 ipsum
1627 2782 1714 2817 dico·
1775 2779 1780 2782 ’

246 2838 302 2870 So.
325 2837 425 2879 Atqui
440 2842 473 2869 et
486 2849 557 2881 ego.
603 2839 666 2871 Sed
682 2841 836 2882 numquid
852 2846 884 2873 et
898 2841 965 2877 ille,
990 2841 1044 2883 qui
1061 2852 1123 2872 non
1140 2850 1340 2883 permanens,
1361 2839 1416 2871 sed
1431 2839 1554 2880 fugiens
1568 2837 1713 2879 pugnat?

246 2891 308 2923 LA.
332 2889 502 2928 Quomodo
519 2887 677 2935 'fugiens?
722 2894 778 2926 So.
804 2894 1078 2932 Quemadmodum
1104 2895 1231 2937 Scythoe
1254 2894 1407 2926 dicuntur
1428 2902 1491 2923 non
1515 2890 1617 2925 minu·
1630 2890 1712 2933 fugi-

246 2946 328 2977 endo
344 2951 436 2988 quam
448 2945 642 2989 insequendo
658 2958 808 2990 pugnare.
832 2948 915 2981 unde
939 2954 972 2981 et
992 2949 1148 2982 Homerus
1169 2958 1268 2990 equos
1291 2946 1404 2979 AEneae
1426 2945 1557 2979 laudans
1578 2944 1635 2982 ait.
1658 2953 1715 2978 cos
