1846 3268
134 256 137 261 ἶ
197 288 295 340 538]
893 278 966 327 1'0.
1592 287 1668 330 159

200 391 282 424 bene
296 391 374 435 agit.
394 400 457 424 non
473 389 556 425 enim
568 389 608 423 de
619 389 776 422 omnibus.
821 388 871 424 10.
894 389 1024 432 Optime
1039 388 1135 427 nosti,
1150 398 1169 421 o
1183 387 1338 428 Socrates,
1355 389 1442 433 quod
1455 389 1545 422 nihii·
1555 397 1603 423 est
1626 391 1667 423 de

198 454 264 488 quo
289 454 353 477 non
377 451 461 488 agat.
504 445 561 479 So.
582 445 658 477 Non
684 449 788 477 tamen
808 455 846 478 ea
860 445 942 476 bene
958 449 1082 482 tractat,
1100 454 1172 487 quae
1192 449 1227 476 tu
1249 444 1378 487 quidem
1394 445 1530 487 ignoras,
1545 444 1665 476 Home-

198 509 249 530 rus
263 505 366 531 autem
381 500 497 533 scribit.
539 499 592 532 Io.
615 499 770 537 Quaenam
784 499 845 531 ista
858 503 944 537 sunt,
957 509 1030 541 quae
1045 498 1203 531 Homerus
1211 498 1340 542 quidem
1354 505 1468 537 narrat,
1485 510 1544 541 ego
1560 504 1666 531 autem

198 554 327 586 nescio?
369 555 426 586 So.
446 554 564 586 Nonne
581 564 796 597 saepenumero
823 553 921 597 [537]
950 552 1049 585 multa
1068 554 1108 585 de
1121 553 1240 586 artibus
1254 553 1415 596 explicat?
1439 552 1540 586 veluti
1553 554 1594 586 de
1610 564 1667 585 au-

196 608 306 650 rigaria
329 608 510 651 disciplina.
553 608 588 640 Si
612 608 793 646 meminero,
817 608 900 640 illius
926 607 1066 640 carmina
1081 607 1139 640 tibi
1162 607 1313 641 recitabo,
1359 607 1411 639 Io.
1432 606 1480 639 At
1501 618 1561 650 ego
1585 607 1668 639 refe·

196 672 270 695 ram.
293 662 421 695 memini
447 662 543 695 enim.
589 662 644 694 So.
666 662 732 694 Dic
755 663 833 694 mihi
845 672 916 705 quae
932 663 1062 694 mandat
1075 661 1195 694 Nestor
1209 661 1385 694 Antilocho
1398 662 1478 701 filio,
1493 673 1566 694 cum
1578 661 1666 693 illum

199 721 318 756 monet,
332 717 407 750 utin
423 717 560 760 equestri
574 727 678 756 cursu,
693 717 794 760 gratia
809 717 948 749 Patrocli
962 717 1120 759 instituto,
1133 720 1226 754 caute
1241 716 1349 749 flectat
1362 726 1474 760 equos.
1517 716 1569 749 10.

370 793 510 827 Declina
524 795 564 826 ad
580 793 691 826 laevam
707 794 849 838 paulum,
862 794 1069 837 dextrumque
1080 793 1223 837 jugalem

370 847 456 891 Urge
471 848 572 891 plagis
587 849 746 887 minitans,
758 849 902 881 manibus
915 859 1044 892 quoque
1060 849 1126 880 lora
1139 847 1277 882 remitte.

367 902 512 947 Cumque
526 908 642 935 metam
657 903 810 946 attigeris,
822 904 968 936 flectatur
978 903 1078 935 laevus
1094 903 1128 935 in
1142 912 1261 945 arcum,

369 955 484 990 Donec
499 957 539 989 ad
555 962 726 990 extremum
741 957 830 990 circli
845 957 1023 999 prevenerit
1034 956 1100 989 axis

370 1010 522 1054 Ultimus,
537 1022 574 1044 ac
591 1013 729 1044 medium
741 1012 821 1052 vita,
834 1021 894 1045 uec
909 1011 1033 1054 tangito
1050 1020 1172 1044 saxum.

199 1085 256 1119 So.
278 1085 444 1118 Sufficiunt
459 1087 539 1124 haec,
555 1097 574 1118 o
589 1086 661 1120 Ion.
678 1087 823 1120 Rectene
839 1098 879 1119 an
895 1091 1003 1120 contra
1016 1085 1051 1119 in
1064 1085 1114 1119 his
1132 1085 1321 1119 numinibus
1335 1083 1493 1119 Homerus
1507 1084 1667 1129 loquatur,

198 1145 302 1172 utrum
330 1140 442 1173 melius
467 1141 621 1180 medicus,
647 1151 688 1174 an
714 1142 822 1185 auriga
847 1141 1047 1185 perciperet?
1091 1141 1145 1175 Io.
1168 1140 1288 1184 Auriga
1315 1140 1427 1183 pro'cul
1452 1140 1564 1173 dubio.
1609 1141 1665 1175 Sd.

197 1195 310 1229 Utrum
325 1199 390 1228 arte
405 1196 465 1228 hoc
475 1196 631 1239 judicium
648 1196 714 1239 fiat,
730 1207 769 1228 an
785 1196 848 1228 alio
871 1196 1047 1240 quopiam?
1090 1195 1144 1229 Io.
1167 1195 1244 1227 Non
1270 1195 1334 1227 alio
1356 1198 1442 1227 certe
1466 1205 1562 1238 quam
1588 1199 1667 1227 arte.

195 1249 254 1282 So.
275 1249 394 1282 Nonne
408 1251 521 1293 cuique
536 1251 595 1283 arti
609 1251 741 1283 facultas
756 1262 775 1283 a
795 1252 858 1283 deo
883 1250 1031 1283 tribuitur
1050 1250 1129 1283 certi
1152 1249 1322 1292 cujusdam
1343 1249 1447 1292 operis
1471 1248 1666 1292 judicandi?

195 1313 300 1347 neque
313 1304 397 1336 enim
409 1315 447 1337 ea
461 1315 531 1348 quae
547 1298 765 1348 gubernatoria
780 1310 844 1339 arte
857 1305 1090 1347 cognoscimus,
1115 1304 1276 1336 medicina
1290 1314 1418 1347 quoque
1443 1302 1667 1346 percipiemus.

194 1357 247 1392 Io.
270 1357 346 1391 Non
361 1364 456 1392 certe.
499 1359 555 1392 So.
577 1359 691 1403 Neque
706 1360 801 1393 etiam
816 1370 887 1403 quae
902 1359 1061 1392 medicina
1075 1358 1295 1402 perspicimus.
1305 1358 1514 1391 architectura
1525 1357 1667 1389 animad-

196 1418 365 1446 vertemus.
409 1413 460 1446 10.
482 1413 515 1446 N
518 1425 559 1446 on
585 1424 671 1447 sane.
717 1414 775 1448 So.
797 1415 850 1447 An
876 1425 940 1446 nou
963 1414 1108 1447 similiter
1133 1414 1167 1446 in
1194 1413 1339 1446 omnibus
1363 1413 1482 1445 artibus
1506 1422 1578 1455 quae
1603 1421 1668 1443 una

195 1467 333 1510 quadam
358 1473 423 1500 arte
449 1468 756 1511 comprehendimus,
782 1469 845 1502 alia
871 1468 1000 1502 minime
1025 1468 1354 1511 comprehendemus?
1398 1467 1464 1499 Sed
1490 1467 1552 1498 hoc
1581 1465 1668 1509 prius

197 1521 274 1554 mihi
288 1523 467 1565 responde:
488 1522 594 1555 Aliam
609 1528 643 1555 et
657 1523 750 1556 aliam
774 1528 872 1556 artem
895 1534 963 1555 esse
986 1523 1120 1556 asseris?
1166 1522 1220 1555 Io.
1241 1522 1369 1555 Assero.
1413 1522 1473 1554 So.
1499 1520 1667 1564 Numquid

195 1576 307 1608 eadem
321 1581 368 1614 tu,
381 1586 444 1620 qua
457 1587 529 1620 ego,
543 1576 726 1619 conjectura
740 1582 820 1610 artes
835 1577 1014 1610 discernis?
1036 1587 1110 1610 nam
1124 1577 1195 1620 ipse
1207 1577 1348 1621 quidem,
1362 1587 1434 1609 cum
1443 1576 1512 1608 haec
1524 1575 1668 1614 aliarum,

197 1629 251 1662 illa
266 1630 393 1663 aliarum
410 1641 510 1663 rerum
526 1631 731 1670 scientiaxest,
746 1632 829 1664 hanc
844 1632 949 1669 aliam,
963 1631 1051 1664 illam
1067 1631 1160 1664 sliam
1176 1637 1273 1664 artem
1288 1642 1379 1664 voco.
1422 1630 1473 1662 Tu
1484 1640 1556 1662 vero
1570 1630 1582 1660 ?
1614 1629 1666 1662 Io.

196 1684 239 1717 Et
253 1695 324 1728 ego.
367 1685 423 1718 So.
447 1684 482 1717 Si
497 1685 581 1717 enim
596 1685 713 1718 eisdem
730 1686 770 1718 de
785 1686 876 1718 rebus
891 1686 1022 1718 scientia
1033 1691 1128 1724 esset.
1143 1696 1198 1719 cur
1211 1687 1295 1718 hauc
1308 1685 1414 1722 aliam,
1425 1689 1459 1716 et
1472 1683 1559 1715 illam
1574 1683 1668 1715 aliam

196 1746 378 1772 vocaremus
389 1739 415 1770 ?‘'
425 1731 681 1787 quandoquidem
693 1739 803 1773 eadem
818 1740 858 1772 ab
873 1740 1013 1784 utn'sque
1029 1745 1305 1783 cognoscerentur.
1352 1738 1635 1778 Quemadmodum
1650 1747 1670 1769 a

198 1804 248 1825 me
262 1792 446 1836 percipitur,
461 1794 602 1837 quinque
617 1805 685 1827 esse
698 1795 756 1827 hos
778 1795 906 1838 digitos,
931 1800 965 1827 et
987 1800 1021 1827 tu
1043 1795 1136 1827 sicuti
1159 1805 1219 1838 ego
1241 1795 1302 1827 hoc
1326 1794 1411 1826 idem
1432 1791 1668 1825 animadvertis.

199 1848 296 1881 Unde
309 1848 335 1880 si
350 1853 382 1880 te
392 1848 625 1892 interrogarem,
637 1854 740 1882 utrum
756 1850 865 1882 eadem
882 1855 947 1882 arte
962 1849 1173 1891 arithmetica,
1186 1859 1227 1881 an
1243 1849 1316 1886 alia,
1331 1848 1400 1880 haec
1413 1848 1524 1879 eadem
1534 1857 1670 1889 cognos-

199 1912 320 1946 camus,
341 1903 545 1945 responderes
556 1904 667 1947 utique
681 1905 768 1948 quod
784 1904 906 1937 eadem.
951 1903 1004 1936 10.
1027 1902 1134 1937 Certe.
1179 1904 1237 1936 So,
1262 1902 1326 1935 Dic
1342 1902 1428 1944 quod
1442 1901 1539 1944 paulo
1565 1901 1670 1943 [538]

199 1961 273 1989 ante
285 1957 529 2000 interrogaturus
542 1958 674 1997 fueram,
698 1964 801 1991 utrum
825 1959 1000 1992 secundum
1021 1968 1132 1991 omnes
1153 1963 1234 1990 artes
1249 1958 1395 1990 videatur
1410 1956 1467 1988 tibi
1485 1956 1668 1993 dicendum,

197 2011 284 2055 quod
300 2011 411 2044 eadem
428 2016 505 2052 arte,
520 2013 631 2046 eadem
652 2013 802 2057 cognosci
815 2013 1026 2046 necessarium
1042 2013 1103 2046 sit:
1126 2012 1188 2045 alia
1203 2022 1277 2044 vero
1302 2016 1368 2043 arte
1383 2021 1448 2043 non
1464 2011 1588 2047 eadem,
1612 2010 1669 2042 sed

198 2066 260 2098 alia
275 2067 432 2109 quasdam,
453 2068 713 2112 quandoquidem
737 2078 784 2101 ars
803 2068 866 2101 alia
879 2068 948 2113 ipsa
964 2073 1024 2101 est.
1068 2067 1121 2100 Io.
1144 2067 1196 2100 Ita
1211 2065 1288 2099 mihi
1308 2066 1443 2104 videtur,
1469 2075 1488 2097 o
1513 2063 1669 2097 Socrates.

198 2122 255 2154 So.
276 2122 310 2153 Si
325 2122 396 2165 quis
410 2127 507 2155 artem
522 2123 658 2167 aliquam
669 2129 828 2156 assecutus
842 2133 907 2156 non
923 2123 1029 2162 suerit,
1045 2122 1131 2155 dicta
1141 2122 1191 2154 vel
1207 2123 1291 2155 facta
1306 2121 1402 2164 hujus
1418 2120 1492 2152 artis
1506 2120 1588 2151 bene
1603 2118 1668 2150 disi

198 2185 325 2209 cernere
345 2186 543 2220 nequaquam
554 2178 682 2221 poterit.
728 2178 779 2212 Io.
802 2178 886 2211 Vera
908 2188 1024 2210 narras.
1069 2177 1126 2209 So.
1148 2176 1197 2209 Ea
1214 2175 1351 2209 carmina
1370 2184 1443 2218 quae
1465 2177 1502 2206 tu
1523 2172 1672 2210 retulisti,

202 2229 269 2263 sive
285 2231 365 2263 bene
380 2231 446 2264 sive
460 2232 540 2264 male
555 2232 595 2264 ab
610 2232 749 2270 Homero
769 2237 935 2271 canantur,
950 2238 1055 2264 utrum
1082 2237 1117 2264 tu
1141 2229 1264 2269 melius,
1278 2239 1317 2262 an
1339 2229 1448 2271 auriga
1469 2226 1671 2271 perciperet?

198 2285 249 2318 Io.
270 2284 400 2328 Auriga.
444 2286 502 2318 So.
525 2285 691 2319 Recitator
705 2287 790 2320 enim
814 2297 859 2325 es,
882 2297 948 2319 non
971 2286 1090 2329 auriga.
1134 2285 1187 2318 10.
1209 2285 1349 2327 Nempe.
1393 2283 1450 2316 So.
1471 2280 1670 2314 Recitatoria

201 2343 273 2379 νεῴ
288 2339 421 2372 facultas
436 2341 476 2373 ab
488 2341 640 2383 aurigaria
655 2341 716 2373 alia
731 2347 789 2376 est.
833 2341 886 2375 10.
910 2341 1086 2374 Videlicet.
1129 2341 1184 2372 So.
1208 2340 1306 2377 Quod
1322 2337 1349 2370 si
1363 2336 1426 2370 alia
1447 2347 1495 2368 ars
1515 2341 1577 2373 est,
1592 2336 1670 2367 alia*

198 2397 267 2440 rum
280 2404 408 2438 quoque
418 2403 520 2428 rerum
536 2395 669 2427 scientia
683 2401 742 2428 cst.
786 2395 839 2428 10.
862 2394 1005 2427 Aliarum
1028 2393 1182 2437 profecto.
1227 2393 1287 2426 So.
1309 2392 1396 2431 Quid
1411 2402 1498 2430 vero,
1513 2402 1585 2423 cum
1602 2390 1670 2423 Ho-

201 2444 301 2482 merus
315 2448 397 2480 illud
408 2449 510 2488 affert,
520 2449 606 2492 quod
622 2449 806 2482 Hecamede
820 2448 964 2481 Nestoris
979 2448 1084 2491 pellex
1099 2446 1207 2480 saucio
1230 2446 1403 2479 Machaoni
1417 2445 1550 2478 medelae
1565 2444 1670 2487 potio-

200 2499 272 2543 nerss
287 2502 429 2544 porrigit,
443 2504 494 2535 cui
507 2503 615 2535 vinum
630 2503 812 2537 Pramnium
828 2503 980 2542 infundit,
995 2503 1124 2545 insuper
1139 2501 1244 2534 atterit
1259 2511 1384 2534 caseum
1400 2500 1565 2542 caprinum
1581 2510 1671 2531 aeneo

198 2556 336 2598 quedam
351 2556 571 2596 instrumento,
596 2557 728 2593 farinam
751 2568 878 2603 quoque
898 2568 992 2591 caseo
1011 2557 1135 2599 miscet,
1158 2561 1191 2589 et
1205 2557 1245 2588 ad
1268 2556 1337 2588 haec
1353 2560 1435 2597 cepe
1447 2553 1575 2586 obsonii
1599 2553 1670 2585 loco

199 2610 358 2652 apponit?
402 2610 546 2644 Rectene
557 2621 598 2643 an
613 2618 722 2645 contra
740 2613 809 2646 haec
830 2613 870 2645 ab
885 2612 1025 2645 Homero
1041 2611 1198 2648 dicantur,
1221 2615 1324 2642 utrum
1341 2609 1507 2647 medicinas
1527 2607 1614 2647 artis,
1628 2618 1669 2639 an

200 2664 384 2697 recitatoriae
394 2664 552 2708 judicium
567 2667 636 2698 est?
680 2666 734 2701 Io.
757 2667 945 2699 Medicinas.
991 2666 1046 2700 So.
1068 2665 1169 2704 Quid,
1184 2674 1256 2698 cum
1274 2664 1432 2697 Homerus
1447 2661 1540 2700 dicit,

371 2741 412 2774 In
428 2752 511 2774 mare
526 2753 559 2775 se
573 2742 678 2775 mersit
690 2743 763 2776 retis
776 2742 1002 2776 Thaumantias
1018 2743 1126 2781 instar,

375 2797 472 2835 Quod
487 2797 580 2829 trahit
594 2798 635 2829 ad
650 2797 782 2831 fundum
799 2799 921 2841 plumbi
937 2799 1084 2830 subtexta
1097 2797 1234 2839 gravedo

373 2850 507 2891 Muniti,
522 2862 619 2884 cornu
634 2857 747 2885 sortem
763 2853 841 2885 dans
854 2853 995 2896 piscibus
1008 2857 1118 2898 atram.

205 2928 271 2959 haec
287 2927 363 2970 quid
377 2929 436 2960 sibi
451 2929 562 2969 velint,
577 2935 611 2962 et
622 2935 725 2962 utrum
741 2936 825 2963 recte
841 2941 880 2963 an
897 2935 1006 2964 contra
1026 2930 1182 2968 dicantur,
1207 2940 1314 2961 noune
1338 2939 1386 2960 ars
1401 2928 1590 2971 piscatorum
1607 2935 1671 2956 me·

204 2981 274 3021 ΠΜ»
286 2992 379 3025 quam
396 2983 595 3019 recitatorum
610 2986 860 3022 animadvertet?
906 2986 957 3021 Io.
981 2985 1117 3019 Constat
1130 2985 1216 3028 quod
1228 2995 1275 3018 ars
1288 2983 1478 3027 piscatorum
1489 2981 1522 3012 id
1534 2979 1669 3022 judicat.
