1846 3268
202 242 279 282 196
807 234 1076 301 PLAToNrs
1569 241 1668 292 [464

201 344 356 386 siquidem
374 343 454 376 mala
468 354 538 376 esse
553 343 657 385 turpia
672 341 758 379 dico,
772 343 1030 385 quandoquidem
1046 341 1117 384 tibi,
1133 348 1281 385 tanquam
1297 353 1368 385 quae
1380 341 1452 374 dico
1464 341 1531 384 jann
1548 341 1674 380 scienti,

200 409 250 430 me
266 399 455 440 respondere
470 402 606 440 oportet.
651 397 744 429 Gon.
767 396 829 428 Per
843 396 863 429 J
867 406 968 435 ovem,
991 408 1010 428 o
1025 397 1182 439 Socrates,
1207 407 1266 429 nec
1282 407 1355 439 ego,
1369 396 1447 438 quid
1463 396 1562 434 dicas,
1578 396 1674 428 intel-

201 447 278 495 ligo.
322 453 379 484 So.
403 452 473 484 Nec
490 451 604 493 injuria
619 451 761 493 quidem,
773 449 904 492 Gorgia.
925 451 1066 482 nondum
1082 451 1168 482 enim
1183 451 1259 482 satis
1271 451 1407 492 expressi
1422 461 1430 481 ι
1454 449 1552 481 Polus
1566 454 1674 481 autem

198 506 259 538 iste
278 505 406 548 juvenis
429 511 487 538 est.
533 505 624 537 Gon.
650 505 695 536 At
720 505 804 536 hunc
830 505 943 536 mitte:
969 504 1043 536 mihi
1070 516 1143 536 vero
1171 506 1339 547 responde,
1369 515 1432 547 quo
1461 509 1555 546 pacto
1585 504 1674 536 dicas

199 561 383 592 rhetoricam
400 559 502 591 civilis
517 558 680 601 particulae
705 558 902 590 simulacrum
929 569 1007 592 esse.
1051 559 1108 592 So.
1133 559 1281 592 Conabor
1302 559 1486 601 exprimere,
1502 557 1578 600 quid
1595 557 1675 589 mihi

199 614 343 645 videatur
356 624 424 645 esse
441 613 605 646 rhetorica.
629 613 656 644 si
671 623 743 644 vero
758 622 823 644 non
839 618 886 644 est
900 611 948 651 id,
963 612 1062 644 Polus
1084 612 1145 644 iste
1168 614 1344 655 redarguet.
1390 612 1513 654 Corpus
1531 611 1675 654 appellas

199 667 320 710 aliquid
336 672 432 709 atque
458 666 616 698 animam?
641 666 739 709 [464]
764 666 858 699 Gon.
880 666 1015 704 Quidni.
1056 667 1112 699 So.
1136 667 1257 698 Horum
1273 677 1346 698 vero
1367 677 1473 698 nonne
1497 671 1591 708 putas
1617 665 1676 698 ali·

199 730 295 762 quam
310 721 473 763 utriusque
490 722 603 752 bonam
620 719 879 755 habitudinem!
909 719 1002 752 Gon.
1024 719 1108 752 Puto
1133 721 1291 764 equidem.
1335 721 1392 753 So.
1416 721 1572 752 Praeterea
1586 719 1675 750 habi·

200 776 341 808 tudinem
357 776 493 817 aliquam
511 785 660 816 apparere
677 775 803 814 bonam,
829 784 901 805 cum
929 773 1056 810 minime
1071 774 1136 805 sit?
1181 775 1266 807 Dico
1293 780 1398 806 autem
1421 773 1566 805 nonnihil
1590 772 1676 814 ejus-

198 830 296 862 modi.
342 830 441 861 Multi
455 839 567 871 corpus
584 829 662 860 bene
686 828 835 860 affectum
858 828 972 859 habere
987 827 1144 866 videntur,
1166 839 1296 871 quorum
1321 829 1434 860 malam
1460 827 1673 860 valetudinem

198 883 478 926 habitudinemque
493 883 577 913 haud
594 882 687 914 facile
701 882 952 924 deprehenderet
969 882 1135 924 quisquam
1152 887 1264 924 praeter
1280 883 1435 915 medicum
1452 880 1672 924 gymnasiique

197 938 389 979 magistrum.
434 937 523 968 Gon.
546 936 629 967 Vera
645 946 760 968 narras.
806 936 863 967 So.
884 936 962 967 Tale
978 935 1130 978 quiddam
1146 942 1178 968 et
1194 937 1226 967 in
1243 946 1374 978 corpore
1390 941 1422 967 et
1435 935 1470 966 in
1484 934 1589 966 anima
1603 945 1672 966 esse

197 992 284 1029 dico,
299 992 383 1033 qnod
400 991 527 1033 quidem
548 991 635 1030 facit,
651 995 686 1021 ut
708 995 741 1022 et
763 1000 876 1031 corpus
892 995 924 1021 et
939 991 1043 1022 anima
1066 991 1146 1022 bene
1170 1001 1203 1022 se
1221 991 1335 1022 habere
1352 990 1507 1026 videatur,
1521 999 1592 1020 cum
1607 998 1673 1019 non

196 1046 277 1077 bene
293 1056 325 1076 se
342 1045 466 1078 lrabeat.
512 1044 602 1076 Gon.
627 1044 677 1075 Ita
692 1049 750 1077 est.
797 1044 854 1075 So.
878 1044 949 1086 Age
963 1055 1048 1085 vero,
1064 1045 1089 1076 si
1106 1050 1216 1086 potero
1232 1045 1292 1076 lroc
1305 1044 1481 1075 ostendere.
1526 1042 1608 1074 Cum
1623 1052 1672 1074 rea

196 1100 268 1131 duae
285 1101 360 1136 sint,
374 1105 455 1130 artes
470 1109 537 1130 esse
553 1098 693 1140 geminas
719 1098 867 1129 arbitror:
892 1104 924 1130 et
947 1104 1043 1130 artem
1069 1099 1198 1141 quidem
1225 1098 1265 1130 ad
1289 1099 1424 1130 animam
1451 1098 1674 1139 pertinentem,

197 1153 320 1185 civilem
336 1163 510 1195 nuncupo:
534 1163 603 1184 eam
619 1163 691 1184 vero
707 1163 778 1195 quae
803 1153 844 1184 ad
868 1163 994 1195 corpus,
1018 1153 1147 1185 nomine
1177 1164 1239 1184 uno
1264 1152 1426 1184 nominare
1448 1161 1512 1182 non
1536 1160 1674 1192 possum.

198 1209 254 1239 aed
270 1207 363 1249 liujus
387 1207 460 1239 artis
481 1206 587 1244 unius,
611 1218 683 1249 quae
707 1211 796 1238 curat
821 1217 947 1249 corpus,
961 1208 1040 1239 duas
1067 1217 1152 1250 pono
1179 1206 1367 1248 particulas:
1390 1205 1518 1237 alteram
1543 1204 1672 1247 quidem

198 1262 440 1304 gymnasticam,
457 1261 585 1292 alteram
614 1261 814 1293 medicinam.
860 1260 899 1291 In
915 1261 1001 1292 civili
1018 1271 1090 1292 vero
1117 1260 1374 1297 nomotheticam,
1396 1259 1518 1290 scilicet
1540 1257 1672 1299 legalem

197 1316 404 1348 conditricem
420 1315 537 1357 legum,
550 1325 635 1356 pono
650 1315 947 1356 correspondentem
967 1315 1174 1358 gymnasticae
1189 1326 1198 1347 ε
1222 1319 1254 1347 et
1266 1314 1434 1357 justitiam,
1451 1312 1572 1345 scilicet
1581 1311 1672 1353 judi-

197 1369 338 1406 ciariam,
354 1369 543 1401 medicinam
559 1369 794 1411 quodammodo
810 1369 1006 1400 referentem.
1052 1367 1296 1401 Communicant
1312 1378 1383 1399 vero
1398 1366 1546 1404 invicem,
1560 1369 1672 1407 utpote

197 1433 269 1465 quae
285 1423 367 1455 circa
382 1424 465 1455 idem
482 1428 567 1465 sunt,
581 1423 738 1454 medicina
752 1426 847 1464 atque
863 1423 1073 1465 gymnasfica,
1090 1433 1254 1465 rursusque
1266 1421 1433 1464 judiciaria
1445 1426 1539 1463 atque
1551 1419 1674 1464 legalis.

197 1482 400 1509 veruntamen
427 1477 508 1509 inter
532 1488 565 1509 se
594 1477 688 1509 etiam
714 1477 878 1508 differunt.
923 1477 1004 1509 Cum
1021 1488 1093 1509 vero
1120 1479 1168 1508 hae
1194 1482 1327 1519 quatuor
1342 1476 1417 1516 sint,
1432 1485 1617 1517 semperque
1631 1473 1673 1507 ad

197 1532 351 1573 optimum
368 1536 490 1570 curent,
506 1532 554 1562 lrae
581 1532 712 1573 quidem
737 1542 865 1572 corpus,
882 1531 944 1562 illae
959 1532 1093 1562 animam
1107 1543 1114 1562 z
1138 1531 1271 1562 facultas
1285 1530 1460 1562 adulatoria
1474 1529 1508 1560 id
1523 1528 1674 1565 sentiens,

197 1596 262 1615 non
278 1596 472 1627 cognoscens
495 1585 636 1627 quidem,
652 1586 706 1616 sed
723 1585 920 1626 conjectans,
935 1596 968 1616 se
984 1583 1203 1627 quadrifariam
1219 1585 1346 1625 dividit,
1367 1584 1567 1626 singulasque
1590 1582 1674 1614 subit

198 1639 381 1681 particulas,
396 1639 546 1670 simulans
560 1639 592 1670 id
609 1650 642 1671 se
657 1650 725 1670 esse
742 1640 827 1681 quod
845 1639 950 1670 subiit.
995 1639 1037 1670 Et
1051 1639 1163 1681 optimi
1178 1639 1304 1680 quidem
1321 1639 1438 1669 nullam
1448 1638 1542 1668 habet
1551 1647 1670 1673 curam,

196 1693 252 1724 sed
267 1704 392 1736 semper
406 1705 445 1725 eo
472 1694 558 1735 quod
575 1693 790 1725 dulcissimum
807 1698 868 1735 est,
885 1693 973 1734 quasi
991 1694 1083 1725 hamo
1107 1693 1264 1725 incautam
1291 1693 1441 1734 illaqueat
1469 1697 1618 1727 mentem.
1637 1695 1672 1722 et

198 1757 299 1788 usque
313 1748 393 1779 adeo
410 1747 543 1789 decipit,
561 1753 594 1778 ut
610 1747 736 1789 plurimi
749 1749 833 1789 apud
847 1758 915 1778 eam
931 1748 1116 1779 aestimanda
1132 1747 1284 1779 videatur.
1329 1746 1525 1778 Medicinam
1541 1745 1670 1787 quidem

197 1801 382 1842 coquinaria
397 1801 536 1838 subiens,
553 1801 679 1832 simulat
694 1801 831 1843 optimos
847 1812 880 1833 se
895 1802 984 1833 cibos
1008 1802 1129 1843 corpori
1155 1802 1315 1833 adhibere.
1360 1799 1571 1839 Quamobrem
1585 1799 1610 1830 si
1620 1798 1672 1844 ξεί

197 1854 280 1885 inter
300 1865 413 1896 pueros
430 1855 479 1886 vet
494 1855 574 1886 viros
589 1856 759 1886 admodum
776 1856 911 1897 pueriles
925 1857 1117 1888 contendere
1132 1861 1289 1897 oporteret
1310 1865 1445 1896 coquum
1461 1859 1556 1896 atque
1572 1853 1671 1884 medi·

198 1918 283 1946 cum,
299 1914 367 1940 uter
381 1920 487 1940 eorum
504 1909 544 1940 de
562 1909 650 1940 bonis
663 1909 790 1940 malisve
806 1910 884 1940 cibis
901 1909 973 1950 plus
985 1909 1151 1950 intelligat,
1162 1909 1302 1940 medicus
1312 1908 1439 1950 quidem
1447 1908 1529 1938 same
1543 1906 1668 1948 periret.

197 1962 235 1992 Id
254 1973 328 2004 ergo
344 1964 557 1995 adulationem
570 1974 660 1999 voco,
676 1974 712 1995 ac
726 1969 828 2004 turpe,
844 1974 863 1994 o
880 1964 971 2001 Polc,
987 1964 1138 2004 quiddam
1154 1962 1310 1994 existimo.
1331 1962 1364 1993 id
1378 1961 1461 1992 enim
1476 1961 1623 1991 adversus
1639 1964 1670 1991 te

195 2016 294 2059 [465]
327 2017 400 2048 dico
414 2029 421 2048 :
455 2022 683 2059 proptereaque
720 2018 838 2058 absque
868 2017 934 2047 ulla
965 2017 1077 2058 optimi
1110 2017 1231 2048 ratione
1260 2016 1454 2058 voluptatem
1483 2019 1669 2056 aucupatur.

196 2081 299 2112 neque
311 2075 407 2102 artem
422 2081 490 2102 eam
507 2082 574 2102 esse
590 2072 676 2111 dico,
691 2072 744 2102 sed
765 2071 908 2112 peritiam
934 2072 1091 2113 quandam
1106 2083 1114 2110 ;
1137 2071 1286 2113 quoniam
1312 2070 1429 2101 nullam
1454 2069 1550 2100 habet
1574 2068 1670 2100 ratio-

196 2136 268 2156 nem
284 2136 391 2156 eorum
408 2136 478 2167 qua:
494 2125 595 2162 affert,
611 2125 716 2167 qualia
732 2132 841 2156 natura
857 2125 939 2157 sint:
964 2137 1028 2168 quo
1041 2126 1086 2163 fit,
1100 2131 1134 2156 ut
1147 2125 1297 2156 rationem
1309 2125 1424 2156 nullius
1436 2123 1536 2166 possit
1547 2123 1669 2155 afferre.

195 2189 254 2220 ego
271 2189 342 2210 vero
358 2190 422 2210 non
437 2180 565 2221 appello
580 2186 688 2216 artem,
704 2181 789 2222 quod
805 2185 909 2212 careat
925 2180 1054 2211 ratione.
1077 2180 1163 2222 quod
1178 2180 1203 2211 si
1217 2181 1256 2211 de
1272 2180 1319 2210 his
1335 2179 1402 2221 ipse
1415 2179 1558 2220 ambigis,
1574 2177 1668 2209 ratio-

195 2244 267 2264 nem
284 2245 333 2266 me
349 2233 408 2265 tibi
422 2234 573 2276 polliceor
585 2234 790 2266 redditurum.
835 2234 948 2276 Itaque
966 2234 1166 2272 medicinam,
1182 2240 1218 2265 ut
1233 2235 1312 2271 dixi,
1326 2233 1510 2275 coquinaria
1523 2231 1664 2263 adulatio

195 2287 300 2318 subit:
325 2288 553 2330 gymnasticam
571 2299 642 2319 vero
658 2288 797 2320 similiter
824 2289 989 2326 fucatur-ia,
1006 2299 1052 2319 res
1074 2290 1179 2328 noxia,
1195 2288 1302 2328 fallax,
1317 2288 1512 2330 ingenerosa,
1528 2286 1666 2317 illibera-

195 2341 246 2378 lis,
263 2342 379 2383 figuris,
396 2341 566 2379 coloribus,
577 2342 774 2374 lineamentis
789 2347 822 2374 et
837 2353 928 2374 sensu
944 2344 1081 2385 quodam
1106 2343 1150 2374 ita
1172 2342 1347 2384 decipiens,
1363 2347 1399 2372 ut
1414 2346 1539 2383 propter
1551 2340 1666 2371 extrin-

194 2405 300 2426 secum
316 2395 422 2426 fucum
440 2395 594 2437 propriam
611 2407 777 2438 veramque
794 2396 934 2434 sormam,
961 2408 1032 2439 quae
1057 2396 1093 2427 fit
1117 2407 1172 2438 pcr
1192 2397 1433 2439 gymnasticam,
1460 2395 1666 2437 negligamus.

195 2449 343 2480 Ceterum
368 2460 407 2480 ne
422 2449 478 2480 sim
501 2449 662 2491 prolixior,
680 2450 750 2481 volo
766 2450 823 2481 tibi
840 2461 924 2481 more
940 2450 1129 2491 geometrico
1149 2450 1264 2483 dicere.
1288 2450 1332 2481 sic
1347 2449 1430 2481 enim
1446 2449 1524 2480 sorte
1534 2447 1602 2490 jam
1616 2458 1667 2479 as-

196 2503 346 2545 sequeris.
391 2503 539 2534 Profecto
554 2505 639 2545 quod
657 2504 788 2536 sucatrix
805 2505 845 2536 ad
862 2504 1146 2547 gymnasticam,id
1162 2505 1202 2535 ad
1216 2504 1403 2535 medicinam
1413 2508 1461 2534 est
1472 2501 1666 2544 coquinaria.

194 2557 290 2588 immo
306 2567 379 2588 vero
394 2556 459 2588 sic:
484 2558 581 2594 Quod
596 2558 728 2590 sucatrix
744 2560 784 2590 ad
800 2559 1042 2602 gymnasticam‚
1055 2560 1114 2590 hoc
1128 2558 1300 2601 sophistica
1314 2558 1352 2589 ad
1371 2558 1524 2599 legalem:
1546 2566 1665 2588 rursus·

193 2622 267 2654 que,
282 2611 367 2653 quod
383 2611 565 2652 coquinaria
579 2612 619 2642 ad
637 2613 838 2653 medicinam,
848 2613 878 2643 id
893 2613 1046 2644 rhetorica
1060 2618 1108 2643 est
1119 2614 1158 2644 ad
1179 2612 1393 2654 judiciariam.
1438 2612 1666 2648 Veruntamen,

195 2671 231 2696 ut
245 2665 402 2702 dicebam,
418 2665 461 2696 ita
474 2670 584 2696 natura
596 2666 851 2708 distinguuntur:
875 2677 912 2698 ac
928 2667 1023 2698 etiam
1039 2673 1187 2709 tanquam
1203 2667 1387 2708 propinquas
1403 2666 1571 2698 miscentur
1582 2664 1663 2695 invi-

194 2730 262 2751 cem
277 2720 311 2750 in
326 2720 436 2750 eodem
452 2724 484 2750 et
510 2719 592 2750 circa
615 2721 740 2762 eadem,
756 2721 904 2762 sophistae
921 2721 1069 2752 videlicet
1084 2727 1116 2752 et
1132 2722 1286 2752 rhetores:
1311 2731 1369 2752 nec
1383 2720 1549 2758 utilitatem
1565 2718 1661 2759 respi—

193 2774 285 2807 ciunt
309 2773 460 2816 aliquam,
483 2783 578 2815 quarn
601 2775 648 2805 vel
677 2785 733 2816 pro
757 2775 880 2817 seipsis,
892 2775 941 2807 vel
973 2786 1028 2818 pro
1056 2775 1124 2806 aliis
1150 2779 1318 2817 sequantur
1341 2783 1489 2815 unquam.
1533 2771 1618 2803 Nam
1636 2771 1663 2803 si

195 2828 317 2860 animus
340 2828 462 2869 corpori
490 2837 553 2858 non
576 2834 736 2870 praeesset,
754 2831 807 2860 sed
831 2830 932 2872 ipsum
960 2830 1030 2866 sibi,
1046 2841 1149 2872 neque
1171 2831 1210 2862 ab
1234 2841 1272 2861 eo
1297 2828 1524 2871 perspiceretur
1547 2826 1663 2858 discer-

192 2887 377 2924 nereturque
392 2882 573 2923 coquinaria
587 2887 619 2912 et
635 2883 803 2921 medicina,
821 2885 875 2916 sed
900 2895 1014 2926 corpus
1039 2885 1141 2926 ipsum
1165 2883 1262 2926 gratia
1277 2883 1499 2924 voluptathue
1522 2891 1578 2912 aua
1593 2881 1661 2919 hpaec

190 2936 411 2979 perpenderet,
434 2936 513 2968 illud
530 2935 727 2980 Anaxagoras
753 2949 878 2980 prorsus
904 2939 1073 2979 accideret,
1099 2939 1199 2972 amice
1226 2938 1304 2971 Pole
1318 2948 1327 2971 z
1352 2937 1420 2980 ipse
1443 2934 1526 2968 enim
1551 2936 1661 2968 horum
