1832 3256
200 253 298 305 337]
383 299 387 304 ,
736 245 1124 286 PROTAGORAS.
1556 296 1562 301 ,
1617 250 1669 288 55

670 322 693 330 x

196 357 324 399 ineptus
339 360 427 386 sum:
451 356 546 394 atque
567 349 689 382 utinam
709 349 779 391 ejus
794 359 924 392 compos
946 359 1059 383 essem.
1094 347 1224 382 ‘Verum
1250 352 1305 381 tua
1327 347 1475 381 intererat
1494 349 1585 381 nobis
1607 349 1665 382 ali·

196 410 383 454 quantulum
397 407 572 448 indulgere,
595 404 856 446 quandoquidem
880 413 970 446 aeque
985 414 1019 436 es
1044 403 1084 435 ad
1106 407 1273 445 utrumque
1287 407 1426 446 paratus,
1440 403 1662 445 utdisputatIo

198 468 372 508 peragatur.
397 465 561 503 postquam
575 469 649 490 vero
665 468 729 489 non
744 457 803 495 vis,
828 462 861 489 et
875 468 924 489 me
940 467 1040 500 usque
1056 458 1136 489 adeo
1150 457 1279 499 negotia
1301 462 1425 499 urgent,
1450 461 1487 488 ut
1509 467 1663 499 nequeam

196 523 300 550 tecum
316 516 367 548 hic
382 516 437 546 diu
453 518 560 546 orante
574 511 768 549 commorari,
785 512 928 554 quamvis
943 512 1003 543 ista
1018 511 1151 544 libenter
1166 511 1323 543 audissem
1335 522 1346 544 ε
1370 511 1448 542 abeo
1459 511 1526 553 jam
1538 522 1601 554 quo
1615 522 1664 544 res

195 572 265 614 ipsa
278 581 328 602 me
345 574 447 602 vocat.
492 568 550 599 His
567 565 674 607 dictis,
689 565 806 597 surrexi
818 565 960 607 protinus
976 565 1126 597 abiturus.
1170 565 1233 596 Sed
1248 564 1363 597 Callias
1387 565 1516 597 dextera
1535 576 1665 598 manum

196 636 296 658 meam
313 623 493 667 prehendit,
509 622 632 654 sinistra
647 620 792 663 pallium,
806 620 929 661 dicens,
942 619 1038 652 Haud
1054 625 1086 663 te
1101 619 1306 661 dimittemus,
1331 630 1350 651 ο
1373 619 1526 652 Socrates.
1548 630 1621 651 nam
1636 620 1664 652 si

195 679 318 716 exieris,
333 689 398 710 non
414 677 550 720 amplius
566 677 612 708 ita
627 675 763 707 invicem
778 675 1004 716 colloquemur.
1050 674 1163 712 Mane,
1177 674 1326 706 obsecro:
1349 674 1466 706 nullius
1476 674 1553 707 mihi
1564 675 1663 707 oratio

195 733 311 776 gratior
325 733 507 774 contingere
534 735 641 773 posset
655 739 751 772 quam
771 733 837 776 tua·
851 739 922 760 cum
949 728 1122 770 Protagora
1144 727 1329 770 disputatio.
1352 738 1447 770 quare
1472 733 1506 761 et
1529 729 1606 760 mihi
1627 733 1662 761 et

195 788 340 820 omnibus
355 787 404 818 his
418 787 601 829 obsequere.
646 784 692 816 At
706 794 766 826 ego
777 783 844 825 jam
867 793 1055 815 surrexeram
1082 782 1232 824 exiturus,
1257 786 1291 814 et
1305 783 1344 814 ad
1362 782 1494 815 Calliam
1510 783 1638 825 inquam
1649 793 1660 815 ε

194 843 225 875 Ο
241 842 420 885 Hipponici
435 840 494 878 fili,
509 845 597 871 tunm
620 849 743 880 semper
768 837 1002 880 philosophiam
1028 837 1197 869 admiratus
1212 846 1304 870 sum:
1326 846 1411 868 nuuc
1426 836 1520 868 laudo
1536 836 1663 878 insuper

193 902 289 940 atque
313 907 394 929 amo.
441 894 600 933 Quocirca
626 893 792 935 gratificari
817 891 876 923 tibi
904 892 1104 923 vehementer
1129 891 1275 934 optarim,
1302 891 1329 922 si
1354 890 1512 932 possibilia
1538 900 1664 932 poscas.

193 952 281 994 quod
294 962 367 983 vero
379 961 464 982 nunc
481 949 574 991 petis,
590 948 722 991 perinde
737 951 797 984 est,
822 957 859 978 ac
886 946 912 977 si
936 955 1049 987 orares,
1069 950 1105 977 ut
1121 945 1283 978 Crisonem
1298 944 1489 977 Himeraeum
1505 955 1660 976 cursorem

190 1007 403 1050 juvenemque
420 1004 519 1046 aequis
546 1003 688 1045 passibus
715 1010 871 1043 sequerer,
888 1001 936 1032 vel
958 999 1095 1043 aliquem
1115 1011 1235 1042 eorum,
1251 998 1307 1042 qui
1329 999 1543 1041 longissimum
1566 999 1663 1030 inter·

196 1061 314 1092 vallum
330 1069 490 1092 excurrere
506 1057 621 1095 solent,
637 1061 693 1088 aut
707 1056 854 1087 diurnum
869 1063 992 1087 cursum
1005 1065 1164 1096 peragere.
1188 1054 1286 1096 [336]
1310 1058 1385 1085 tunc
1395 1063 1468 1085 saue
1481 1053 1663 1095 objicerem,

197 1115 297 1147 multo
312 1114 410 1156 magis
425 1124 476 1144 me
493 1112 598 1154 ipsum
616 1116 739 1153 optare,
753 1120 847 1152 quam
864 1113 908 1151 te,
921 1110 978 1140 hos
994 1119 1133 1141 cursores
1146 1108 1291 1140 currendi
1306 1106 1420 1139 viribus
1436 1107 1560 1149 assequi
1575 1118 1583 1138 ε
1606 1107 1662 1139 sed

195 1168 320 1210 assequi
336 1178 471 1210 nequeo.
482 1186 485 1189 <
495 1166 591 1203 Quod
609 1165 636 1197 si
651 1165 743 1207 cupis
758 1175 808 1195 me
823 1168 857 1195 et
871 1164 955 1195 hunc
969 1163 1059 1205 quasi
1073 1163 1202 1194 alterum
1215 1162 1377 1195 Crisonem
1392 1166 1531 1204 spectare
1547 1162 1664 1204 pariter

193 1228 424 1260 concurrentes,
439 1222 544 1263 ipsum
561 1231 626 1257 ora,
643 1225 679 1250 ut
694 1219 821 1261 paribus
837 1228 886 1249 me
901 1218 1044 1260 passibus
1058 1217 1234 1250 comitetur.
1257 1227 1329 1247 nam
1345 1226 1405 1257 ego
1426 1215 1556 1258 quidem
1578 1215 1661 1247 cele-

193 1277 266 1308 riter
279 1287 399 1309 currere
415 1285 554 1316 nequeo,
569 1274 621 1305 hic
638 1278 742 1304 autem
758 1273 847 1303 tarde
862 1276 978 1313 potest.
1022 1271 1108 1313 Ergo
1125 1272 1150 1303 si
1165 1275 1257 1313 optas
1273 1271 1382 1302 audire
1395 1280 1445 1302 me
1461 1273 1494 1301 et
1507 1269 1661 1311 Protago-

191 1341 256 1362 ram
281 1330 490 1372 disputantes,
515 1339 587 1360 eum
612 1328 754 1367 obsecra,
779 1330 825 1363 ut,
851 1325 1116 1367 quemadmodum
1143 1336 1162 1356 a
1175 1325 1332 1367 principio
1355 1325 1483 1362 fecerat,
1506 1324 1553 1355 ita
1575 1335 1661 1356 nunc

190 1384 302 1427 paucis
315 1384 415 1416 verbis
431 1387 464 1415 et
479 1383 519 1414 ad
537 1380 731 1424 propositam
754 1380 960 1423 quaestionem
985 1380 1186 1422 respondeat.
1210 1379 1350 1422 alioquin
1375 1379 1445 1420 quis
1468 1378 1527 1410 erit
1551 1378 1660 1420 dispu-

191 1438 281 1470 tandi
294 1438 430 1470 modus?
474 1437 630 1469 Putabam
646 1435 805 1477 equidem,
831 1434 917 1466 aliud
942 1444 1010 1466 esse
1035 1434 1171 1466 invicem
1196 1433 1334 1476 colloqui
1356 1433 1550 1471 disserendo,
1572 1432 1661 1464 aliud

191 1493 383 1525 concionari.
428 1492 542 1530 Vides,
558 1502 577 1523 ο
594 1491 749 1528 Socrates,
763 1489 863 1532 inquit
880 1488 1010 1525 Callias,
1021 1488 1109 1530 juste
1124 1488 1210 1531 loqui
1226 1488 1350 1520 videtur
1365 1488 1563 1530 Protagoras,
1584 1487 1661 1518 dum

190 1553 300 1580 censet
313 1547 406 1579 licere
421 1547 481 1578 sibi
497 1557 554 1578 suo
571 1545 720 1577 arbitratu
736 1544 900 1581 disserere,
915 1543 973 1575 tibi
987 1543 1062 1575 item
1078 1548 1145 1577 tuo.
1189 1542 1252 1575 Hic
1268 1542 1461 1580 Alcibiades,
1476 1541 1561 1573 haud
1577 1546 1661 1573 recte

191 1602 340 1644 loqueris,
355 1601 468 1643 inquit,
485 1611 504 1632 o
520 1599 634 1633 Callia.
681 1599 825 1631 Socrates
840 1598 924 1630 enim
941 1598 993 1630 hic
1009 1597 1219 1630 concionandi
1233 1597 1438 1639 impotentem
1451 1607 1485 1628 se
1499 1607 1567 1628 esse
1579 1596 1659 1627 fate-

192 1661 253 1694 tur,
277 1661 311 1688 et
324 1656 358 1688 in
382 1657 443 1687 hoc
464 1655 644 1697 Protagorae
668 1654 766 1686 cedit.
790 1654 816 1684 si
841 1658 946 1685 autem
961 1658 994 1684 et
1009 1653 1042 1684 in
1056 1652 1262 1695 disputando,
1276 1651 1529 1693 recipiendisque
1543 1655 1576 1682 et
1590 1651 1662 1682 red-

191 1711 305 1743 dendis
317 1710 490 1742 rationibus
502 1711 596 1741 cedat
610 1709 718 1749 alicui,
745 1718 942 1749 summopere
957 1707 1144 1741 admirabor.
1189 1707 1222 1738 Si
1237 1717 1311 1749 ergo
1327 1707 1512 1748 Protagoras
1527 1706 1659 1737 confite·

192 1769 253 1803 tur,
268 1765 406 1802 Socrate,
422 1775 455 1796 se
469 1775 537 1796 esse
550 1764 586 1795 in
602 1762 795 1805 disputando
813 1761 1002 1798 inferiorem,
1029 1766 1078 1792 sat
1097 1761 1165 1803 jam
1190 1761 1334 1792 Socrates
1354 1761 1460 1791 habet.
1482 1759 1530 1791 sin
1553 1764 1658 1791 autem

190 1819 251 1850 hoe
266 1829 392 1861 quoque
407 1818 465 1850 sibi
480 1818 638 1855 vendicat,
651 1826 723 1849 cum
738 1817 950 1855 interrogante
965 1816 1091 1847 Socrate
1108 1816 1238 1846 disserat
1246 1820 1279 1846 et
1288 1815 1426 1846 vicissim
1436 1814 1658 1856 respondendo

190 1873 274 1904 haud
288 1872 396 1914 longas
412 1882 468 1913 per
481 1871 628 1911 ambages
643 1869 891 1909 circumvagetur
906 1878 1010 1909 neque
1026 1867 1246 1899 concionando
1261 1868 1458 1900 occasionem
1479 1867 1660 1910 intercipiat

189 1925 374 1967 disputandi
388 1932 491 1967 neque
505 1924 657 1956 rationem
673 1922 804 1954 reddere
819 1921 939 1953 Socrati
955 1926 1094 1963 respuat,
1110 1922 1186 1953 dum
1203 1922 1357 1964 profusius
1373 1922 1522 1964 loquitur,
1549 1923 1655 1964 quoad

187 1979 312 2022 plurimi
326 1979 522 2011 audientium
537 1978 571 2009 id
583 1988 646 2019 quo
661 1977 702 2008 de
717 1976 820 2018 agitur
833 1975 1068 2008 obliviscantur.
1099 1975 1258 2018 Equidem
1271 1987 1327 2018 pro
1344 1976 1471 2008 Socrate
1481 1975 1655 2017 fidejubeO,

189 2044 261 2064 eum
276 2044 347 2076 quae
361 2033 505 2065 dicentur
520 2031 673 2063 oblivioni
685 2029 814 2062 minime
823 2030 1050 2067 mandaturum,
1064 2029 1139 2062 licet
1143 2029 1270 2072 jocetur
1279 2030 1454 2068 nobiscum,
1470 2030 1657 2062 obliviosum

189 2098 258 2125 esse
281 2098 314 2119 se
339 2087 458 2120 dicens.
503 2085 590 2118 Mihi
615 2096 690 2117 sane
704 2084 829 2116 videtur
852 2083 996 2115 Socrates
1019 2084 1156 2126 aequiora
1179 2085 1349 2116 admodum
1374 2084 1541 2126 postulare.
1564 2084 1658 2115 decet

190 2140 275 2172 enim
290 2151 542 2183 unumquemque
568 2139 756 2172 sententiam
782 2149 868 2170 suam
895 2139 1076 2180 exprimere.
1122 2138 1200 2170 Post
1220 2138 1430 2175 Alcibiadem,
1454 2143 1490 2168 ut
1515 2137 1657 2176 arbitror,

190 2195 294 2238 inquit
308 2195 434 2233 Critias,
449 2194 478 2227 Ο
494 2195 630 2226 Prodice
644 2199 740 2236 atque
754 2193 887 2235 Hippia,
910 2192 1028 2225 Callias
1043 2193 1171 2235 quidem
1187 2193 1367 2235 Protagorae
1381 2193 1582 2224 vehementer
1594 2192 1658 2223 suf-

189 2248 302 2291 fragari
316 2249 438 2280 videtur
451 2260 459 2280 ε
484 2248 664 2281 Alcibiades
679 2252 783 2279 autem
799 2247 1014 2279 contentiosus
1028 2246 1120 2278 nimis
1135 2252 1182 2279 est
1193 2253 1225 2279 et
1238 2247 1393 2290 pertinax,
1416 2257 1606 2289 quocunque
1621 2256 1655 2278 se

190 2303 325 2336 verterit.
368 2303 437 2335 Nos
463 2307 567 2334 autem
591 2303 681 2334 alteri
703 2302 802 2343 magis
828 2312 922 2344 quam
947 2300 1036 2333 alteri
1059 2301 1163 2332 favere
1183 2311 1247 2333 non
1271 2302 1375 2339 decet,
1390 2301 1441 2332 vel
1456 2300 1588 2339 Socrati,
1602 2300 1654 2332 vel

190 2357 380 2400 Protagoras,
396 2357 450 2389 sed
466 2357 672 2389 communiter
687 2361 853 2398 utrumque
869 2366 986 2398 rogare,
1002 2366 1043 2387 ne
1058 2360 1224 2398 postquam
1235 2355 1400 2397 coeperiut,
1423 2355 1528 2386 media
1541 2355 1575 2386 in
1590 2354 1655 2386 dis-

190 2412 355 2454 putatione
377 2412 539 2443 desistant.
573 2411 671 2454 [337]
697 2411 779 2443 Cum
804 2412 872 2442 haec
900 2411 952 2442 ille
978 2409 1108 2442 dixisset
1121 2421 1130 2442 ι
1155 2409 1308 2442 Prodicus
1323 2409 1379 2447 ait,
1394 2410 1491 2452 probe
1506 2409 1654 2452 loqueris,

191 2465 301 2500 Critia.
325 2467 417 2499 decet
436 2466 518 2498 enim
534 2477 601 2504 eos,
627 2465 683 2508 qui
703 2465 972 2508 disputationibus
995 2465 1044 2496 his
1057 2465 1224 2507 intersunt,
1246 2474 1428 2497 communes
1443 2464 1571 2506 quidem
1585 2474 1654 2495 esse

189 2524 390 2562 utrorumque
405 2521 574 2558 auditores,
599 2531 706 2562 requos
730 2526 834 2552 autem
860 2520 996 2552 minime.
1019 2529 1122 2562 neque
1146 2530 1219 2551 vero
1242 2519 1326 2551 idem
1348 2519 1410 2550 hoc
1434 2523 1482 2554 est
1504 2523 1538 2550 et
1561 2517 1653 2550 illud.

191 2575 397 2607 communiter
411 2575 530 2617 quippe
544 2575 651 2606 audire
667 2580 832 2617 utrumque
847 2575 950 2612 decet,
975 2585 1040 2605 non
1055 2579 1160 2606 autem
1182 2585 1272 2616 aeque
1293 2574 1416 2615 utrique
1438 2573 1585 2612 tribuere,
1605 2582 1653 2603 sa-

190 2627 339 2670 pientiori
353 2628 479 2670 quidem
494 2628 578 2670 plus,
593 2629 775 2671 imperitiori
791 2639 863 2660 vero
889 2629 1002 2661 minus.
1048 2628 1219 2671 Equidem,
1245 2639 1264 2660 o
1286 2628 1456 2670 Protagora
1477 2632 1570 2669 atque
1592 2627 1650 2658 So-

190 2686 302 2724 crates,
316 2682 445 2713 arbitror
460 2692 515 2713 vos
529 2682 663 2714 invicem
677 2683 820 2715 nonnihil
836 2684 949 2715 debere
965 2683 1150 2720 concedere,
1172 2687 1205 2714 et
1219 2683 1259 2713 de
1273 2681 1322 2713 his
1334 2692 1406 2724 quae
1417 2681 1570 2718 dicentur,
1587 2690 1653 2711 am-

190 2735 295 2776 bigere
310 2735 438 2778 quidem
454 2735 558 2774 simul,
574 2737 764 2768 contendere
780 2748 852 2769 vero
867 2747 1078 2779 nequaquam.
1120 2735 1298 2779 Ambigunt
1312 2746 1402 2778 porro
1413 2739 1540 2778 propter
1554 2735 1651 2766 bene-

191 2790 359 2821 volentiam
375 2800 447 2821 cum
463 2789 569 2821 amicis
584 2789 678 2822 amici
692 2802 700 2822 ε
723 2792 922 2823 contendunt
937 2796 1041 2822 autem
1056 2791 1222 2823 adversarii
1236 2790 1328 2821 simul
1340 2795 1373 2821 et
1382 2791 1498 2823 hostes.
1542 2788 1650 2831 Atque

190 2842 235 2874 ita
250 2854 343 2885 quam
359 2844 476 2886 optime
491 2844 663 2886 disputatio
680 2850 785 2876 nostra
802 2846 996 2887 procederet.
1041 2845 1109 2877 Vos
1124 2845 1280 2888 siquidem
1294 2845 1491 2888 disputantes
1503 2844 1550 2875 ita
1564 2854 1650 2874 max·

191 2895 252 2927 ime
267 2907 286 2928 a
306 2898 395 2929 nobis
409 2898 615 2930 audientibus
631 2900 852 2940 probaremini,
875 2911 939 2931 non
962 2901 1179 2942 lauderemini,
1204 2900 1343 2942 inquam.
1386 2899 1526 2930 Probant
1539 2897 1651 2938 utique

191 2951 347 2985 auditores
360 2952 462 2996 ipsius
477 2953 589 2987 mentis
599 2952 724 2996 judicio
738 2955 856 2998 absque
864 2955 1052 2999 deceptione
1065 2966 1075 2992 z
1099 2955 1231 2989 laudant
1242 2954 1352 2994 verbis,
1364 2952 1548 2997 plerumque
1563 2961 1650 2984 men·
1669 2990 1674 2994 ,
