1846 3268
190 281 270 318 450
368 246 369 249 ¹
803 273 1069 314 PLATONrs
1589 275 1661 330 [96

193 381 357 424 sequentia
385 381 580 413 interturbet.
626 378 687 411 Sed
708 379 776 410 haec
796 378 924 421 quidem
939 377 1012 410 Deo
1035 388 1117 410 curas
1143 383 1255 411 erunt:
1280 389 1338 410 nos
1351 382 1468 416 autem,
1482 383 1518 411 ut
1532 379 1577 412 ait
1592 380 1662 413 Ho-

190 446 304 473 merus,
330 435 473 468 cominus
500 434 657 477 congressi
681 432 854 475 periculum
878 432 1044 474 faciamus,
1059 442 1099 463 an
1116 433 1196 464 forte
1218 433 1295 475 quid
1309 433 1406 465 dicas.
1449 432 1576 467 Summa
1589 445 1663 468 vero

190 500 309 528 eorum,
325 500 395 532 quae
409 489 572 532 perquiris,
590 493 638 520 est
653 487 828 530 ejusmodi:
854 486 1131 518 demonstrandum
1145 496 1213 518 esse
1223 486 1362 529 judicas,
1378 487 1511 520 animam
1525 494 1662 520 nostram
1703 488 1708 492 ”

190 543 440 576 indissolubilem
458 543 726 584 immortalemque
739 552 826 582 esse;
850 552 890 573 ne
905 541 951 572 vir
966 541 1172 584 philosophus
1185 541 1216 572 in
1228 545 1325 573 morte
1338 551 1475 583 secutus,
1487 552 1664 585 magnaque

190 608 261 630 cum
278 598 394 630 fiducia
408 608 548 640 sperans,
563 597 597 628 in
613 596 675 628 alia
690 596 753 628 vita
778 596 872 638 longe
898 595 1067 628 beatiorem
1095 595 1136 627 ob
1152 595 1361 638 philosophias
1376 596 1514 628 studium
1529 606 1562 629 se
1576 596 1665 628 futu·

189 661 271 694 rum,
295 652 445 694 insipiens
471 653 512 683 sit
537 651 694 693 stulteque
719 650 871 683 confidat.
917 650 1097 682 Ostendere
1125 654 1244 692 autem,
1259 649 1396 682 validum
1420 650 1573 692 quiddam
1596 660 1664 683 esse

190 707 327 738 animam
344 712 439 748 atque
455 706 570 738 divinis
588 705 756 748 persimile,
773 704 923 748 priusque
945 704 1039 736 etiam
1063 715 1156 747 quarn
1181 714 1240 735 nos
1255 703 1420 742 exstitisse,
1435 703 1511 736 nibil
1527 704 1664 747 impedi-

190 766 296 792 mento
313 771 380 792 esse
395 761 452 797 ais,
468 771 531 803 quo
548 760 650 791 minus
667 760 734 791 haec
750 759 855 791 omnia
881 769 946 791 non
973 758 1241 790 immortalitatem
1258 757 1386 800 quidem
1401 757 1591 800 significent,
1607 758 1662 791 sed

191 814 344 846 duntaxat
359 815 493 846 animam
517 825 646 857 corpore
668 813 893 845 diuturniorem
917 824 997 852 esse,
1016 813 1179 856 multaque
1205 817 1278 845 ante
1293 822 1352 845 nos
1365 811 1472 845 secula
1482 812 1592 852 fuisse,
1605 823 1665 844 no-

190 868 335 910 visseque
358 874 392 900 et
408 869 516 913 *egisse
541 868 715 911 permulta;
738 867 839 900 nihilo
857 873 959 900 tamen
978 868 1075 910 magis
1091 869 1133 900 ob
1148 869 1208 900 boc
1237 867 1442 899 immortalem
1467 877 1534 900 esse
1558 867 1666 900 existi-

190 922 350 954 mandam.
374 922 468 953 immo
484 923 567 953 hunc
582 922 684 964 ipsum
701 922 733 953 in
758 923 929 953 humanum
955 932 1068 964 corpus
1086 921 1271 964 ingressum,
1287 921 1376 963 quasi
1402 921 1541 960 morbum
1563 931 1664 964 quen-

190 975 275 1017 dam,
289 975 432 1008 interitus
448 976 516 1018 ejus
533 975 657 1007 initium
674 986 740 1007 esse
757 988 764 1006 ε
790 976 882 1016 adeo,
897 981 933 1007 ut
948 980 980 1008 et
995 975 1027 1007 in
1044 977 1102 1008 hac
1120 974 1184 1007 vita
1215 974 1256 1006 sit
1281 974 1391 1007 misera
1413 979 1447 1006 et
1470 974 1504 1006 in
1528 973 1668 1017 corporis

192 1035 291 1061 morte
308 1030 469 1071 depereat.
515 1029 603 1061 Nihil
621 1034 726 1062 autern
741 1030 865 1061 differre
881 1040 1003 1072 censes,
1013 1030 1079 1062 sive
1095 1029 1190 1061 semel
1206 1034 1327 1060 tantum
1343 1029 1408 1061 sive
1420 1028 1535 1071 saepius
1546 1028 1668 1061 labatur

189 1082 224 1114 in
251 1093 375 1126 corpus,
399 1089 434 1114 ut
458 1084 559 1125 quivis
584 1089 723 1115 nostrum
753 1083 959 1126 pertimescat.
1005 1083 1123 1115 Merito
1153 1093 1288 1125 namque
1314 1083 1487 1115 timendum
1511 1093 1592 1120 esse,
1606 1082 1668 1114 nisi

191 1138 305 1169 stultus
321 1138 374 1180 sit,
389 1138 430 1174 ei,
447 1138 501 1180 qui
518 1148 621 1180 neque
637 1138 716 1170 sciat
726 1148 829 1180 neque
844 1138 999 1181 assignare
1010 1143 1106 1180 queat
1121 1137 1362 1170 immortalitatis
1377 1137 1491 1169 animm
1500 1137 1666 1169 rationem.

190 1190 282 1223 Talia
294 1192 437 1234 quiedam
454 1197 538 1230 sunt,
552 1203 622 1235 quae
638 1192 730 1229 dicis,
745 1203 766 1224 o
782 1192 884 1225 Cebes
899 1205 906 1223 :
924 1203 1047 1235 egoque
1061 1203 1099 1224 ea
1114 1192 1257 1224 consulto
1273 1192 1387 1234 saepius
1402 1197 1520 1234 repeto,
1534 1201 1576 1223 ne
1591 1191 1668 1234 quid

198 1257 256 1278 nos
271 1246 384 1288 fugiat,
400 1247 466 1278 sive
483 1247 598 1280 addere
623 1247 671 1278 his
696 1247 865 1291 quicquam
882 1247 959 1279 velis
986 1248 1051 1279 sive
1078 1247 1215 1279 demere.
1261 1246 1322 1278 Cn.
1344 1245 1436 1278 Nihil
1459 1246 1608 1289 equidem
1634 1246 1669 1280 in

195 1301 365 1343 praesentia
392 1301 506 1340 habeo,
522 1303 606 1344 quod
631 1306 686 1333 aut
708 1302 846 1334 minuam
870 1307 926 1333 aut
951 1301 1145 1344 adjungam:
1169 1307 1264 1343 atque
1290 1301 1358 1334 haec
1382 1305 1554 1344 sunt,quae
1581 1300 1666 1333 dico.

193 1354 285 1386 Tunc
302 1355 457 1392 Socrates,
472 1366 542 1387 cum
557 1355 751 1397 aliquantum
766 1366 799 1387 se
815 1355 996 1397 recepisset,
1012 1356 1052 1386 ad
1067 1365 1100 1387 se
1116 1365 1295 1393 conversus,
1312 1355 1409 1387 Haud
1431 1355 1501 1387 leve
1515 1355 1666 1399 quiddam

196 1408 342 1451 requiris,
358 1409 474 1451 inquit,
498 1420 517 1440 ο
541 1409 655 1447 Cebes,
680 1410 736 1441 sed
758 1409 851 1452 cujus
875 1410 974 1451 gratia
996 1415 1140 1452 oporteat
1165 1409 1374 1452 generationis
1398 1409 1670 1452 corruptionisque

194 1471 321 1495 causam
337 1467 537 1504 pertractare.
562 1462 638 1504 [96]
663 1463 731 1506 Ego
748 1463 853 1506 igitur,
870 1463 896 1495 si
911 1463 970 1501 vis,
985 1474 1024 1495 ea
1038 1463 1107 1502 tibi,
1122 1474 1192 1506 quae
1209 1463 1284 1495 mihi
1299 1468 1483 1507 evenerunt,
1505 1464 1667 1496 enarrabo.

196 1517 313 1549 deinde
328 1517 352 1548 si
368 1517 446 1560 quid
463 1528 582 1560 eorum,
596 1527 667 1560 quae
683 1518 803 1555 dixero,
819 1518 859 1549 ad
875 1517 1057 1560 quaestionis
1072 1522 1135 1549 tuae
1150 1518 1310 1550 veritatem
1332 1517 1533 1560 aperiendam
1548 1517 1669 1549 eondu-

195 1581 266 1603 cere
284 1572 423 1613 putabis,
438 1576 536 1603 utere.
581 1572 644 1605 Cr..
666 1571 750 1604 Volo
764 1572 924 1614 equidem.
969 1572 1022 1604 So.
1046 1571 1135 1604 Audi
1152 1572 1246 1614 igitur
1257 1571 1324 1614 jam
1339 1575 1528 1604 narrantem.
1570 1570 1668 1614 Equi-

195 1625 281 1664 dem,
297 1635 316 1657 o
345 1625 459 1664 Cebes,
476 1637 546 1658 cum
571 1636 669 1658 essem
693 1626 834 1668 juvenis,
851 1626 927 1658 mira
954 1627 1090 1669 quadam
1107 1626 1175 1669 ejus
1191 1626 1354 1669 sapientire
1369 1626 1544 1669 cupiditate
1558 1625 1672 1669 flagra·

197 1680 279 1718 bam,
309 1690 401 1722 quam
432 1681 606 1712 naturalem
632 1685 746 1713 vocant
772 1680 945 1713 historiam.
992 1681 1268 1713 Praeclarissimum
1291 1681 1375 1713 enim
1400 1690 1468 1713 esse
1489 1680 1672 1723 censebam,

196 1744 306 1766 causas
322 1733 510 1777 intelligere,
526 1746 582 1777 per
597 1745 675 1777 quas
691 1736 815 1778 singula
830 1736 908 1767 fiant
925 1741 1018 1778 atque
1033 1735 1202 1774 intereant,
1216 1741 1249 1768 et
1263 1746 1327 1779 qua
1351 1736 1415 1768 sint
1439 1735 1583 1768 rationez
1612 1745 1673 1768 sae-

199 1788 334 1830 piusque
351 1799 401 1820 me
412 1799 530 1820 sursum
545 1790 753 1833 deorsumque
763 1790 896 1833 jactavi,
913 1791 988 1822 talia
1002 1791 1146 1834 quaedam
1165 1790 1263 1833 primo
1286 1790 1500 1833 considerans,
1514 1789 1672 1834 nunquid,

197 1848 366 1884 postquam
382 1843 518 1874 calidum
531 1849 564 1876 et
578 1843 724 1886 frigidum
740 1845 1002 1887 putrefactionem
1028 1845 1164 1887 aliquam
1189 1849 1391 1887 acceperunt,
1406 1845 1671 1887 quemadmodum

198 1897 348 1928 nonnulli
363 1897 521 1935 dixerunt,
539 1902 614 1930 tunc
630 1899 777 1931 animalia
793 1899 984 1932 coalescant.
1005 1905 1167 1942 praeterea,
1183 1904 1284 1931 utrum
1301 1898 1427 1941 sanguis
1443 1899 1498 1941 sit,
1508 1909 1572 1942 quo
1587 1898 1671 1942 sapi-

196 1959 277 1987 mus,
293 1951 342 1982 vel
359 1951 413 1983 aer
427 1952 476 1983 vel
491 1952 596 1994 ignis:
622 1957 676 1985 aut
700 1953 779 1985 nibil
805 1954 914 1985 horum
940 1954 993 1995 sit,
1018 1954 1074 1985 sed
1100 1953 1271 1994 cerebrum,
1287 1954 1372 1996 quod
1398 1953 1538 1995 praebeat
1561 1962 1671 1985 sensus

197 2004 361 2047 audiendi,
376 2005 518 2043 videndi,
534 2006 727 2038 olfaciendi:
752 2018 789 2039 ex
805 2008 852 2039 his
878 2013 982 2040 autem
1006 2008 1154 2039 memoria
1177 2013 1210 2039 et
1235 2007 1344 2050 opinio
1371 2007 1448 2039 fiat:
1471 2018 1509 2039 ex
1524 2006 1673 2039 memoria

195 2068 271 2089 vero
289 2063 322 2090 et
335 2058 486 2102 opinione
503 2061 645 2103 quietem
663 2061 852 2104 accipiente,
870 2072 925 2104 per
946 2063 1013 2094 haec
1037 2061 1168 2094 scientia
1183 2062 1308 2093 oriatur.
1333 2061 1464 2104 proinde
1478 2061 1588 2092 borum
1603 2071 1673 2094 cor-

195 2113 357 2154 ruptiones
373 2115 585 2152 considerans,
602 2120 697 2158 atque
715 2127 780 2154 eas.
797 2127 867 2159 quae
884 2117 968 2149 circa
983 2117 1097 2149 coelum
1114 2122 1286 2159 terramque
1298 2115 1459 2158 passiones
1468 2115 1670 2158 contingunt,

196 2167 324 2198 tandem
341 2167 421 2199 adeo
438 2169 515 2200 mihi
531 2170 571 2200 ad
587 2171 654 2202 haec
671 2171 900 2203 consideranda
915 2172 998 2203 visus
1015 2182 1082 2203 sum
1098 2172 1205 2209 hebes,
1221 2175 1257 2203 ut
1283 2170 1359 2201 nihil
1378 2170 1488 2213 magis.
1531 2169 1671 2213 Conjec-

200 2225 299 2252 turam
315 2231 386 2253 vero
411 2223 450 2253 ad
474 2223 505 2254 id
530 2224 656 2255 afferam
680 2224 737 2256 tibi
763 2225 980 2258 sufficientem.
1004 2236 1119 2268 nempe
1142 2226 1184 2256 ob
1206 2225 1360 2267 ejusmodi
1387 2224 1670 2257 considerationem

196 2286 297 2318 usque
313 2277 393 2308 adeo
409 2287 476 2309 sum
493 2285 679 2318 occaecatus,
697 2284 730 2310 ut
746 2290 783 2312 ea
797 2281 904 2322 etiam,
920 2291 990 2323 quae
1007 2280 1091 2322 prius
1109 2278 1273 2311 manifeste
1289 2279 1436 2317 sciebam,
1452 2283 1487 2310 ut
1497 2278 1571 2310 mihi
1583 2278 1670 2310 aliis-

196 2341 260 2372 que
275 2330 451 2369 videbatur,
469 2332 674 2375 dediscerem,
687 2339 719 2365 et
733 2334 795 2365 alia
810 2335 958 2367 videlicet
975 2335 1083 2372 multa,
1100 2345 1170 2376 quae
1186 2339 1280 2366 antea
1295 2344 1344 2365 me
1359 2331 1438 2365 scire
1459 2332 1620 2374 putabam,
1636 2336 1670 2364 et

195 2393 259 2425 qua
271 2384 391 2417 ratione
407 2386 501 2417 homo
518 2392 650 2419 crescat.
674 2389 704 2419 id
730 2399 865 2431 namque
887 2389 1038 2431 opinabar
1059 2395 1132 2420 ante
1156 2398 1224 2420 esse
1240 2387 1369 2419 cuilibet
1386 2385 1597 2425 manifestum,
1611 2387 1669 2418 lio-

195 2438 310 2469 minem
327 2438 477 2471 videlicet
490 2451 543 2481 per
559 2442 661 2473 cibum
678 2447 854 2486 potumque
869 2443 986 2486 augeri.
1033 2443 1170 2482 Quando
1186 2442 1270 2474 enirn
1287 2452 1343 2484 per
1357 2442 1425 2474 haec
1446 2451 1554 2473 carnes
1569 2440 1670 2473 carni-

195 2491 254 2522 bus
271 2502 403 2535 ossaque
419 2494 540 2526 ossibus
563 2496 733 2534 adduntur,
749 2498 928 2540 eodemque
951 2498 1046 2528 modo
1070 2498 1102 2528 in
1126 2495 1207 2533 aliis,
1224 2496 1353 2538 quando
1379 2505 1436 2527 sua
1450 2495 1565 2537 cuique
1580 2493 1672 2527 adhi-

195 2545 319 2584 bentur,
336 2551 411 2578 tunc
427 2557 502 2580 sane
519 2550 630 2581 molem
649 2551 748 2593 primo
764 2562 902 2594 parvam,
919 2551 1035 2584 deinde
1052 2562 1195 2594 magnam
1211 2551 1355 2588 evadere,
1373 2555 1466 2592 atque
1482 2550 1526 2581 ita
1540 2560 1669 2592 parvum

197 2600 356 2631 hominem
374 2601 454 2633 effici
482 2614 639 2646 magnum.
686 2605 738 2637 Sic
761 2617 821 2648 ego
844 2611 919 2638 tunc
943 2606 1105 2648 opinabar.
1129 2616 1235 2637 nonne
1257 2605 1332 2636 satis
1357 2604 1439 2636 belle
1465 2603 1523 2636 tibi
1539 2603 1670 2636 videor?

203 2653 265 2687 ce.
288 2654 373 2686 Mihi
390 2657 528 2698 quidem.
573 2659 629 2693 So.
653 2658 879 2693 Animadverte
902 2661 970 2693 haec
996 2661 1134 2703 insuper.
1180 2659 1363 2692 Arbitrabar
1386 2657 1482 2697 enirn,
1498 2657 1572 2690 satis
1587 2662 1670 2690 recte

201 2706 278 2739 mihi
294 2707 403 2747 videri,
417 2710 560 2752 quotiens
584 2713 742 2746 hominem
756 2714 806 2746 vel
820 2725 947 2757 equum,
963 2725 1111 2758 magnum
1128 2725 1223 2757 parvo
1241 2714 1463 2757 propinquum,
1478 2712 1608 2745 alterum
1624 2710 1671 2744 al-

202 2765 268 2792 tero
279 2760 455 2803 judicarem
467 2765 571 2808 capite
586 2767 657 2809 ipso
673 2778 740 2800 esse
756 2769 915 2811 majorem.
940 2775 1034 2813 atque
1050 2769 1149 2801 multo
1165 2769 1260 2801 etiam
1272 2767 1449 2801 evidentius
1460 2767 1568 2800 decem
1581 2765 1672 2809 plura

201 2817 395 2856 apparebant
410 2818 485 2850 milri
501 2831 594 2862 quam
611 2826 683 2853 octo
699 2828 878 2865 propterea,
902 2825 988 2867 quod
1017 2823 1163 2856 denarius
1178 2824 1242 2855 duo
1259 2828 1369 2866 praeter
1384 2821 1577 2854 octonarium
1591 2829 1669 2853 con-

202 2868 326 2903 tineret.
350 2877 499 2913 praeterea
514 2874 687 2908 bicubitum
703 2878 831 2909 cubitali
847 2878 959 2921 majus,
975 2878 1124 2922 quoniam
1140 2878 1271 2910 dimidio
1286 2882 1456 2920 superaret.
1490 2875 1551 2909 ΟΞ.
1571 2871 1668 2907 Nunc

202 2934 276 2955 vero
292 2925 442 2968 quidnam
459 2928 498 2960 de
514 2929 561 2961 his
572 2929 698 2972 jndIcas
714 2932 724 2962 ?
771 2933 825 2965 So.
849 2933 964 2966 Procul
981 2934 1141 2977 equidem,
1158 2944 1214 2976 per
1224 2933 1351 2974 Jovem,
1367 2932 1475 2963 abesse
1490 2928 1566 2961 mihi
1579 2928 1669 2960 vide-

207 2987 252 3015 or,
271 2985 304 3010 ut
331 2980 464 3025 alicujus
489 2984 597 3018 horum
620 2995 743 3018 causam
769 2987 942 3032 intelligere
960 2994 1080 3033 putem,
1096 2988 1151 3032 qui
1165 2987 1304 3020 nondum
1321 2985 1395 3019 mibi
1411 2984 1471 3029 ipsi
1485 2983 1671 3029 persuadere
