1846 3268
262 287 340 325 344
867 286 1133 329 PLATOle
1623 296 1720 346 [224

258 388 340 420 inter
354 388 495 431 ejusdem
511 388 594 425 urbis
610 389 692 422 cives
704 388 880 428 conficitur,
896 400 989 436 quam
1005 390 1225 433 cauponariam
1240 401 1399 426 vocamus.
1423 398 1477 425 aut
1491 393 1572 427 inter
1585 395 1670 430 cives
1684 402 1718 430 et

257 441 436 484 peregrinos
450 444 584 479 emendo
599 448 632 476 et
655 443 822 482 vendendo
838 453 886 477 res
902 444 942 476 de
957 444 1034 476 urbe
1049 444 1110 476 alia
1125 444 1158 476 in
1173 445 1265 481 aliam
1279 451 1513 494 permutantur,
1527 459 1622 494 quam
1637 460 1717 483 mer.

254 501 392 533 caturam
416 497 559 530 dicimus.
590 497 680 531 Tne.
703 497 850 535 Quidni?
882 496 949 530 Ho.
972 498 1151 531 Mercatura
1166 504 1314 541 praeterea
1328 501 1469 543 duplex:
1495 501 1591 534 altera
1606 503 1647 535 ad
1669 504 1716 536 vi-

251 554 340 583 ctum
355 550 491 593 corporis
505 555 649 595 spectat3
673 551 770 583 altera
785 551 827 583 ad
842 551 937 584 animi
952 551 1163 594 disciplinam,
1176 558 1408 598 commutatque
1420 555 1553 587 nummis
1564 557 1716 601 eruditio-

252 612 336 637 nem.
379 604 467 637 Tan.
491 605 764 644 Quemadmodum
780 605 883 639 dicis?
928 604 996 640 Ho.
1019 605 1115 650 Quod
1131 607 1171 639 ad
1187 607 1323 640 animum
1339 608 1463 648 attinet,
1478 609 1605 642 forsitan
1620 598 1713 654 igno-

250 666 365 690 ramus.
388 668 460 690 nam
483 660 569 703 quod
598 659 639 691 ad
664 670 792 702 corpus,
817 659 1027 702 agnoscimus„
1069 660 1157 693 Tun.
1180 660 1317 704 Nempe.
1361 662 1429 695 Ho.
1452 662 1533 694 Eum
1557 665 1714 707 profecto,

248 709 348 754 [224]
372 712 426 756 qui
441 713 590 746 musicam
604 712 679 746 alibi
694 714 821 756 quidem
836 713 987 749 discendo
1002 714 1090 751 emit,
1113 715 1187 746 alibi
1202 715 1347 748 docendo
1371 716 1491 758 vendit,
1507 717 1711 751 literaturam·

249 774 311 807 que
325 766 466 801 similiter
479 772 512 800 et
525 767 682 810 praestigia
695 773 877 810 ceterasque
893 767 988 800 animi
1003 768 1187 810 disciplinas
1201 774 1262 801 tam
1274 770 1366 802 serias
1377 781 1470 815 quam
1477 770 1618 813 jocosas,
1628 783 1710 805 mer-

246 824 383 852 catorem
396 820 494 852 nihilo
504 821 606 855 minus
617 831 710 863 quam
721 821 859 864 corporis
870 820 1018 854 alimenta
1028 822 1215 854 vendentem
1229 823 1374 858 dicimus.
1397 823 1485 856 Tun.
1501 825 1583 857 Vera
1592 836 1710 860 narras.

245 871 314 903 Ho.
337 872 454 906 Nonne
467 874 556 909 illurn
580 875 721 907 similiter
734 875 919 917 appellabis,
934 876 988 917 qui
1003 875 1185 918 disciplinas
1207 878 1340 909 nummis
1359 883 1518 920 empturus
1533 885 1708 913 commuta-

245 930 394 969 turusque
408 927 500 959 ‘urbes
522 928 621 960 varias
635 927 769 960 circuit?
812 929 898 963 Tus.
921 929 1070 961 Similiter
1083 935 1178 961 certe.
1223 930 1290 963 Ho.
1314 930 1506 972 Hujusmodi
1528 938 1706 966 mercatum

243 990 315 1022 pars
329 982 474 1024 quaedam
489 982 731 1014 demonstrativa
745 987 894 1014 vocatur:
919 993 989 1026 pars
1003 983 1100 1015 altera
1120 983 1252 1016 ridicula
1275 985 1486 1023 nihilominus,
1501 996 1571 1018 cum
1587 987 1629 1018 sit
1640 988 1706 1020 dis·

242 1037 427 1079 ciplinarum
457 1037 608 1073 venditio,
637 1036 792 1068 consimili
821 1037 957 1078 quodam
986 1036 1177 1069 venditionis
1204 1043 1413 1081 cognomento
1430 1040 1582 1071 vocanda.
1613 1040 1704 1074 Tru.

241 1091 383 1124 Prorsus.
429 1091 494 1125 Ho.
515 1090 591 1123 Alio
621 1101 694 1123 vero
710 1090 836 1122 nomine
861 1091 1091 1133 nuncupandus
1118 1091 1172 1133 qui
1200 1091 1366 1124 facultates
1388 1091 1464 1124 alias
1486 1093 1607 1131 vendit,
1635 1094 1699 1127 alio

239 1144 295 1187 qui
319 1150 477 1188 praecepta
496 1145 657 1177 virtutum.
701 1144 790 1177 Tru-2.
812 1143 903 1176 Nihil
925 1145 1080 1187 prohibet.
1124 1145 1192 1177 Ho.
1215 1145 1295 1177 Eum
1321 1157 1408 1184 sane,
1433 1146 1488 1189 qui
1509 1146 1587 1179 alias
1600 1147 1702 1180 facul-

237 1204 317 1231 tates
346 1200 520 1243 venundat,
549 1199 660 1231 artium
686 1200 878 1231 venditorem
911 1199 1071 1230 nominare
1093 1199 1208 1233 decet:
1245 1200 1300 1231 sed
1337 1211 1410 1232 eum
1446 1200 1616 1241 hominem,
1646 1201 1702 1246 qui

236 1264 338 1286 mores
362 1255 506 1286 mercede
532 1254 638 1296 uadit,
663 1264 727 1296 quo
754 1254 881 1285 nominc
904 1253 1126 1296 nuncupabis?
1158 1253 1313 1297 Nunquid
1335 1254 1426 1286 aliter
1439 1254 1509 1297 quis
1522 1259 1606 1287 recte
1624 1265 1700 1298 cog-

235 1309 396 1343 nominare
410 1309 494 1340 hunc
509 1313 625 1351 potest,
641 1318 733 1350 quam
749 1308 833 1350 quod
850 1318 935 1339 nunc
957 1307 1134 1350 quaerimus,
1150 1307 1320 1350 sophistam
1333 1309 1345 1339 ?
1389 1308 1474 1340 Tim.
1496 1308 1594 1340 Haud
1608 1309 1700 1342 aliter

233 1362 387 1403 profecto.
430 1362 499 1395 Ho.
522 1363 541 1395 J
545 1373 594 1393 arn
610 1362 705 1404 igitur
719 1361 944 1394 concludamus
958 1362 1041 1393 hunc
1057 1362 1090 1392 in
1106 1362 1232 1393 modurn
1249 1362 1444 1404 colligentes,
1456 1362 1542 1405 quod
1556 1363 1695 1395 secunda

228 1415 434 1458 inquisitione
466 1416 606 1458 sophista
635 1416 725 1447 nobis
754 1415 902 1457 apparuit
926 1415 1096 1457 acquisitor
1121 1415 1289 1457 ejusmodi,
1325 1415 1446 1448 scilicet
1474 1421 1694 1456 commutator,

232 1474 355 1511 emptor
369 1475 402 1502 et
415 1469 570 1507 venditor,
586 1474 737 1501 mercator
751 1466 910 1510 videlicet,
925 1469 979 1511 qui
995 1469 1090 1500 animi
1107 1469 1289 1511 disciplinas
1304 1470 1476 1508 venundat,
1486 1470 1526 1501 ad
1535 1480 1693 1502 semones

229 1523 435 1566 institutaque
449 1523 597 1555 virtutum
620 1523 778 1566 praecipua
802 1522 1005 1565 pertinentes.
1047 1523 1133 1556 Tun.
1158 1523 1273 1556 Valde.
1317 1522 1386 1555 Ho.
1407 1523 1513 1556 Tertio
1534 1534 1636 1556 rursus
1657 1529 1691 1556 te

230 1577 373 1609 similiter
386 1577 558 1620 sophistam
575 1582 754 1609 vocaturum
770 1577 855 1609 hunc
868 1576 1007 1614 arbitror,
1023 1578 1077 1620 qui
1093 1577 1202 1608 eadem
1225 1577 1259 1608 in
1275 1578 1350 1608 urbe
1364 1587 1560 1619 permanens,
1577 1579 1690 1620 partim

227 1632 315 1670 emit,
329 1631 440 1674 partim
454 1631 523 1674 ipse
533 1625 695 1673 ‘excogitat
710 1630 905 1672 disciplinas,
920 1631 1123 1672 comparandi
1138 1630 1239 1662 victus
1249 1623 1352 1673 gratia
1363 1629 1554 1662 venditurus.
1598 1628 1688 1660 Tru.

226 1685 315 1717 Nihil
330 1687 443 1717 obstat.
486 1685 554 1718 Ho.
577 1685 754 1727 Sophistam
779 1684 874 1727 igitur
895 1685 1068 1727 appellabis
1094 1695 1177 1722 eum,
1200 1685 1255 1727 qui
1277 1684 1310 1715 in
1333 1684 1524 1726 acquirendo
1539 1687 1688 1722 versatur,

223 1745 397 1773 commutat
421 1739 542 1772 scilicet
564 1746 598 1771 et
622 1740 710 1782 emit,
735 1740 904 1781 venditque
928 1739 1162 1781 cauponando;
1185 1739 1250 1770 sive
1276 1749 1332 1770 sua
1355 1739 1483 1770 inventa
1503 1738 1568 1770 sive
1582 1736 1687 1768 aliena

218 1795 305 1829 >circa
318 1794 440 1830 virtutis
457 1794 562 1826 studia
575 1794 703 1826 vendat.
747 1793 835 1825 Tim.
859 1792 998 1825 Necesse
1013 1799 1081 1833 est3
1103 1792 1218 1824 rationi
1233 1792 1259 1823 si
1275 1793 1403 1835 quidem
1418 1792 1561 1824 assentiri
1581 1792 1687 1824 decet.

221 1849 289 1882 Ho.
315 1849 488 1880 Videamus
502 1849 628 1886 iterum,
643 1852 744 1879 utrum
767 1848 854 1889 quod
870 1846 902 1877 in
928 1847 1093 1888 praesentia
1108 1846 1274 1888 quaerimus
1289 1857 1400 1888 genus,
1425 1845 1590 1888 cujusdam
1613 1845 1685 1878 talis

220 1903 321 1943 simile
336 1903 386 1935 sit.
411 1903 510 1946 [225]
533 1902 622 1935 Tan.
645 1901 817 1944 Cujusnam
831 1901 842 1933 ἒ
887 1901 956 1934 Ηο.
979 1901 1057 1943 Ejus
1068 1901 1151 1938 artis,
1165 1911 1234 1942 quae
1247 1901 1287 1932 ad
1299 1901 1523 1943 acquirendum
1538 1901 1685 1943 perfluet,

219 1968 290 2000 pars
316 1958 460 1999 quaedam
483 1956 624 1988 certandi
648 1955 780 1987 facultas
804 1959 880 1986 erat.
923 1954 950 1986 T
953 1965 1010 1986 ruz.
1032 1954 1108 1985 Erat
1130 1959 1223 1986 certe.
1267 1953 1335 1985 Ho.
1359 1953 1452 1985 Haud
1474 1953 1571 1996 igitur
1594 1955 1635 1986 ab
1650 1965 1682 1987 re

218 2013 289 2048 erit,
305 2011 443 2045 bifariam
469 2009 554 2041 illam
570 2009 721 2041 dividere.
765 2008 853 2040 Tru-:-
877 2009 964 2046 Quas
989 2008 1021 2039 in
1048 2013 1150 2050 partes
1174 2006 1319 2039 divides?
1363 2008 1432 2039 Ho.
1454 2007 1527 2040 Una
1549 2009 1679 2051 quidem

216 2071 351 2109 pugnat,
365 2069 519 2108 repugnat
541 2064 648 2095 altera.
691 2063 776 2095 ΤΚΒ.
802 2063 931 2095 Verum.
977 2062 1044 2094 Ho.
1068 2062 1181 2104 Pugna
1204 2062 1312 2104 utique
1334 2062 1471 2104 corporis
1485 2063 1526 2094 ad
1551 2073 1678 2106 corpus,

218 2119 372 2152 violentia
386 2129 521 2160 congrue
537 2123 747 2160 nuncupatur.
791 2117 879 2149 Tne.
903 2117 1060 2159 Congrue.
1104 2116 1170 2149 Ho.
1195 2117 1275 2154 Quae
1295 2121 1400 2148 autem
1415 2117 1516 2148 verbis
1531 2117 1678 2149 adversus

212 2175 307 2207 verba
321 2172 535 2210 committitur,
549 2172 746 2214 ambiguitas.
788 2171 873 2203 Trm.
897 2172 1001 2204 Certe.
1046 2171 1112 2202 Ho.
1136 2170 1360 2213 Ambiguitatis
1374 2172 1445 2202 duae
1460 2172 1679 2214 sunt-species.

214 2228 303 2259 Tne.
325 2228 405 2265 Quae
419 2227 431 2258 ?
476 2226 544 2259 Ho.
568 2226 706 2264 Quando
721 2227 861 2258 oratione
874 2231 1026 2268 perpetua
1041 2225 1166 2268 publice
1180 2226 1221 2256 de
1238 2224 1334 2266 justis
1348 2224 1514 2267 injustisve
1528 2231 1675 2264 certatur,

209 2281 372 2322 judicialis
386 2281 594 2313 controversia
604 2280 793 2311 nominatur.
836 2280 924 2312 Tun.
946 2279 996 2310 Ita
1011 2283 1069 2311 est.
1115 2278 1183 2312 Ηο.
1207 2278 1288 2311 Cum
1301 2289 1371 2310 vero
1387 2279 1530 2321 privatim
1546 2279 1672 2325 minutis

211 2336 399 2378 quibusdam
414 2334 744 2377 argumentatiunculis
758 2334 979 2375 interrogando
1002 2333 1285 2375 respondendoque
1311 2333 1522 2371 contenditur,
1547 2339 1671 2366 contra-

211 2390 382 2426 dictionem
398 2389 557 2432 appellare
572 2389 717 2420 solemus.
760 2387 846 2420 Tus.
869 2388 923 2420 Sic
946 2388 1067 2430 utique.
1111 2387 1177 2418 Ηο.
1200 2386 1417 2419 contradictio
1433 2397 1536 2429 porro,
1551 2398 1621 2430 quae
1635 2388 1671 2420 in

210 2444 405 2476 commerciis
429 2448 588 2486 utcunque
614 2443 770 2485 contingit
792 2447 825 2474 et
848 2443 964 2484 absque
989 2448 1055 2473 arte
1080 2441 1127 2478 fit,
1154 2446 1189 2472 ut
1214 2441 1334 2482 species
1360 2442 1504 2483 quaedam
1531 2452 1668 2475 seorsum

209 2499 357 2540 ponenda
371 2503 439 2530 est:
463 2498 508 2530 sic
523 2497 606 2529 enim
621 2498 699 2529 ratio
714 2497 753 2528 ab
769 2496 837 2528 aliis
850 2496 936 2528 illam
951 2496 1121 2536 discernstg
1145 2495 1304 2537 proprium
1331 2506 1403 2527 vero
1424 2502 1668 2539 cognomentum

208 2562 267 2583 nec
282 2553 321 2584 ab
336 2552 472 2594 antiquis
487 2553 622 2594 accepit,
638 2563 741 2595 neque
756 2562 841 2584 nunc
865 2562 883 2583 a
904 2550 994 2582 nobis
1019 2549 1177 2593 accipietz
1199 2560 1301 2592 neque
1325 2550 1409 2581 enim
1431 2552 1533 2583 decet.
1576 2551 1666 2586 Tus.

207 2606 322 2638 Procul
339 2606 446 2639 dubio.
492 2606 558 2640 Ho.
583 2606 620 2638 In
638 2607 721 2638 varia
737 2617 872 2648 namque
887 2612 920 2637 et
935 2605 1062 2636 minima
1076 2604 1248 2637 scinditur:
1271 2614 1341 2646 quae
1357 2609 1461 2636 autem
1477 2611 1542 2638 arte
1557 2617 1666 2649 proce·

206 2660 266 2701 dit,
281 2666 314 2692 et
329 2661 369 2692 de
378 2660 474 2702 justis
488 2661 652 2702 injustisve
674 2666 707 2692 et
722 2661 762 2692 de
787 2659 856 2692 aliis
878 2659 1047 2702 generatim
1074 2658 1215 2701 ambigit,
1238 2657 1372 2700 litigium
1398 2659 1550 2702 appellari
1572 2660 1662 2692 solet.

204 2714 293 2746 Trin-
316 2713 428 2746 Plane.
473 2714 537 2746 Ηο.
561 2714 709 2756 Litigium
724 2714 839 2756 duplex
855 2725 863 2746 :
887 2714 1017 2745 alterum
1034 2712 1251 2755 patrimonium
1266 2713 1408 2754 dissipat,
1424 2713 1553 2746 alterum
1563 2724 1663 2757 pecu·

203 2767 273 2799 nias
288 2767 440 2800 cumulat.
483 2769 569 2800 Tun.
593 2768 742 2800 Omnino.
787 2767 851 2800 Ho.
875 2768 970 2805 Quod
995 2767 1100 2809 itaque
1124 2766 1248 2809 utrique
1273 2766 1470 2798 tribuendum
1490 2767 1531 2799 sit
1543 2778 1662 2811 cogno-

203 2826 353 2860 mentum,
367 2822 505 2854 invcnire
521 2833 679 2856 conemur.
722 2823 810 2854 Tin-:-
833 2823 979 2864 Oportet.
1024 2821 1089 2853 Ho.
1114 2821 1304 2863 Quicunque
1326 2820 1537 2854 contentionis
1549 2821 1661 2864 hujus-

202 2876 288 2908 modi
304 2876 409 2908 studio
427 2877 600 2909 delectatus
613 2886 659 2908 res
677 2887 746 2909 suas
759 2876 902 2919 negligit,
913 2876 1005 2908 verba
1019 2881 1122 2908 autern
1134 2876 1333 2908 audientibus
1342 2875 1487 2917 jucunda
1497 2877 1660 2920 componit

201 2936 234 2962 et
255 2930 497 2973 quaestiunculas
511 2941 632 2972 semper
647 2936 832 2973 aucupatur,
857 2941 920 2961 non
936 2930 1038 2972 aliter,
1054 2935 1088 2961 ut
1111 2940 1180 2962 mea
1195 2929 1254 2961 fert
1268 2929 1387 2972 opinio,
1407 2939 1499 2972 quam
1523 2936 1657 2973 nugator

201 2989 233 3016 ct
256 2985 395 3027 garrulus
418 2988 466 3016 est
491 2985 660 3017 vocandus.
704 2984 790 3017 Tun.
814 2984 868 3016 Sic
882 2984 1002 3027 utique.
1046 2984 1111 3016 Ho-
1135 2983 1182 3015 At
1198 2994 1268 3015 vero
1282 2983 1387 3028 quiex
1403 2984 1529 3027 privatis
1550 2986 1659 3028 litigiis

201 3038 342 3081 pecuniis
368 3038 564 3071 cumulandis
589 3039 752 3078 incumbit,
776 3039 935 3082 quomodo
962 3039 1121 3072 vocandus
1148 3038 1199 3077 sit,
1225 3043 1258 3070 tu
1284 3049 1367 3072 nunc
1394 3039 1461 3072 vice
1488 3045 1541 3073 tua
1559 3040 1656 3074 fretus
