1846 3268
195 286 293 337 409]
774 285 1068 327 CRATYLUS.
1596 289 1671 328 321

193 393 263 430 erit,
279 394 305 426 si
320 393 486 426 dixerimus
501 391 635 425 voluisse
650 393 737 425 illum
753 394 913 436 appellare
936 405 1005 427 eam
1028 395 1206 434 Ethenoen,
1228 395 1318 439 quasi
1336 395 1408 438 ipsa
1422 395 1454 426 in
1470 406 1555 427 more
1570 395 1665 427 intel-

194 446 323 488 ligentia
336 448 387 481 sit.
410 449 478 490 ipse
494 448 704 490 postmodum,
720 449 769 481 vel
788 449 881 480 etiam
907 450 1103 491 posteriores,
1128 451 1159 481 in
1177 450 1352 493 pulchrius,
1367 454 1403 481 ut
1417 450 1591 487 videbatur,
1608 451 1665 481 ali-

193 502 270 543 quid
300 503 516 544 producendo,
542 502 718 534 Atheneam
749 503 1001 535 denominarunt.
1046 504 1169 538 Hsnm.
1206 505 1293 542 Quid
1324 505 1364 536 de
1392 503 1539 536 Vulcano
1570 515 1665 546 quem

196 554 367 597 Ephaeston
383 556 571 588 nominant?
616 557 673 590 So.
697 557 783 595 Quid
799 558 865 589 ais?
890 569 965 589 num
980 569 1163 600 generosum
1179 559 1282 600 ipsum
1295 560 1404 601 phaeos
1418 558 1547 596 histora,
1563 559 1596 589 id
1619 564 1668 590 est

195 608 321 640 luminis
349 611 525 653 praesidem,
540 612 674 653 quaeris?
721 613 844 645 Herm.
869 612 965 644 Hunc
989 614 1137 655 quaesisse
1159 613 1279 645 videor.
1324 614 1380 645 So.
1405 613 1480 654 Hic,
1495 618 1532 644 ut
1547 613 1664 654 cuique

188 667 302 704 *patere
319 668 434 705 potest,
450 665 591 696 Phaestos
607 671 665 703 est,
682 671 714 698 et
726 678 743 698 e
759 667 818 698 sibi
829 667 988 700 vendicat.
1011 668 1095 698 unde
1107 666 1285 709 Ephaestos,
1302 666 1334 698 id
1347 672 1394 699 est
1405 666 1531 698 luminis
1542 677 1668 708 praeseS,

191 722 241 748 est
255 718 368 751 dictus.
413 719 536 753 HERM.
559 719 723 763 Apparet:
748 722 810 753 nisi
833 721 890 752 tibi
915 732 1042 764 quoquo
1058 721 1151 752 modo
1175 721 1278 753 adhuc
1303 720 1395 752 aliter
1410 721 1562 752 videatur.
1607 721 1664 752 So.

197 771 246 803 At
257 783 298 804 ne
310 774 452 806 videatur
461 774 562 812 aliter,
576 777 616 807 de
628 776 733 807 Marte
741 776 909 818 interroga.
955 777 1079 807 Hemu.
1102 776 1277 817 Interrogo.
1323 775 1379 807 So.
1403 775 1435 806 Si
1449 775 1563 817 placet,
1575 775 1666 814 Ares,

195 826 228 858 id
253 832 300 858 est
325 826 425 867 Mars,
450 829 566 861 dicitur
588 830 761 861 secundum
788 840 886 867 arten,
911 830 944 861 id
971 835 1019 861 est
1044 829 1230 870 masculum,
1250 833 1283 860 et
1303 829 1447 867 andrion,
1462 829 1496 860 id
1512 833 1559 861 est
1574 829 1667 861 forte.

195 881 282 919 Quin
297 882 403 924 etiam,
418 883 444 914 si
459 884 591 916 volueris
607 885 647 915 ob
662 889 803 916 naturam
819 885 976 927 quandam
991 895 1143 926 asperam,
1159 885 1266 915 duram
1280 889 1376 926 atque
1391 883 1539 915 invictam
1554 883 1666 915 immu-

196 936 398 979 tabilemque,
413 939 498 979 quod
515 943 615 970 totum
635 945 757 971 arraton
780 939 974 981 appellatur,
991 938 1075 970 Aren
1091 943 1236 970 vocatum
1252 938 1359 975 fuisse,
1374 939 1435 969 hoc
1451 948 1578 980 quoque
1593 937 1667 968 Deo

194 991 321 1032 penitus
337 992 485 1023 bellicoso
501 993 679 1025 conveniet.
723 993 845 1025 HERM.
869 993 1012 1025 Prorsus.
1057 993 1114 1024 So.
1137 992 1225 1023 Deos
1245 991 1309 1034 jam
1333 992 1504 1033 mittamus,
1519 1002 1574 1034 per
1588 992 1666 1023 deos

195 1044 336 1078 obsecro.
358 1056 430 1076 nam
447 1046 487 1077 de
502 1047 550 1078 his
567 1047 714 1079 disserere
730 1058 847 1079 vereor.
891 1047 943 1078 Ad
959 1047 1020 1078 alia
1035 1057 1108 1077 vero
1124 1056 1321 1088 quaecunque
1335 1045 1394 1083 vis,
1406 1057 1455 1078 me
1473 1055 1618 1088 provoca,
1632 1050 1669 1076 ut

197 1098 305 1140 quales
320 1099 557 1142 Euthyphronis
572 1100 645 1143 equi
661 1101 736 1138 sint,
759 1102 892 1133 noveris.
939 1100 1062 1132 Hmm.
1084 1100 1209 1132 Faciam
1226 1105 1262 1131 ut
1288 1101 1382 1142 petis,
1400 1100 1425 1131 si
1448 1111 1544 1131 unum
1561 1101 1602 1131 de
1618 1110 1668 1131 me

196 1154 380 1195 quaesivero.
404 1165 452 1185 me
476 1155 630 1197 siquidem
658 1155 806 1199 Cratylus
831 1156 1064 1198 Hermogenem
1091 1165 1159 1187 esse
1184 1159 1291 1196 negat.
1313 1154 1535 1196 investigemus
1559 1154 1667 1196 itaque

193 1207 269 1249 quid
284 1208 417 1250 Hermu,
432 1209 464 1239 id
481 1215 529 1240 est
543 1208 694 1241 Mercurii
709 1220 822 1241 nomen
839 1210 1017 1252 significet:
1040 1213 1077 1240 ut
1092 1208 1117 1240 si
1133 1208 1209 1251 quid
1227 1208 1291 1240 veri
1306 1208 1358 1240 hic
1381 1208 1530 1250 loquitur,
1552 1208 1662 1239 videa-

192 1271 273 1294 mus.
317 1263 374 1294 So.
397 1262 541 1304 Hermes,
565 1264 598 1295 id
623 1269 671 1295 est
697 1264 885 1305 Mercurius,
911 1264 950 1295 ad
975 1273 1148 1295 sermonem
1177 1262 1331 1304 pertinere
1355 1261 1489 1298 videtur,
1505 1267 1661 1304 quatenus

193 1316 370 1348 hermineus
386 1322 445 1354 est,
461 1317 519 1349 hoc
532 1324 580 1349 est
594 1318 744 1360 interpres
759 1323 792 1350 et
807 1318 947 1355 nuntius,
963 1317 1096 1348 furtivus
1110 1317 1143 1348 in
1157 1317 1318 1359 loquendo
1335 1317 1491 1353 seductor,
1507 1326 1543 1347 ac
1567 1315 1666 1358 [408]

196 1371 364 1402 vehemens
377 1372 591 1403 concionator.
614 1377 714 1403 totum
731 1373 764 1404 id
782 1373 865 1404 circa
881 1383 1053 1404 sermonem
1069 1376 1218 1404 versatur.
1232 1371 1386 1413 profecto,
1401 1370 1667 1413 quemadmodum

189 1422 223 1455 in
239 1424 446 1465 superioribus
470 1425 615 1463 diximus,
631 1426 688 1457 irin
705 1427 854 1458 sermonis
870 1432 917 1458 est
932 1437 1017 1458 usus.
1061 1426 1153 1467 Saepe
1180 1436 1251 1457 vero
1276 1426 1316 1456 de
1343 1426 1405 1456 hoc
1431 1425 1589 1456 Homerus
1612 1425 1669 1461 ait,

192 1483 341 1516 emesato,
367 1479 399 1510 id
424 1484 472 1511 est
498 1480 693 1512 machinatus
718 1485 776 1512 est.
800 1491 838 1512 ex
862 1480 1004 1522 utrisque
1026 1479 1121 1521 igitur
1143 1489 1258 1510 nomen
1275 1478 1370 1521 hujus
1384 1478 1438 1510 dei
1453 1478 1666 1520 componitur,

195 1536 260 1563 tum
275 1543 313 1564 ex
329 1544 366 1565 eo
380 1535 465 1576 quod
481 1534 568 1577 loqui
584 1540 642 1572 est,
660 1540 724 1566 tum
740 1546 778 1567 ex
794 1546 831 1566 eo
847 1536 931 1576 quod
949 1534 1118 1566 machinari
1133 1538 1165 1565 et
1175 1532 1350 1575 excogitare
1363 1532 1518 1565 dicenda:
1538 1533 1669 1574 perinde

194 1595 231 1618 ac
257 1587 284 1618 si
310 1588 446 1620 nominis
471 1594 579 1620 auctor
605 1590 696 1620 nobis
723 1590 922 1631 praeciperet,
950 1589 1011 1620 Par
1036 1593 1096 1626 est,
1123 1599 1142 1619 o
1168 1587 1237 1628 viri,
1260 1592 1296 1618 ut
1319 1588 1412 1618 deum
1429 1587 1516 1618 illum
1541 1587 1594 1628 qui
1610 1587 1668 1618 irin

195 1646 345 1678 emesato,
358 1642 393 1673 id
408 1646 456 1673 est
470 1642 556 1685 loqui
572 1643 766 1675 machinatus
782 1649 840 1679 est,
856 1643 978 1674 Iremen
996 1642 1126 1675 vocetis.
1170 1641 1240 1672 Nos
1255 1645 1371 1678 autem,
1388 1640 1527 1672 arbitrati
1543 1641 1586 1672 sic
1603 1640 1669 1672 ele-

192 1695 321 1735 gantius
335 1696 453 1739 eloqui,
469 1697 608 1729 Hermen
625 1707 783 1729 vocamus.
828 1697 916 1734 Quin
939 1696 1034 1728 etiam
1058 1696 1116 1727 Iris
1139 1696 1178 1726 ab
1205 1706 1243 1727 eo
1259 1695 1344 1737 quod
1362 1695 1431 1732 irin,
1448 1695 1481 1725 id
1498 1699 1546 1725 est
1568 1694 1669 1736 loqui,

195 1759 311 1780 nomen
326 1751 434 1793 habet,
449 1756 613 1793 propterea
636 1753 720 1794 quod
739 1752 850 1782 nuntia
866 1756 924 1783 est.
970 1750 1093 1782 HEnM.
1119 1750 1221 1781 Probe
1237 1749 1360 1780 medius
1385 1749 1478 1780 fidius
1494 1748 1670 1790 Hermoge-

194 1815 266 1836 nem
282 1816 349 1837 esse
365 1816 414 1837 me
431 1806 579 1849 Cratylus
595 1807 755 1849 negavisse
771 1807 905 1838 videtur.
929 1806 968 1837 ad
985 1804 1134 1836 orationis
1151 1804 1234 1836 enim
1245 1804 1459 1835 inventionem
1476 1803 1571 1835 hebes
1587 1813 1668 1834 sum.

194 1859 249 1892 So.
273 1859 527 1892 Consentaneum
543 1872 680 1903 quoque,
698 1862 810 1899 amice,
834 1861 922 1893 Pana
945 1860 1107 1892 biformem
1131 1859 1230 1890 filium
1256 1869 1323 1890 esse
1338 1858 1499 1890 Mercurii.
1545 1857 1671 1890 namu.

193 1912 266 1950 Qua
287 1907 431 1946 ratione?
477 1915 530 1948 So,
553 1916 632 1954 Scis,
657 1916 744 1958 quod
770 1926 869 1947 sermo
897 1926 971 1956 pan,
996 1915 1028 1946 id
1054 1920 1103 1946 est
1128 1925 1232 1951 omne,
1256 1912 1611 1954 significat,circuitque
1635 1917 1668 1943 et

191 1969 291 2000 volvit
305 1980 437 2012 semper,
454 1975 564 2013 estque
586 1971 740 2013 geminus,
763 1981 854 2002 verus
877 1970 1026 2002 videlicet
1041 1980 1078 2001 ac
1092 1969 1200 2001 falsus.
1247 1968 1369 1999 Hm.
1391 1967 1560 2010 Equidem.
1607 1967 1667 1998 So.

190 2022 246 2054 An
262 2034 325 2055 non
340 2024 374 2055 id
397 2025 481 2066 quod
498 2025 530 2055 in
545 2035 685 2057 sermone
701 2034 818 2061 verum,
835 2024 904 2056 leve
928 2029 977 2055 est
993 2028 1089 2067 atque
1108 2023 1266 2064 divinum,
1281 2032 1436 2065 supraque
1453 2022 1486 2052 in
1502 2022 1562 2053 diis
1578 2022 1667 2053 habi-

191 2079 285 2110 tans?
308 2083 417 2110 contra
438 2080 523 2122 quod
544 2079 669 2122 falsum,
695 2079 774 2111 infra
803 2079 839 2111 in
854 2078 1015 2110 hominum
1031 2078 1153 2119 multis,
1169 2088 1258 2120 asper
1274 2082 1369 2121 atque
1386 2076 1521 2118 tragicus
1535 2076 1547 2107 ?
1591 2076 1668 2108 hinc

193 2133 275 2164 enim
291 2133 464 2164 fabularum
479 2139 655 2166 commenta
670 2139 703 2165 et
717 2134 796 2165 salsa
819 2144 912 2176 quam
928 2133 1061 2175 plurima
1077 2133 1160 2164 circa
1176 2132 1323 2173 tragicam
1346 2131 1443 2162 vitam
1459 2130 1669 2173 reperiuntur.

195 2187 319 2218 Hanu-
340 2188 393 2220 Sic
409 2193 456 2220 est
481 2183 619 2223 omnino.
664 2188 718 2220 So.
742 2189 861 2220 Merito
876 2189 971 2230 igitur
993 2187 1047 2230 qui
1063 2192 1111 2219 est
1133 2198 1209 2229 pan,
1225 2187 1256 2217 id
1274 2191 1322 2218 est
1337 2190 1451 2224 totum,
1465 2185 1615 2217 nuntians
1638 2190 1672 2216 ct

191 2241 221 2272 ai
237 2241 346 2283 polon,
361 2243 393 2273 id
409 2248 456 2274 est
470 2253 591 2285 semper
606 2243 761 2283 volutans,
780 2243 848 2274 Pan
872 2242 1003 2284 aepolos,
1020 2242 1159 2273 biformis
1177 2240 1330 2272 Mercurii
1346 2240 1428 2270 filius
1445 2239 1613 2277 diceretur,
1629 2249 1668 2270 ex

194 2295 405 2337 superioribus
420 2296 559 2338 partibus
574 2297 653 2328 lenis
669 2308 706 2329 ac
722 2297 888 2334 delicatus,
903 2307 940 2328 ex
955 2296 1154 2328 inferiorIbus
1168 2306 1259 2337 asper
1269 2299 1363 2336 atque
1375 2294 1524 2327 hircinus
1547 2293 1670 2335 Estque

193 2348 262 2380 Pan
278 2349 326 2381 vel
342 2346 410 2392 ips'e
426 2361 524 2382 sermo
540 2351 589 2382 vel
607 2351 756 2382 sermonis
772 2351 865 2382 frater
915 2350 1071 2392 siquidem
1087 2354 1135 2381 est
1157 2349 1308 2381 Mercurii
1324 2348 1418 2380 filius.
1442 2348 1578 2379 Fratrem
1594 2358 1667 2379 vero

192 2402 276 2434 fratri
292 2403 423 2435 similem
439 2415 507 2437 esse
521 2405 598 2448 quid
616 2406 724 2436 mirum
738 2406 749 2436 ?
795 2405 941 2437 Ceterum
954 2405 1033 2446 jam,
1048 2415 1067 2435 o
1083 2405 1187 2441 beate,
1209 2408 1245 2435 ut
1259 2408 1291 2435 et
1306 2403 1402 2445 paulo
1418 2407 1492 2434 ante
1507 2401 1667 2449 rogabam,

192 2467 367 2489 sermonem
383 2459 423 2490 de
438 2458 500 2490 diis
515 2460 598 2491 hunc
614 2461 845 2502 abrumpamus.
890 2459 968 2490 Hm<
975 2470 1013 2490 M.
1035 2458 1128 2489 Tales
1143 2458 1273 2500 quidem
1287 2458 1374 2495 deos,
1386 2457 1413 2488 si
1425 2457 1482 2494 vis,
1495 2457 1668 2493 mittamus,

193 2520 211 2540 o
227 2511 379 2544 Socrates.
395 2512 575 2554 hujusmodi
590 2525 662 2545 vero
678 2515 822 2556 quaedam
837 2524 1013 2556 percurrere
1029 2513 1104 2555 quid
1119 2511 1404 2554 prohibet,Solem,
1419 2511 1536 2548 lunam,
1548 2510 1669 2548 stellas,

195 2569 317 2603 terram,
334 2566 492 2604 aetherem,
507 2567 624 2606 aerem,
640 2569 760 2611 ignem,
775 2579 900 2610 aquam,
917 2579 969 2599 ver
984 2573 1016 2599 et
1031 2567 1170 2598 annum?
1215 2565 1271 2597 So.
1295 2566 1402 2597 Multa
1416 2570 1489 2597 sunt
1500 2576 1536 2597 ac
1553 2576 1667 2606 magna

196 2628 267 2660 quae
291 2620 440 2660 postulas.
464 2621 488 2652 si
515 2626 617 2653 tamen
648 2628 767 2664 gratum
795 2623 851 2653 tibi
875 2623 1012 2653 futurum
1040 2627 1098 2658 est,
1125 2622 1290 2663 obsequar.
1338 2619 1458 2652 Hmuu.
1482 2620 1667 2661 Pergratum

195 2674 302 2714 plane.
348 2674 404 2704 So.
427 2674 512 2711 Quid
529 2675 662 2717 primum
679 2677 806 2718 poscis?
830 2687 883 2714 an,
899 2681 934 2707 ut
948 2677 1018 2718 ipse
1033 2676 1190 2712 narrabas,
1205 2674 1350 2716 inprimis
1365 2674 1484 2711 helion,
1498 2674 1529 2704 id
1546 2678 1593 2704 est
1609 2673 1668 2703 So-

194 2726 278 2758 lem?
324 2727 447 2761 Hmuu.
472 2729 630 2761 Profecto.
673 2730 728 2763 So.
751 2731 954 2762 Manifestius
979 2731 1011 2762 id
1027 2730 1094 2762 fore
1111 2730 1247 2766 videtur,
1271 2729 1298 2760 si
1314 2727 1432 2760 Dorico
1448 2727 1575 2758 nomine
1597 2726 1668 2768 quis

197 2780 295 2824 [409]
320 2786 434 2813 utatur.
479 2781 589 2814 Dorici
605 2783 687 2815 enim
702 2783 808 2815 halion
824 2789 960 2816 vocant:
985 2790 1080 2826 atque
1096 2784 1140 2815 ita
1155 2788 1283 2815 vocatur
1298 2782 1470 2814 secundum
1486 2781 1617 2821 halizin,
1632 2780 1666 2810 id

195 2840 242 2866 est
256 2846 294 2867 ex
308 2846 346 2867 eo
361 2837 446 2878 quod
463 2842 633 2879 congregat
658 2838 689 2868 in
706 2849 802 2869 unum
825 2839 977 2876 homines,
1002 2850 1072 2870 cum
1096 2838 1241 2870 exoritur.
1263 2837 1337 2869 item
1361 2847 1398 2867 ex
1414 2846 1466 2872 eo,
1483 2835 1567 2877 quod
1583 2833 1666 2864 circa

193 2895 302 2921 terram
319 2890 348 2921 ai
364 2891 453 2930 bilin,
470 2891 503 2922 id
520 2897 567 2923 est
584 2902 705 2934 semper
719 2893 897 2926 revolvitur.
922 2899 1071 2935 praeterea
1087 2894 1161 2935 quia
1178 2893 1274 2924 variat
1286 2890 1416 2924 circuitu
1431 2900 1487 2921 suo
1503 2899 1572 2930 quae
1587 2893 1666 2917 terra

192 2949 374 2976 nascuntur.
397 2946 513 2978 variare
529 2952 632 2978 autem
650 2952 682 2978 et
697 2947 789 2978 aeolin
805 2948 887 2979 idem
915 2952 972 2980 est.
1016 2947 1139 2979 Hunni.
1164 2948 1250 2985 Quid
1275 2958 1347 2978 vero
1363 2937 1403 2976 de
1428 2943 1544 2978 selene,
1561 2941 1592 2971 id
1617 2943 1666 2971 est

190 2998 292 3035 Luna,
307 2999 501 3032 dicendum?
545 3001 603 3035 So.
627 3001 753 3034 Nomen
769 3003 829 3034 hoc
845 3003 967 3034 videtur
985 3001 1203 3045 Anaxagoram
1229 3010 1377 3043 premere.
1427 2997 1549 3028 Hsnm.
1574 2993 1662 3025 Cur?

259 3051 346 3084 Plat.
369 3054 424 3086 Tr.
888 3056 915 3088 .
1516 3052 1536 3081 2
1561 3049 1582 3079 S
