1846 3268
697 623 1234 674 CRATYLUS.

533 917 861 956 HERMOGENES,
886 919 1134 957 CRATYLUS,
1157 919 1404 952 SOCRATES.

229 1207 329 1251 [383]
354 1206 467 1239 Vrsmz
482 1216 654 1239 sermonem
666 1210 805 1238 nostrum
817 1216 887 1237 cum
900 1207 962 1238 hoc
974 1206 1102 1239 Socrate
1114 1205 1309 1238 conseramus
1321 1206 1333 1237 ?
1378 1207 1495 1241 Ciu-r.
1519 1207 1603 1240 Volo
1614 1208 1706 1251 equi.

228 1264 315 1307 dem,
330 1262 357 1293 si
373 1261 431 1293 tibi
447 1261 583 1294 videtur.
628 1260 751 1292 Hnau.
776 1260 924 1303 Cratylus
940 1261 1002 1298 hic,
1025 1271 1044 1292 ο
1070 1261 1226 1298 Socrates,
1249 1261 1342 1292 rebus
1371 1261 1502 1304 singulis
1529 1263 1573 1294 nit
1594 1268 1708 1296 natura

230 1316 334 1355 inesse
349 1319 465 1347 rectam
482 1314 617 1346 nominis
644 1314 817 1345 rationemz
840 1325 944 1356 neque
959 1315 991 1346 id
1008 1325 1076 1346 esse
1099 1325 1228 1353 nomen,
1242 1316 1330 1356 quod
1347 1316 1475 1357 quidam
1501 1327 1539 1348 ex
1553 1317 1708 1349 constitu-

228 1369 317 1409 tione
331 1373 457 1406 vocant,
473 1368 548 1400 dum
564 1368 651 1399 vocis
674 1368 813 1409 ipsorum
829 1368 1012 1409 particulam
1028 1369 1186 1411 quandam
1211 1370 1417 1409 pronuntiant
1431 1381 1440 1402 :
1464 1380 1569 1402 verum
1591 1377 1707 1406 rectam

229 1424 380 1456 rationem
394 1422 531 1465 aliquam
545 1421 707 1453 nominum
723 1428 756 1454 et
771 1422 890 1454 Graecis
906 1427 939 1454 et
953 1422 1097 1458 Barbaris
1113 1423 1246 1454 eandem
1259 1423 1382 1455 cunctis
1394 1424 1546 1458 innatam.
1569 1424 1709 1456 Percon-

230 1479 280 1509 tor
295 1477 402 1519 itaque
416 1477 532 1519 ipsum,
549 1487 623 1507 num
639 1487 745 1508 revera
770 1476 920 1518 Cratylus
943 1477 985 1508 sit
998 1476 1066 1518 ejus
1092 1487 1219 1508 nomen.
1240 1477 1310 1519 ipse
1330 1477 1455 1510 fatetur.
1498 1479 1622 1510 Socrati
1636 1489 1709 1511 vero

231 1531 317 1574 quod
343 1529 484 1562 nomen'?
509 1530 649 1573 inquam.
671 1529 815 1562 Socrates
830 1531 886 1563 ait.
931 1530 1049 1562 Nonne
1074 1530 1204 1573 singulis
1227 1531 1416 1570 hominibus,
1442 1532 1584 1575 inquam,
1605 1533 1637 1564 id
1658 1538 1711 1565 est

232 1596 361 1623 nomen,
378 1595 441 1627 quo
457 1595 615 1626 quemquo
632 1585 803 1616 vocamus?
826 1585 900 1626 Ille,
914 1584 989 1616 Non
1006 1585 1065 1616 tibi
1081 1590 1199 1623 tamen,
1215 1585 1272 1623 ait,
1289 1585 1504 1628 Hermogenes
1519 1596 1635 1619 nomen
1649 1591 1711 1628 est,

233 1650 339 1681 neque
355 1638 450 1671 etiam
466 1638 490 1670 si
515 1649 623 1670 onmes
638 1638 780 1683 homines
795 1643 827 1672 te
841 1639 887 1671 ita
902 1639 1053 1672 vocarint.
1078 1639 1177 1682 [384]
1202 1639 1288 1671 Dum
1304 1650 1377 1671 vero
1401 1641 1542 1678 obsecro,
1557 1647 1591 1672 ut
1605 1640 1711 1672 scisci·

233 1694 315 1742 tanti
331 1692 409 1724 mihi
424 1692 574 1735 quidnam
591 1693 676 1725 dicat
691 1693 822 1736 aperiat,
838 1693 916 1725 nibil
942 1704 1066 1736 prorsus
1081 1693 1239 1725 declarat:
1263 1694 1318 1725 sed
1340 1694 1440 1726 ironia
1461 1695 1597 1738 quadarn
1618 1699 1711 1727 utens

209 1775 211 1777 .
232 1757 357 1780 mecum
373 1747 499 1779 simulat
515 1757 581 1779 sese
598 1746 717 1789 aliquid
734 1757 855 1779 versare
867 1747 986 1788 animo,
1002 1747 1092 1789 quasi
1109 1746 1252 1778 nonnihil
1269 1747 1327 1779 hac
1342 1747 1383 1779 de
1398 1758 1431 1779 re
1441 1747 1608 1790 intelligat,
1622 1748 1710 1790 quod

233 1802 259 1834 si
275 1802 370 1834 vellet
385 1801 568 1844 exprimere,
579 1806 704 1844 cogeret
714 1812 763 1833 me
773 1801 902 1844 insuper
913 1802 1067 1839 assentiri,
1081 1802 1255 1843 eademque
1268 1802 1373 1833 dicere
1383 1813 1455 1844 quae
1467 1802 1536 1844 ipse
1547 1801 1710 1844 praedicar.

233 1856 443 1901 Quamobrem
460 1856 592 1888 libenter
607 1867 643 1888 ex
661 1861 691 1888 te
707 1857 859 1898 audirem,
880 1856 905 1888 si
920 1867 983 1898 qua
1005 1856 1124 1888 ratione
1149 1855 1271 1899 Csatyli
1295 1856 1480 1889 vaticinium
1501 1861 1594 1899 potes
1608 1856 1711 1899 conji-

231 1921 314 1945 cere.
339 1910 488 1943 libentius
514 1915 618 1942 tamen
648 1911 837 1942 sententiam
864 1917 949 1942 tuam
975 1912 1016 1942 de
1043 1911 1206 1942 nominum
1235 1911 1438 1951 rectitudine,
1465 1911 1492 1942 si
1513 1911 1571 1943 tibi
1592 1911 1709 1953 placet,

234 1964 387 1996 audirem.
433 1965 490 1996 So.
513 1964 543 1996 O
561 1965 740 2008 Hipponici
755 1965 800 1996 fili
823 1965 1052 2006 Hermogenes,
1069 1964 1167 1996 veteri
1183 1965 1347 2007 proverbio
1363 1964 1471 2007 fertur,
1493 1965 1629 1997 Pulchra
1643 1974 1711 1996 esse

234 2019 368 2061 cognitu
395 2017 548 2051 difficilia.
593 2019 696 2061 Atqui
712 2024 745 2051 et
767 2019 928 2051 nominum
944 2019 1155 2061 intelligentia
1177 2020 1261 2050 haud
1278 2029 1371 2061 parva
1386 2028 1434 2051 res
1447 2023 1509 2051 est.
1551 2018 1710 2060 Equidem

236 2074 261 2104 si
271 2084 308 2105 ex
319 2073 455 2105 Prodico
468 2074 658 2116 quandoque
671 2074 826 2106 audissem
840 2074 924 2106 illam
936 2073 1166 2116 quinquaginta
1177 2074 1390 2105 drachmarum
1403 2073 1713 2110 demonstrationem,

236 2127 268 2160 in
286 2127 378 2176 cujus
394 2127 563 2159 traditione
581 2128 740 2170 perceptio
764 2129 822 2159 ista
836 2128 992 2165 consistit,
1015 2133 1051 2159 ut
1072 2128 1139 2170 ipse
1163 2133 1315 2160 testatur:
1339 2127 1417 2158 nihil
1439 2127 1621 2169 prohiberet
1634 2127 1712 2169 quin

238 2186 274 2212 tu
306 2181 411 2214 statim
441 2181 605 2214 nominum
632 2182 854 2215 rectitudinem
883 2182 1085 2225 intelligeres.
1125 2194 1194 2215 eam
1215 2193 1305 2224 porro
1329 2191 1489 2224 nunquam
1514 2180 1636 2220 audivi,
1655 2180 1712 2212 sed

235 2236 393 2269 drachmae
410 2236 502 2267 unius
517 2235 717 2279 disciplinam
734 2237 886 2268 duntaxat
902 2237 1024 2279 accepi.
1070 2237 1177 2274 Quare
1187 2236 1265 2279 quid
1279 2236 1310 2267 in
1326 2235 1375 2266 his
1391 2245 1496 2267 verum
1511 2234 1564 2272 sit,
1579 2234 1687 2266 nescio
1697 2246 1708 2267 =

238 2290 429 2334 investigare
454 2296 559 2322 autem
577 2296 680 2322 tecum
706 2290 796 2322 simul
824 2296 857 2322 et
883 2301 954 2322 curn
978 2290 1109 2333 Cratylo
1135 2295 1262 2332 paratus
1277 2300 1358 2322 sum.
1401 2288 1497 2326 Quod
1513 2286 1715 2334 autemdicit

236 2345 296 2376 tibi
312 2355 375 2376 non
390 2355 458 2376 esse
473 2355 578 2376 revera
595 2355 708 2376 nomen
722 2345 948 2387 Hermogenes,
966 2346 1050 2386 quod
1067 2356 1084 2376 a
1109 2345 1195 2376 lucro
1208 2344 1336 2384 dicitur,
1350 2343 1489 2375 mordere
1504 2346 1536 2374 te
1551 2341 1691 2383 suspicor
1703 2352 1714 2380 ;

237 2398 327 2442 quasi
350 2399 554 2441 pecuniarum
578 2400 689 2431 avidus
707 2401 748 2431 sis
771 2405 804 2431 et
824 2400 927 2441 impos
949 2400 1024 2432 voti.
1069 2399 1199 2435 verum,
1224 2402 1259 2429 ut
1282 2398 1376 2429 modo
1399 2396 1555 2433 dicebam,
1569 2394 1714 2429 difficilia

237 2453 306 2488 haec
321 2453 451 2495 cognitu
467 2458 550 2485 sunt.
575 2459 698 2495 oportet
709 2459 812 2487 autem
826 2454 962 2486 rationes
974 2454 1119 2496 utrinque
1130 2453 1162 2484 in
1175 2452 1311 2484 medium
1325 2451 1515 2484 adducendo
1526 2450 1716 2493 perquirere.

238 2511 342 2538 utrum
358 2507 403 2538 ita
419 2507 470 2545 sit,
486 2512 522 2540 ut
536 2508 617 2540 dicis
640 2509 720 2551 ipse,
737 2519 776 2540 an
805 2509 926 2551 potius,
950 2514 986 2540 ut
1007 2508 1155 2551 Cratylus
1179 2508 1234 2539 ait.
1277 2506 1402 2538 Hmm.
1425 2505 1605 2544 Enimvero,
1620 2515 1641 2536 o
1654 2503 1713 2535 So-

238 2565 350 2599 crates,
375 2561 452 2594 licet
475 2562 654 2604 frequenter
676 2574 749 2595 cum
772 2565 832 2596 hoc
858 2564 1032 2606 ceterisque
1047 2562 1212 2605 permultis
1234 2560 1301 2603 jam
1323 2559 1557 2602 disputaverim,
1573 2558 1714 2590 nondum

240 2605 345 2646 'tamen
362 2616 542 2658 persuaderi
559 2617 633 2648 mihi
650 2623 766 2660 potest,
782 2618 874 2649 aliam
890 2629 958 2650 esse
975 2618 1110 2649 nominis
1129 2616 1347 2649 rectitudinem
1363 2625 1456 2657 quarn
1472 2612 1715 2646 conventionem

238 2669 340 2711 ipsam
367 2669 683 2713 consensionemque.
726 2671 812 2703 Mihi
835 2671 963 2714 quidem
986 2672 1122 2708 videtur,
1145 2671 1358 2713 quodcunque
1381 2678 1497 2700 nomen
1515 2666 1586 2709 quio
1599 2665 1715 2708 cuique

238 2722 389 2766 imponit,
414 2724 446 2755 id
475 2734 541 2756 esse
558 2730 688 2758 rectum.
733 2725 785 2758 Ac
809 2724 836 2758 si
859 2737 961 2759 rursus
982 2731 1156 2758 commutat
1178 2725 1327 2766 aliudque
1349 2722 1496 2765 imponit,
1509 2719 1714 2753 nihilominus

240 2787 334 2818 quam
358 2777 504 2819 primum,
531 2780 616 2825 quod
640 2780 687 2811 illi
712 2781 855 2812 succedit
880 2791 995 2813 nomen
1022 2785 1141 2812 rectum
1156 2779 1310 2812 existere:
1333 2775 1596 2820 quemadmodum
1615 2773 1716 2812 servis

241 2832 369 2862 nomina
386 2837 576 2864 commutare
592 2834 747 2866 solemus:
773 2835 853 2867 nulli
868 2835 988 2878 quippe
1004 2836 1048 2867 rei
1065 2840 1177 2866 natura
1191 2830 1306 2865 nomen
1322 2832 1433 2870 inesse,
1449 2831 1503 2862 sed
1521 2830 1590 2872 lege
1604 2833 1638 2860 et
1652 2839 1712 2860 usu

238 2885 364 2917 illorum
380 2885 434 2928 qui
451 2887 495 2918 sic
512 2898 622 2919 vocare
636 2895 877 2922 consueverunt.
924 2890 1018 2927 Quod
1037 2889 1164 2932 quidem
1181 2888 1206 2920 si
1221 2888 1310 2919 aliter
1324 2897 1356 2918 se
1371 2886 1480 2925 habet,
1497 2888 1621 2926 paratus
1644 2892 1713 2914 sum

238 2949 302 2970 non
318 2950 337 2971 a
352 2940 482 2984 Cratylo
499 2946 633 2982 tamum,-
646 2954 751 2976 verum
777 2944 870 2976 etiam
893 2955 912 2976 a
927 2944 1038 2988 quovis
1062 2944 1122 2978 alio
1138 2942 1256 2976 discere
1273 2946 1367 2984 atque
1393 2939 1511 2972 audire.
1534 2937 1632 2982 [385]
1655 2937 1712 2969 So·
