1846 3268
229 253 306 291 108
627 276 629 278 -
825 241 1092 289 PLA'role
1599 250 1700 305 [130

225 354 280 395 rit,
295 354 382 397 quod
399 365 418 386 e
433 353 535 392 nobis,
549 352 604 396 qui
620 356 740 394 septem
757 360 878 390 sumus,
893 362 953 395 ego
968 361 1050 384 unus
1064 352 1159 384 bomo
1175 350 1245 391 sim,
1261 352 1355 386 unius
1371 352 1539 397 particeps,
1561 354 1704 387 similiter

225 409 304 439 nihil
321 408 442 441 mirum.
467 409 668 450 quamobrem
684 417 756 439 vera
771 411 901 450 utraque
916 406 1120 440 affirmantur.
1166 407 1200 438 Si
1221 417 1294 449 ergo
1309 407 1465 451 quispiam
1480 409 1555 440 talia
1569 414 1701 441 conetur

225 472 323 494 unum
331 467 365 494 et
379 462 478 494 muita
491 463 602 494 eadem
617 462 843 501 demonstrare,
867 460 989 503 lapides
1003 460 1166 499 videlicet,
1191 471 1228 494 ac
1249 461 1346 505 ligna,
1373 467 1406 494 et
1419 463 1537 505 reliqua
1553 463 1703 505 hujusce·

225 517 322 554 modi,
344 526 441 547 unum
463 521 495 548 et
515 516 613 547 multa
634 515 737 558 ipsum
753 515 928 547 ostendisse
943 515 1121 554 fatebimur,
1140 525 1206 547 non
1230 520 1333 548 tamen
1350 527 1447 549 unum
1462 517 1573 560 multa,
1595 524 1701 560 neque

224 570 323 602 multa
338 579 435 601 unum
450 581 457 601 :
482 580 586 612 neque
610 569 751 601 mirabile
770 569 935 612 quippiam
950 570 1150 612 praedicasse,
1169 571 1227 602 sed
1244 571 1329 613 qnod
1346 581 1455 603 omues
1469 572 1703 605 confiteremur.

222 624 270 655 At
284 624 309 655 si
324 624 396 667 quis
411 633 529 662 eorum,
545 633 616 666 quae
632 623 729 666 paulo
744 629 818 655 ante
833 623 912 666 dixi,
928 623 1061 666 primum
1076 624 1205 667 quidem
1221 625 1342 667 species
1362 626 1446 668 ipsas
1467 626 1640 658 secundum
1664 633 1698 658 se

223 677 309 719 ipsas
332 688 471 710 seorsum
492 678 711 720 distingueret,
727 677 825 710 veluti
847 676 1096 717 similitudinem,
1117 678 1423 722 dissimilitudinem,
1450 677 1699 720 multitudinem,

223 741 335 769 unum,
349 737 477 771 statum,
490 737 623 770 motum,
638 737 805 775 ceteraque
819 731 1013 775 hujusmodi,
1040 732 1158 765 deinde
1174 733 1207 764 in
1224 744 1257 765 se
1272 733 1350 776 ipsis
1364 734 1424 765 ista
1439 733 1634 768 commisceri
1648 742 1699 766 se-

221 786 371 828 cernique
383 797 476 829 posse
492 791 663 827 assereret;
686 787 937 829 obstupescerem
953 787 1114 829 equidem,
1138 798 1157 819 o
1173 787 1295 821 Zenon.
1338 787 1380 819 Et
1395 788 1420 819 si
1436 797 1486 829 ea,
1510 794 1582 830 qua»
1598 788 1699 830 scrip·

221 839 299 876 sisti,
316 845 351 871 ut
366 839 464 871 virum
479 840 591 872 fortem
606 841 711 878 decet,
733 845 922 882 pertractata
936 851 1004 873 esse
1019 851 1110 881 τεοῖς
1132 841 1234 873 multo
1255 846 1362 873 tamen
1376 842 1476 884 magis
1491 842 1628 880 mirarer,
1651 846 1700 874 at-

219 902 283 934 que
298 894 430 931 laetare'r,
445 895 471 926 si
486 894 557 936 quis
571 899 679 936 posset
694 895 775 926 harre
789 895 924 927 eandem
938 895 1157 937 quaestionem,
1172 894 1208 927 in
1222 895 1299 938 ipsis·
1314 896 1480 938 speciebus
1495 896 1621 938 penitus
1637 896 1699 928 im⁴

219 947 372 988 plicitam,
396 948 493 990 [130]
516 948 781 990 quemadmodum
794 947 828 979 in
843 949 947 986 rebus,
961 958 1034 991 quae
1047 948 1206 987 videntur,
1221 949 1399 991 expositum
1413 954 1474 992 est,
1486 950 1532 982 ita
1546 955 1580 982 et
1594 950 1626 982 in
1643 950 1695 988 iis,

218 1010 292 1042 quas
306 1001 426 1032 ratione
439 1001 759 1043 comprehenduntur,
774 1001 888 1032 clarius
901 1000 1076 1042 explicare.
1119 1002 1207 1033 Dum
1226 1003 1295 1036 haec
1315 1003 1459 1035 Socrates
1485 1003 1617 1041 diceret,
1634 1004 1701 1035 aie·

219 1054 274 1085 bat
289 1053 503 1096 Pythodorus‚
519 1063 553 1086 se
570 1058 709 1095 putasse,
724 1051 944 1084 Par-menidam
968 1058 1002 1084 et
1021 1053 1181 1086 Zenonem
1195 1054 1228 1086 in
1244 1054 1376 1097 singulis
1390 1066 1459 1088 esse
1474 1056 1622 1088 adversus
1637 1057 1700 1089 So-

217 1112 335 1139 cratem
360 1108 554 1150 indignatos.
576 1118 631 1140 eos
645 1110 749 1139 autem
765 1116 887 1139 summa
906 1104 1044 1149 quadam
1060 1108 1238 1141 attentione
1252 1109 1456 1148 auscultasse,
1481 1120 1519 1143 ae
1547 1111 1698 1153 frequen-

217 1167 265 1193 ter
279 1162 411 1194 alterum
425 1161 627 1204 respicientes
648 1161 821 1198 subrisisse,
841 1161 929 1203 quasi
957 1162 1120 1194 Socratem
1140 1159 1340 1195 admirantes·
1385 1163 1489 1196 Undev
1503 1172 1576 1196 cum
1599 1165 1695 1197 finem

217 1215 361 1248 Socrates
375 1215 526 1258 loquendi
541 1215 680 1253 fecisset,
694 1214 812 1247 dixisse
827 1215 1067 1249 Parmenidem:
1093 1215 1123 1247 Ο
1139 1216 1297 1257 Socrates,
1310 1226 1405 1260 quam
1421 1216 1536 1260 dignus
1548 1228 1582 1251 es
1596 1219 1699 1251 admia

216 1269 338 1301 ratione
353 1274 481 1312 propter
494 1269 647 1312 impetum
660 1279 725 1311 quo
743 1269 783 1300 ad
800 1269 942 1301 rationes
951 1274 1116 1312 promptus
1130 1271 1276 1303 accedis!
1299 1280 1406 1304 verum
1431 1273 1510 1304 mihi
1524 1273 1612 1305 dicas
1626 1282 1696 1316 oro,

216 1329 294 1356 tune
309 1324 365 1363 ita,
381 1328 416 1355 ut
430 1324 522 1362 dieis,
544 1334 685 1356 seorsum
709 1324 838 1366 quidem
859 1323 946 1366 ipsas
961 1324 1084 1366 species
1098 1324 1289 1367 discrevisti,
1306 1335 1445 1358 seorsum
1460 1327 1556 1359 etiam
1571 1328 1699 1370 specie-

217 1380 277 1410 bus
291 1378 537 1421 participantia:
562 1378 750 1421 videturque
768 1377 827 1409 tibi
841 1377 995 1420 quiddam
1013 1387 1082 1410 esse
1097 1378 1166 1420 ipsa
1187 1389 1326 1411 seorsum
1349 1379 1536 1423 similitudo,
1559 1381 1651 1424 cujus
1665 1387 1699 1414 et

216 1442 276 1463 nos
290 1432 459 1474 participes
473 1442 593 1470 sumus,
607 1436 641 1463 et
657 1441 754 1463 unum
775 1441 879 1463 rursus
902 1441 940 1463 ac
956 1431 1068 1473 multa,
1092 1438 1124 1464 et
1140 1433 1257 1472 omnia,
1273 1444 1472 1478 quaecunque
1487 1445 1590 1478 nuper
1604 1446 1622 1468 a
1637 1436 1695 1468 Ze-

216 1493 301 1518 none
316 1486 456 1518 audisti?
499 1486 583 1518 Mihi
599 1486 726 1528 quidem
741 1486 878 1524 videtur,
906 1486 1068 1518 Socratem
1098 1488 1308 1529 respondisse.
1353 1489 1440 1521 Num
1458 1490 1532 1522 talia
1547 1491 1693 1532 quedam

216 1540 332 1582 inquis,
355 1550 480 1583 rogasse
500 1541 734 1578 Parmenidem,
759 1550 817 1572 ceu
836 1540 924 1583 justi.
940 1540 1081 1583 speciem
1101 1542 1261 1583 quandam
1280 1542 1381 1586 ipsam
1408 1554 1465 1586 per
1478 1554 1513 1576 se
1528 1544 1640 1586 ipsam,
1662 1549 1697 1578 et

214 1594 352 1636 pulchri,
374 1600 408 1626 et
429 1594 515 1630 boni,
538 1589 638 1637 'atque
661 1594 801 1626 omnium
832 1594 972 1637 denique
996 1594 1132 1627 talium?
1176 1596 1320 1630 Prorsus.
1365 1597 1529 1641 Numquid
1556 1599 1695 1641 speciem

214 1648 351 1680 hominis
365 1657 502 1680 seorsum
518 1659 537 1680 a
553 1649 658 1691 nobis,
679 1653 713 1680 et
734 1649 848 1680 ceteris
868 1648 1012 1691 ejusdem
1035 1650 1168 1691 generis,
1189 1656 1223 1683 et
1244 1651 1326 1693 ignis
1339 1652 1434 1683 etiam
1449 1656 1483 1683 et
1503 1662 1594 1696 aquae
1620 1663 1694 1696 spe-

215 1703 318 1735 eiem?
361 1703 599 1746 Saepenumero,
612 1703 716 1746 inquit
728 1703 884 1742 Socrates,
896 1703 928 1735 in
946 1704 1005 1735 hac
1021 1714 1090 1736 sum
1106 1704 1311 1747 ambiguitate
1326 1711 1479 1744 versatus,
1493 1711 1596 1738 utrum
1605 1707 1646 1739 de
1657 1707 1699 1739 iis

216 1757 360 1798 perinde,
377 1762 412 1789 ut
427 1758 469 1790 de
485 1756 708 1800 superioribus,
724 1757 895 1790 dicendum
911 1758 965 1796 sit,
981 1768 1022 1790 an
1038 1769 1140 1791 secus.
1185 1759 1299 1792 Utrum
1316 1760 1356 1792 de
1369 1760 1406 1792 iis
1421 1761 1516 1793 etiam
1531 1761 1698 1800 dubitasti,

216 1821 237 1841 ο
251 1811 405 1850 Socrates,
426 1822 499 1854 quae
519 1812 652 1844 ridicula
670 1811 750 1843 forte
771 1812 842 1854 quis
860 1817 962 1854 putet,
981 1812 1064 1844 sicut
1078 1813 1121 1845 de
1134 1812 1220 1856 pilis,
1239 1814 1358 1853 lutose,
1382 1818 1416 1847 et
1432 1815 1565 1855 macula,
1581 1819 1615 1848 et
1627 1815 1697 1848 aliis

214 1864 450 1906 ignobilissimis
471 1867 564 1898 rebus
585 1871 680 1909 atque
695 1866 878 1898 vilissimis?
900 1876 974 1898 num
996 1867 1142 1909 ambigis,
1167 1871 1269 1900 utrum
1294 1868 1444 1910 ponenda
1458 1869 1500 1900 sit
1514 1869 1624 1902 horum
1638 1881 1698 1903 cu·

211 1920 329 1962 jusque
344 1925 487 1963 separata
506 1921 639 1963 species,
661 1921 748 1953 aliud
773 1921 924 1963 quiddam
944 1921 984 1953 ab
1007 1921 1068 1952 illis
1089 1921 1241 1953 exsistens
1257 1922 1306 1954 vel
1323 1930 1442 1961 corum,
1463 1933 1536 1966 (με
1549 1930 1609 1955 nos
1624 1934 1696 1966 per·

215 1979 396 2012 tractamus,
420 1975 485 2006 sive
507 1976 595 2006 non?
640 1973 740 2007 Nullo
764 1980 872 2017 pacto,
893 1974 1000 2017 inquit
1022 1974 1187 2008 Socrates:
1212 1976 1267 2007 sed
1284 1977 1352 2008 haec
1367 1987 1439 2019 quae
1454 1975 1694 2018 videmus,baee

214 2033 247 2060 et
261 2039 340 2062 esse.
364 2030 503 2072 speeiem
519 2040 592 2061 vero
614 2030 772 2072 quandam
794 2029 916 2061 illorum
935 2039 1003 2061 esse
1030 2034 1153 2071 putare,
1177 2030 1259 2062 forte
1284 2030 1380 2062 nimis
1404 2029 1570 2064 ridiculum
1598 2037 1693 2064 esset.

213 2082 400 2125 Aliquando
417 2092 466 2116 me
481 2084 555 2115 olim
572 2094 610 2116 ea
625 2084 776 2126 cogitatio
798 2083 1002 2126 perturbavit,
1025 2093 1066 2115 ne
1089 2084 1168 2126 quid
1193 2084 1274 2116 sorte
1297 2084 1337 2116 sit
1359 2085 1400 2116 de
1422 2085 1568 2118 omnibus
1582 2087 1666 2119 idem
1681 2097 1693 2119 ι

213 2142 381 2179 postquam
397 2148 469 2170 vero
485 2137 645 2181 paulisper
659 2138 771 2176 institi,
785 2139 862 2170 inde
877 2138 1020 2180 discessi,
1037 2143 1192 2179 metuens,
1215 2149 1256 2170 ne
1271 2139 1304 2169 in
1319 2139 1508 2181 profundam
1531 2140 1694 2174 deliratio·

214 2202 286 2223 nem
301 2203 420 2224 mersus
435 2191 515 2224 forte
530 2194 674 2235 perirem.
720 2193 816 2225 Unde
833 2203 971 2224 reversus
986 2193 1025 2224 ad
1042 2203 1091 2230 ea,
1117 2202 1191 2235 quae
1207 2194 1331 2235 species
1344 2194 1459 2226 habere
1478 2193 1696 2238 praediximus,

212 2246 295 2277 circa
310 2246 364 2277 illa
374 2245 442 2288 jam
459 2257 571 2279 versor.
615 2247 748 2279 Juvenis
761 2247 864 2279 adhuc
879 2257 926 2285 es,
946 2258 965 2278 o
987 2247 1143 2285 Socrates,
1169 2248 1304 2280 necdum
1331 2252 1364 2279 te
1385 2248 1586 2291 philosophia
1601 2258 1690 2281 com-

212 2300 307 2341 plexa
321 2305 387 2333 est:
412 2301 621 2343 amplectetur
635 2306 753 2339 autem,
768 2307 804 2333 ut
818 2311 889 2334 mea
902 2301 962 2333 fert
977 2301 1101 2343 opinio,
1118 2302 1245 2344 quaudo
1261 2302 1339 2333 nihil
1355 2302 1486 2335 istorum
1502 2303 1689 2345 neglexeris.

212 2363 297 2386 nunc
310 2365 384 2386 vero
408 2356 448 2386 ad
473 2356 640 2397 opiniones
665 2356 827 2387 hominum
843 2356 1023 2387 oisaetatem
1039 2356 1180 2398 respicis.
1224 2356 1271 2387 At
1292 2357 1354 2388 hoc
1369 2355 1443 2388 mihi
1459 2356 1559 2388 dicas.
1578 2357 1692 2388 viden-

214 2413 305 2441 turne
320 2408 390 2447 tibi,
401 2414 437 2441 ut
452 2410 570 2447 aiebas,
585 2410 708 2452 species
723 2410 869 2453 quasdam
884 2410 1043 2447 exsistere,
1059 2415 1091 2441 et
1105 2420 1156 2451 ea,
1170 2420 1241 2452 quae
1257 2410 1319 2441 illis
1334 2410 1540 2452 participant,
1565 2410 1689 2442 illarum

211 2468 422 2505 cognomenta
439 2464 564 2496 sortiri?
589 2464 687 2507 [131]
713 2464 811 2496 veluti
829 2463 1036 2496 similitudine
1051 2463 1289 2506 participantia,
1303 2464 1435 2505 similia;
1461 2465 1691 2506 magnitudine,

211 2526 349 2560 nmgna3
371 2518 607 2560 pulchritudine
622 2523 718 2561 atque
728 2518 866 2560 justitia,
882 2518 1013 2562 pulchra
1027 2524 1060 2550 et
1070 2517 1157 2560 justa
1172 2518 1277 2551 vocari
1290 2519 1303 2549 ,²
1347 2517 1390 2550 Et
1405 2517 1538 2550 maxine
1547 2519 1690 2562 quidem,

209 2572 315 2614 inquit
329 2572 484 2604 Socrates.
527 2572 645 2605 Nonne
661 2574 876 2616 quodcunque
897 2572 1017 2615 speciei
1040 2572 1197 2614 particeps
1211 2573 1258 2611 fit,
1291 2572 1340 2604 vel
1360 2577 1458 2604 totam
1481 2572 1619 2615 spetiem
1640 2573 1691 2605 vei

210 2631 332 2667 partem
360 2626 502 2669 accipit?
525 2637 567 2658 an
592 2633 641 2659 est
665 2628 746 2660 alius
772 2633 884 2670 pra-ter
907 2627 985 2659 istos
1017 2627 1230 2669 participandi
1256 2627 1391 2659 modos?
1433 2627 1477 2659 Et
1488 2627 1564 2670 quis
1584 2627 1689 2660 alius?

210 2680 354 2712 Socrates
369 2681 425 2714 ait.
468 2680 581 2713 Utrum
596 2682 721 2714 videtur
745 2683 803 2714 tibi
829 2687 896 2714 tota
918 2682 1038 2724 species
1057 2682 1093 2713 in
1119 2692 1310 2724 unoquoque
1337 2682 1506 2714 multorum
1519 2691 1600 2724 esse,
1622 2692 1688 2714 una

210 2735 384 2767 exsistens?
408 2746 448 2767 an
464 2736 573 2768 aliter?
618 2737 705 2775 Quid
731 2737 887 2779 prohibet,
911 2747 978 2769 csse
1007 2747 1101 2768 unam
1115 2737 1128 2768 ?
1173 2737 1281 2769 Unum
1296 2746 1370 2779 ergo
1384 2742 1418 2768 et
1430 2736 1514 2768 idem
1530 2735 1562 2767 in
1577 2735 1686 2767 multis

210 2799 347 2821 scorsum
364 2790 486 2832 positis,
502 2796 602 2822 toturn
621 2791 713 2823 simul
730 2802 826 2823 unum
843 2791 914 2829 erit,
931 2797 1026 2834 atque
1042 2792 1086 2823 ita
1102 2791 1204 2834 ipsum
1221 2802 1240 2823 a
1261 2802 1295 2823 se
1310 2791 1379 2834 ipso
1394 2800 1530 2822 seorsum
1545 2789 1687 2822 exsistet.

209 2843 432 2887 Nequaquam,
448 2845 550 2888 inquit
562 2846 715 2879 Socrates.
762 2847 878 2879 Verum
902 2847 986 2879 sicut
1011 2846 1081 2878 dies
1098 2857 1180 2878 unus
1194 2847 1332 2889 denique
1347 2845 1465 2888 ubique
1478 2843 1568 2876 simul
1584 2844 1686 2882 adest,

208 2909 268 2929 nec
283 2899 349 2941 ipse
364 2903 468 2931 tamen
484 2911 502 2931 a
518 2909 550 2932 se
567 2900 635 2942 ipso
651 2901 821 2933 secernitur
835 2913 846 2942 ς
869 2901 914 2932 ita
941 2901 984 2933 nil
1009 2901 1166 2943 prohibet,
1192 2900 1366 2943 quamlibet
1391 2899 1528 2942 speciem
1545 2908 1638 2930 unam
1654 2903 1688 2929 et

209 2953 342 2986 eandem
359 2953 450 2987 simul
467 2954 574 2987 multis
588 2955 711 2995 adesse,
727 2966 786 2990 nec
802 2961 907 2989 tamen
922 2967 941 2989 a
956 2967 988 2989 se
1004 2956 1075 3000 ipsa
1089 2956 1220 2989 secerni.
1263 2954 1366 2994 Belle,
1382 2965 1402 2986 0
1417 2954 1573 2993 Socrates,
1589 2962 1686 2985 unum
