1832 3256
215 226 313 276 222]
608 190 609 193 ¹
860 218 1024 259 LYSIS.
1622 222 1672 260 39

213 328 286 360 Hoc
299 308 402 370 igitur?
406 326 498 366 absit,
513 329 549 357 ut
563 323 696 355 amicum
712 322 804 354 amici
816 322 979 364 cujusdam
1001 330 1094 353 causa
1111 320 1150 351 sit
1174 319 1318 352 amicum.
1363 322 1418 353 sed
1433 333 1538 355 nonne
1553 324 1670 357 bonum

214 382 347 414 amicum
363 383 430 412 est?
475 380 548 412 Mu.
570 378 622 410 Sic
637 377 759 419 opinor.
804 377 860 408 So.
884 375 971 407 Num
987 379 1114 417 propter
1134 374 1247 406 malum
1272 375 1388 406 bonum
1412 377 1553 407 amatur?
1577 384 1610 409 et
1628 379 1674 410 ita

214 446 248 467 se
261 446 310 467 res
323 435 417 466 habet
430 446 437 465 :
461 434 494 465 Si
509 444 546 464 ex
562 433 670 467 tribus,
685 441 756 473 quae
768 430 915 466 diximus,
931 430 1060 466 bonum,
1078 428 1204 465 malum,
1221 433 1375 465 neutrum,
1392 429 1455 460 duo
1468 430 1672 472 accipiantur,

213 489 329 520 malum
343 498 416 520 vero
429 488 531 524 abeat,
547 491 580 517 et
594 485 671 516 nihil
687 485 832 526 attingat,
859 494 917 514 nee
938 493 1064 524 corpus,
1090 493 1148 514 nec
1165 482 1312 523 animam,
1326 493 1385 513 nec
1401 482 1484 514 aliud
1502 485 1673 526 quidquam

214 553 253 575 ex
267 543 328 580 his,
343 552 413 584 quae
429 541 564 573 diximus
580 539 753 571 secundum
768 549 800 570 se
814 537 885 579 ipsa
900 547 958 568 nec
980 537 1065 567 bona
1087 546 1166 572 esse,
1188 546 1247 567 nec
1271 536 1352 567 mala
1366 548 1373 566 :
1390 537 1541 578 nunquid
1561 539 1675 571 inutile

213 597 340 639 penitus
354 601 429 627 tunc
445 595 535 626 nobis
557 594 672 625 bonum
691 593 796 624 esset?
841 591 875 623 Si
896 591 981 622 enim
1004 590 1080 621 nihil
1103 600 1160 621 nos
1179 590 1306 621 ulterius
1327 590 1465 627 laederet,
1487 592 1574 623 nullo
1602 593 1674 625 boni

211 650 318 682 favore
343 650 565 691 indigeremus.
609 652 642 679 et
669 647 782 678 iccirco
806 651 880 677 tunc
901 645 991 676 nobis
1010 649 1143 686 pateret,
1166 644 1251 685 quod
1279 649 1404 685 propter
1422 645 1537 676 malum
1560 647 1675 679 bonum

213 704 444 747 quaesiverimus
456 702 743 744 amaverimusque:
768 700 859 742 quasi
875 700 990 730 bonum
1006 699 1047 729 sit
1069 698 1142 729 mali
1162 698 1344 735 remedium,
1370 699 1485 730 malum
1500 710 1572 731 vero
1595 712 1675 733 mor-

214 759 293 790 bus:
316 764 433 790 etcum
448 757 552 788 nullus
568 756 608 788 sit
622 756 759 791 morbus,
783 754 870 785 nulla
886 753 1007 785 medela
1028 752 1234 794 indigeamus.
1279 752 1332 782 An
1353 753 1397 783 sic
1420 758 1529 784 natura
1551 755 1676 787 institu-

213 817 281 844 tum
297 817 344 844 est
357 813 457 854 ipsum
469 811 598 846 bonum,
609 815 644 841 ut
658 813 786 851 propter
801 808 915 839 malum
938 812 1058 838 ametur
1081 816 1099 837 a
1121 806 1223 844 nobis,
1250 806 1305 847 qui
1320 806 1399 858 iuter
1415 807 1530 838 bonurn
1546 809 1675 841 malum-

180 852 191 857 *
213 877 275 908 que
290 866 387 898 medii
401 865 527 897 sumus?
551 865 652 906 ipsum
668 874 741 894 vero
758 867 868 904 suapte
892 867 1002 892 natura
1018 861 1062 891 nil
1078 860 1240 892 conferat?
1285 860 1357 892 ME.
1381 861 1431 891 Ita
1447 862 1579 894 videtur.
1622 863 1676 898 So.

213 919 358 952 Amicum
373 920 480 962 itaque
495 919 586 955 illud,
609 918 640 948 in
654 918 738 959 quod
755 917 942 948 desinebant
964 919 1067 946 cetera
1089 915 1206 952 omnia,
1230 925 1300 956 quae
1322 915 1447 946 alterius
1466 916 1557 948 amici
1582 919 1679 959 gratia

214 974 314 1006 amica
327 975 412 1006 dicta
427 978 509 1010 sunt,
527 973 619 1014 longe
636 972 725 1003 aliter
739 982 831 1013 quam
847 970 901 1001 illa
917 981 950 1001 se
965 970 1068 1002 habet.
1113 969 1172 1000 Illa
1188 970 1271 1000 enim
1290 969 1382 1000 amici
1402 971 1499 1011 gratia
1510 971 1609 1003 amica
1623 983 1677 1003 vo-

215 1033 286 1060 cata
299 1033 371 1060 sunt
384 1040 391 1058 τ
416 1028 518 1069 ipsum
531 1032 648 1064 autern,
663 1026 748 1067 quod
763 1025 1017 1056 revera-amicum
1029 1029 1086 1061 est,
1103 1028 1211 1070 contra
1223 1023 1356 1054 amicum
1371 1034 1438 1054 esse
1453 1024 1570 1056 inimIci
1584 1036 1678 1057 causa

214 1082 305 1114 nobis
327 1082 482 1123 apparuit.
526 1081 613 1123 quod
639 1080 666 1110 si
692 1079 853 1110 inimicum
878 1079 1012 1119 abesset,
1030 1078 1114 1109 haud
1145 1077 1278 1118 amplius
1308 1077 1398 1107 nobis
1426 1083 1507 1109 esset
1533 1080 1676 1112 amicum.

215 1136 288 1168 Mis.
312 1135 399 1173 Non,
419 1140 456 1166 ut
472 1135 548 1166 mihi
570 1144 706 1176 praesens
723 1133 800 1164 ratio
825 1133 1002 1174 persuadet.
1048 1133 1101 1163 So.
1124 1132 1156 1162 si
1184 1131 1299 1161 malum
1324 1131 1553 1172 exstirparetur,
1579 1134 1675 1177 [221]

213 1194 316 1221 utrum
331 1190 428 1220 fames
444 1188 530 1219 nulla
544 1187 649 1219 sitisve
664 1191 803 1226 restaret,
824 1192 879 1217 aut
902 1185 1079 1226 hujusmodi
1102 1184 1210 1214 aliud?
1234 1194 1274 1214 an
1290 1184 1368 1215 forte
1389 1185 1486 1216 fames
1509 1186 1612 1228 aliqua
1630 1199 1677 1219 re-

213 1244 416 1285 linqueretur,
441 1253 512 1274 cum
528 1242 669 1272 homines
684 1246 849 1281 ceteraque
864 1240 1008 1270 animalia
1032 1244 1146 1276 essent,
1170 1249 1272 1280 neque
1294 1239 1388 1269 noxia
1408 1240 1536 1271 tamen?
1559 1245 1591 1272 et
1608 1242 1677 1273 sitis

213 1297 436 1340 appetitusque
451 1295 578 1338 reliqui,
593 1306 651 1326 nec
668 1294 740 1325 mali
758 1299 874 1331 tamen,
890 1293 972 1324 malo
989 1293 1115 1334 penitus
1130 1293 1299 1334 exstirpato
1314 1293 1325 1323 ?
1348 1304 1388 1323 an
1403 1294 1533 1325 ridicula
1548 1295 1678 1328 forsitan

214 1353 281 1383 haec
297 1351 428 1394 quaestio
444 1355 502 1387 est,
519 1350 594 1392 quid
612 1354 687 1380 tunc
699 1353 840 1389 restaret,
865 1347 942 1389 quid
965 1348 1053 1378 non?—
1097 1347 1171 1380 Με.
1196 1347 1275 1384 Quis
1297 1347 1408 1378 novit?
1454 1349 1509 1380 So.
1533 1349 1604 1381 Hoc
1617 1351 1678 1381 sal-

214 1410 277 1438 tem
293 1405 446 1445 novimus,
465 1405 552 1446 quod
574 1414 657 1434 nunc
674 1403 791 1434 accidit
805 1403 995 1434 esurientem
1010 1401 1093 1438 laedi,
1110 1401 1226 1433 accidit
1240 1406 1273 1433 et
1288 1401 1404 1443 juvari.
1450 1403 1520 1435 Με.
1547 1403 1677 1446 Utique.

214 1460 268 1492 So.
291 1459 407 1491 Nonne
421 1458 577 1490 sitientem
593 1468 731 1499 quoque,
747 1462 779 1488 et
795 1457 856 1488 alia
872 1456 1020 1499 quaelibet
1034 1455 1129 1498 hujus
1145 1455 1265 1497 generis
1279 1456 1471 1497 cupientem,
1485 1459 1676 1499 quandoque

213 1513 341 1551 utiliter,
357 1514 546 1556 quandoque
562 1512 667 1551 noxie,
681 1512 871 1553 quandoque
883 1516 992 1542 neutro
1006 1511 1111 1547 modO,
1124 1515 1271 1552 appetere
1283 1510 1420 1542 accidit?
1464 1511 1538 1544 ME.
1562 1513 1678 1545 Valde.

214 1568 269 1600 So.
292 1567 326 1599 Si
342 1568 422 1599 mala
437 1568 616 1609 perdantur,
633 1577 704 1608 quae
721 1566 801 1597 mala
816 1577 879 1596 non
894 1571 978 1602 sunt,
995 1576 1065 1597 cum
1081 1565 1140 1596 illis
1155 1575 1217 1596 una
1231 1565 1466 1597 interimentur?
1512 1567 1584 1599 ΜΕ.
1608 1568 1675 1600 Ne-

213 1631 381 1664 quaquam.
426 1622 482 1653 So.
506 1620 606 1652 Erunt
619 1621 713 1662 igitur
728 1620 888 1662 appetitus
904 1631 962 1651 nec
979 1621 1053 1650 boni
1075 1630 1134 1650 nec
1156 1620 1240 1656 mali,
1267 1619 1387 1651 etiamsi
1402 1620 1483 1651 mala
1497 1621 1613 1653 fuerint
1627 1623 1675 1654 ina

172 1693 176 1695 >
214 1680 356 1708 teremta.
401 1675 474 1708 ΜΕ.
498 1675 687 1706 Verisimile.
733 1675 790 1706 So.
814 1674 935 1705 Fierine
960 1678 1076 1716 potest,
1105 1678 1141 1704 ut
1164 1674 1220 1715 qui
1241 1674 1397 1705 desiderat
1423 1674 1554 1717 aliquid,
1581 1682 1676 1719 atque

215 1729 316 1766 ardet,
331 1729 362 1760 id
378 1729 482 1770 ipsum
497 1739 562 1759 non
578 1730 684 1760 amet?
730 1729 802 1760 Mn.
827 1728 913 1766 Non,
931 1733 966 1760 ut
982 1728 1055 1758 mihi
1071 1728 1205 1760 videtur.
1253 1727 1308 1760 So.
1331 1728 1401 1760 Hac
1418 1730 1458 1760 de
1473 1740 1567 1761 causa
1581 1732 1676 1763 etiam

216 1783 381 1814 destructis
397 1782 497 1819 malis,
521 1787 556 1813 ut
569 1783 703 1820 videtur,
719 1783 818 1814 amica
833 1782 986 1813 nonnulla
1001 1782 1170 1813 restabunt.
1215 1782 1287 1815 ME.
1310 1782 1371 1815 Ita.
1416 1784 1472 1815 So.
1496 1784 1551 1815 Sin
1572 1791 1677 1817 autem

214 1835 330 1867 malum
344 1846 438 1868 causa
453 1842 545 1874 esset,
573 1842 608 1868 ut
622 1837 752 1868 alterum
774 1837 899 1868 alterius
923 1842 1004 1868 esset
1025 1837 1171 1873 amicum,
1195 1836 1317 1867 sublato
1338 1837 1421 1868 malo
1442 1838 1521 1869 nihil
1543 1840 1676 1872 amicum

212 1895 305 1923 esset.
349 1901 421 1922 nam
438 1891 559 1923 sublata
573 1901 678 1929 causa,
702 1897 832 1923 eventus
848 1891 915 1932 ejus
931 1901 1087 1922 remanere
1108 1901 1172 1922 non
1195 1895 1309 1933 potest.
1354 1891 1427 1924 ΜΕ.
1450 1892 1552 1924 Probe
1567 1893 1677 1936 loque-

213 1944 267 1976 ris.
288 1942 293 1944 s
310 1944 366 1977 So.
388 1944 505 1976 Nonne
521 1956 614 1987 supra
631 1946 711 1977 inter
726 1957 783 1976 nos
802 1946 962 1986 convenit,
984 1946 1117 1977 amicum
1143 1956 1245 1976 amare
1267 1945 1399 1987 aliquid,
1421 1951 1454 1977 et
1476 1952 1602 1989 propter
1620 1949 1677 1980 ali-

212 1998 314 2041 quid?
338 2009 375 2031 ac
391 2003 519 2042 propter
535 2000 660 2037 malum,
675 2000 708 2031 id
725 2001 810 2042 quod
826 2011 885 2031 nec
900 1999 1016 2031 malum
1031 2005 1079 2031 est
1093 2011 1152 2031 nec
1165 2000 1293 2038 bonum,
1303 2000 1406 2042 ipsum
1423 2001 1538 2031 bonum
1552 2003 1677 2034 amare?

213 2052 287 2085 ΜΕ.
311 2052 478 2085 Convenit.
521 2053 577 2085 So.
599 2053 638 2084 Iu
658 2055 826 2096 praesentia
847 2059 952 2085 autem
975 2053 1035 2085 alia
1050 2055 1193 2096 quaedam
1218 2064 1312 2085 causa
1327 2054 1461 2085 vicissim
1478 2056 1603 2087 amandi
1618 2066 1675 2098 ap-

213 2111 314 2148 paret.
359 2107 433 2139 Mr..
458 2106 599 2139 Videtur.
644 2108 699 2139 So.
724 2108 892 2150 Nunquid,
920 2114 954 2139 ut
980 2110 1073 2140 modo
1101 2108 1294 2146 dicebamus,
1319 2108 1508 2139 desiderium
1531 2109 1676 2141 amicitiae

213 2170 308 2193 causa
330 2161 402 2192 est?
436 2165 469 2192 et
491 2161 524 2192 id
550 2162 634 2204 quod
661 2163 830 2200 desiderat,
857 2162 1024 2194 desiderati
1048 2167 1097 2194 est
1121 2162 1269 2200 amicum,
1295 2167 1370 2193 tunc
1401 2163 1528 2204 quando
1553 2164 1677 2196 deside-

213 2214 282 2244 rat?
305 2215 390 2255 quod
408 2225 478 2246 vero
503 2226 595 2257 supra
619 2216 752 2247 diximus
772 2217 905 2247 amicum
927 2227 1007 2256 esse,
1030 2217 1193 2248 umbratile
1219 2217 1369 2259 quiddam
1395 2220 1454 2253 est,
1478 2217 1567 2258 quasi
1591 2217 1677 2249 fictio

214 2267 364 2309 prolixius
379 2268 634 2310 circumscripta?
676 2270 750 2301 Mn.
774 2270 929 2313 Apparet.
973 2271 1030 2302 So.
1053 2270 1219 2302 Enimvero
1240 2271 1326 2312 quod
1346 2270 1483 2312 appetit,
1509 2270 1587 2302 illud
1613 2282 1677 2313 quo

213 2321 349 2364 indiget,
365 2322 496 2364 appetit.
541 2323 613 2354 Mn.
636 2324 676 2355 Id
692 2324 804 2366 ipsum.
849 2325 903 2356 So.
926 2325 1075 2366 Indigum
1092 2325 1210 2367 itaque,
1226 2325 1360 2356 amicum
1376 2330 1424 2355 est
1439 2324 1521 2354 illius
1542 2334 1605 2365 quo
1630 2325 1679 2356 in-

213 2375 312 2417 diget.
357 2376 430 2408 ΜΒ.
461 2371 512 2408 Sic'
542 2377 664 2418 opinor.
709 2379 765 2411 So.
800 2378 884 2421 Eget
909 2379 1075 2421 quodlibet
1099 2379 1167 2419 illo,
1194 2389 1212 2410 a
1239 2389 1302 2420 quo
1326 2377 1478 2419 privatum
1501 2383 1559 2410 est.
1607 2378 1682 2409 ΜΕ.

216 2428 303 2466 Quid
319 2430 489 2471 probibet?
534 2430 589 2462 So.
612 2431 691 2473 Ejus
705 2432 800 2474 igitur
813 2433 897 2475 quod
915 2433 1074 2475 proprium
1087 2438 1118 2464 et
1131 2439 1297 2475 cognatum
1314 2437 1373 2472 est,
1389 2437 1424 2462 ut
1436 2431 1568 2468 videtur,
1583 2442 1679 2469 amor,

215 2482 361 2520 amicitia,
378 2484 597 2526 appetitioque
613 2485 743 2523 exsistit,
767 2497 786 2517 o
811 2487 990 2518 Menexene
1013 2492 1109 2529 atque
1124 2487 1227 2529 Lysis.
1273 2487 1346 2518 Mn.
1371 2496 1412 2516 ΕΤ
1436 2485 1498 2518 Lv.
1522 2485 1679 2517 Concedi-

212 2546 292 2567 mus.
337 2536 393 2568 So.
416 2537 521 2574 Quare
545 2543 578 2570 et
603 2550 671 2576 voS‚
691 2539 717 2571 si
741 2540 833 2572 amici
856 2541 929 2572 estis
955 2541 1101 2578 invicem,
1122 2546 1232 2572 natura
1255 2540 1486 2582 quodammodo
1511 2540 1680 2581 propinqui

214 2589 301 2621 estis.
345 2589 418 2620 ΜΕ.
442 2601 483 2621 BT
507 2591 569 2623 Lv.
592 2592 635 2623 Et
649 2594 781 2625 maxime
797 2595 934 2636 quidem.
979 2596 1034 2626 So.
1059 2595 1102 2626 Et
1113 2595 1254 2637 quisquis
1270 2594 1348 2626 alius
1364 2594 1520 2625 desiderat
1535 2592 1643 2634 alium,
1659 2604 1678 2624 o

215 2643 316 2685 pueri,
332 2648 387 2674 aut
401 2649 495 2681 amat,
512 2645 553 2675 ob
568 2645 602 2676 id
618 2647 786 2688 desiderat,
802 2647 900 2690 [222]
925 2654 957 2680 et
972 2648 1089 2690 diligit,
1105 2654 1199 2691 atque
1216 2653 1309 2685 amat,
1323 2647 1409 2690 quod
1424 2646 1618 2688 propinquus
1633 2646 1679 2677 illi

215 2701 263 2728 est
289 2697 337 2727 vel
361 2698 532 2729 secundum
558 2699 703 2738 animam,
727 2701 775 2732 vel
801 2702 914 2733 animae
932 2703 1204 2740 consuetudinem,
1229 2709 1283 2734 aut
1307 2712 1419 2742 moreS‚
1439 2705 1494 2731 aut
1519 2700 1676 2740 speciem:

215 2750 355 2792 alioquin
380 2762 540 2793 nunquam
568 2752 722 2795 diligeret·
768 2755 936 2788 Consensit
964 2756 1058 2798 plane
1088 2757 1308 2799 Mmexenus:
1342 2755 1434 2797 Lysis
1461 2753 1570 2783 tacuit.
1615 2752 1678 2783 Sed

214 2810 287 2846 330,
302 2804 410 2841 QUOdo
425 2805 565 2847 inquam,
582 2811 692 2838 natura
708 2809 867 2850 proprium
883 2814 940 2851 est,
956 2811 1164 2842 necessarium
1178 2817 1227 2842 est
1241 2816 1276 2841 ut
1291 2818 1437 2840 amemus.
1483 2806 1555 2836 Mn.
1579 2804 1677 2836 Vide-

216 2863 277 2891 tur.
323 2858 379 2890 So.
403 2858 486 2901 Ergo
502 2860 707 2892 necessarium
724 2867 784 2903 est,
797 2867 833 2893 ut
849 2863 1017 2905 legitimus,
1044 2869 1075 2896 et
1098 2864 1225 2896 minime
1247 2863 1395 2895 simulans
1415 2864 1543 2895 amator,
1569 2862 1677 2889 mutuo

217 2911 257 2942 ab
278 2912 387 2943 amatis
413 2917 541 2946 ametur.
588 2914 645 2945 His
668 2914 758 2957 Lysis
780 2921 873 2958 atque
893 2917 1088 2950 Menexenus
1104 2919 1153 2950 vix
1180 2918 1307 2950 tandem
1330 2917 1528 2948 annuerunt:
1554 2909 1678 2953 Hippo-
