1846 3268
189 284 268 323 418
791 279 1057 320 PLAToms
1565 282 1665 336 [209

191 386 282 418 nixus
298 385 480 429 hujusmodi
495 391 590 429 atque
603 395 689 417 amor
705 384 836 416 cuilibet
849 385 944 417 inest.
990 385 1073 417 Cum
1088 385 1156 417 brec
1171 386 1339 425 audissem,
1355 385 1561 417 admiratione
1579 392 1666 420 eom·

191 445 294 472 motus
309 441 448 484 inquam,
464 441 600 478 Siccine,
617 439 760 470 Diutima
780 438 917 480 sapiens,
933 449 1039 470 revera
1054 439 1095 471 de
1109 439 1146 471 iis
1168 439 1399 481 judicandum?
1443 439 1536 481 Tum,
1549 439 1614 477 illa,
1629 443 1666 471 ut

190 494 322 535 perfecti
338 495 485 537 sophistae
500 494 616 534 solent,
633 493 728 526 Certo
746 493 840 534 scito,
853 492 970 534 inquit,
987 503 1006 524 o
1029 492 1182 525 Socrates.
1205 494 1323 525 etenim
1346 493 1371 524 si
1393 492 1500 535 gloriae
1515 492 1664 530 studium,

191 548 277 589 quod
293 538 473 580 hlominibus
489 549 583 585 inest,
599 547 796 579 considerare
811 546 960 584 volueris,
977 546 1177 578 admiraberis
1198 547 1365 579 ruditatem
1391 552 1488 584 tuam,
1504 547 1590 589 quod
1614 556 1664 584 ea,

190 610 262 643 qun
281 602 359 639 dixi,
386 613 452 633 non
475 601 550 633 satis
574 600 859 644 comprehenderis.
881 610 989 632 cernes
1011 599 1152 642 quidem,
1165 611 1260 643 quam
1272 602 1474 633 vehementer
1499 604 1663 642 exoptent.

189 660 283 687 notos
297 666 364 687 sese
380 656 525 687 omnibus
539 655 686 688 exhibere
701 655 778 686 etin
790 654 928 685 futurum
941 654 1145 686 immortalem
1158 654 1288 697 gloriam
1301 654 1465 696 consequi.
1487 665 1559 686 nam
1567 653 1664 696 hujus

189 709 300 750 gratia,
318 709 417 751 magis
431 711 524 751 quam
540 709 684 745 filiorum,
701 708 840 750 pericula
867 709 1015 746 subeunt,
1031 709 1181 750 pecunias
1195 713 1336 751 erogant,
1353 707 1537 751 laboresque
1560 707 1663 739 nullos

187 768 352 804 respuunt,
363 773 400 795 ac
415 763 554 804 denique
569 773 637 795 sese
652 763 743 794 morti
759 767 935 804 exponunt.
979 762 1032 794 An
1048 772 1158 794 censes
1180 762 1330 794 Alcesten
1346 773 1402 803 pro
1426 761 1566 796 Admeto
1582 761 1662 793 mori

189 816 338 854 voluisse,
353 822 407 848 aut
424 816 580 849 Achillem
596 817 628 848 in
645 817 766 848 ultione
782 816 920 848 Patrocli
935 815 1132 854 occumbere,
1144 821 1198 847 aut
1210 821 1344 848 vestrum
1357 816 1494 849 Codrum
1508 827 1565 858 pro
1579 815 1663 847 tilio·

188 880 255 901 rum
272 880 368 912 regno
383 871 495 913 perire,
511 870 573 902 nisi
589 870 793 902 immortalem
810 870 932 901 virtutis
944 870 1137 911 memoriam,
1155 871 1256 912 qualis
1270 871 1354 912 apud
1380 881 1437 902 nos
1459 874 1571 907 exstat,
1585 878 1663 901 con-

188 929 348 956 secuturos
363 923 653 967 se'praesagissent?
699 925 759 956 So.
782 924 891 966 Longe
906 924 1005 956 abest.
1028 922 1125 956 i'mmo
1150 934 1206 966 pro
1230 924 1396 954 immortali
1418 923 1531 955 virtute
1557 928 1591 956 et
1605 923 1662 954 ho·

190 982 282 1008 nesta
297 978 448 1019 opinione
464 983 580 1010 cuncta
594 979 674 1015 haec,
690 983 726 1008 ut
752 978 894 1019 arbitror,
910 983 1007 1019 agunt
1022 989 1030 1009 ε
1053 982 1086 1009 et
1109 988 1172 1020 quo
1196 977 1340 1008 meliores
1362 977 1503 1008 homines
1524 981 1608 1014 sunt,
1622 985 1662 1008 eo

192 1031 292 1072 magis
317 1032 357 1063 ad
381 1032 441 1063 ista
466 1032 674 1063 contendunt.
696 1041 769 1062 nam
796 1031 1061 1063 immortalitatem
1088 1035 1207 1063 amant.
1253 1031 1338 1062 Dio.
1362 1029 1554 1071 Quicunque
1569 1029 1664 1072 igitur

190 1094 321 1126 corpore
337 1085 477 1117 foecundi
493 1090 580 1126 sunt,
596 1085 635 1116 ad
651 1084 783 1116 seminas
799 1095 831 1116 se
848 1085 946 1127 magis
961 1090 1161 1122 convertunt,
1178 1089 1274 1127 atque
1290 1085 1333 1115 ita
1347 1089 1465 1122 amant,
1480 1089 1514 1116 et
1527 1083 1661 1116 filiorum

186 1137 388 1179 generatione
401 1138 676 1175 immortalitatem,
692 1138 886 1176 memoriam,
902 1138 1096 1176 felicitatem,
1113 1149 1169 1180 per
1192 1148 1286 1170 omne
1313 1142 1437 1180 tempus
1451 1137 1574 1180 assequi
1589 1147 1663 1179 spe·

185 1196 265 1223 rant.
289 1197 362 1223 sunt
377 1197 410 1223 et
424 1192 481 1234 qui
498 1193 633 1223 animam
657 1190 816 1233 gravidam
841 1192 940 1235 [209]
965 1197 1059 1234 atque
1083 1193 1264 1224 t'oecundam
1289 1192 1402 1234 magis,
1417 1201 1511 1234 quam
1534 1201 1661 1233 corpus,

185 1245 333 1279 habeant.
357 1246 389 1277 hi
404 1256 479 1277 sane
494 1247 683 1287 concipiunt
696 1255 746 1283 ea,
761 1257 832 1289 quae
855 1246 968 1278 animae
991 1252 1023 1278 et
1045 1247 1231 1288 concepisse
1253 1252 1287 1278 et
1311 1246 1477 1287 concipere
1499 1245 1662 1279 convenit.

185 1298 247 1330 Sed
273 1299 423 1340 quidnam
454 1301 630 1332 convenit?
674 1300 878 1332 Prudentiam
897 1300 1047 1332 videlicet
1072 1301 1211 1343 aliasque
1226 1300 1355 1332 virtutes
1369 1310 1377 1332 ε
1401 1307 1530 1342 quarum
1556 1307 1658 1330 rerum

186 1352 293 1394 poe'tae
309 1363 417 1385 omnes
432 1354 589 1395 genitores
604 1358 691 1396 sunt,
705 1364 764 1386 nec
779 1364 844 1385 non
860 1354 994 1386 artifices
1010 1353 1068 1393 illi,
1079 1354 1135 1396 qui
1146 1354 1325 1386 inventores
1336 1353 1493 1385 dicuntur.
1517 1351 1660 1385 Maxima

184 1414 258 1437 vero
270 1411 303 1437 ct
314 1407 452 1438 omnium
468 1407 722 1448 praestantissima
743 1407 911 1449 prudentia
924 1412 983 1446 est,
997 1417 1059 1449 qua
1074 1407 1180 1439 civilia
1195 1413 1228 1439 et
1243 1406 1417 1440 domestica
1433 1407 1660 1448 gubernantur,

185 1459 277 1501 cujus
292 1470 406 1492 nomen
433 1466 482 1493 est
506 1461 713 1502 temperantia
733 1467 828 1503 atque
850 1461 986 1503 justitia.
1030 1461 1183 1503 Quisquis
1202 1472 1277 1504 ergo
1302 1462 1449 1493 virtutum
1477 1459 1657 1502 hujusmodi

186 1519 298 1546 natura
316 1514 428 1556 plenus
443 1521 475 1547 et
491 1514 637 1557 gravidus
650 1521 708 1552 est,
723 1515 860 1557 ideoque
884 1516 1022 1558 divinus,
1038 1521 1130 1547 aetate
1152 1516 1259 1547 debita
1275 1515 1457 1547 imminente
1470 1524 1580 1556 parere
1590 1513 1659 1555 jam

184 1575 394 1611 generareque
411 1567 542 1600 affectat
556 1580 563 1600 =
588 1573 620 1600 et
635 1569 750 1601 iccirco
766 1569 881 1610 passim
899 1575 1040 1611 vagatur,
1055 1569 1228 1612 quaeritque
1246 1569 1420 1611 pulchrum,
1434 1569 1469 1600 in
1483 1577 1547 1608 quo
1563 1577 1659 1609 geue-

183 1622 292 1658 ret‚>in
318 1622 402 1664 turpi
428 1633 564 1665 namque
590 1622 730 1655 minime·
743 1628 916 1665 generaret.
964 1624 1167 1665 Quapropter
1188 1623 1369 1665 corporibus
1391 1621 1540 1664 speciosis
1562 1621 1660 1663 magis

182 1684 276 1717 quam
290 1676 484 1708 deformibus
498 1676 682 1718 gratulatur,
697 1682 808 1719 utpote
825 1688 1001 1720 praegnans.
1025 1678 1111 1720 quod
1128 1677 1152 1708 si
1170 1677 1306 1708 animam
1322 1680 1470 1718 praeterea
1486 1675 1660 1717 pulchram,

181 1739 363 1770 generosam
379 1730 578 1772 docilemque
594 1731 740 1772 reperiat,
757 1736 888 1773 utraque
904 1731 1138 1773 pulchritudine
1154 1735 1359 1763 concurrente
1376 1730 1504 1762 mirifice
1519 1729 1660 1761 delecta·

181 1788 242 1824 tur,
257 1788 291 1815 et
304 1794 408 1815 coram
425 1785 552 1816 homine
569 1784 624 1815 illo
635 1784 801 1816 confestim
819 1785 859 1816 de
874 1784 988 1817 virtute
1006 1785 1166 1827 loquendo
1182 1785 1333 1816 facundia
1349 1784 1460 1827 pollet,
1474 1782 1575 1826 qualis
1589 1791 1658 1815 esse

181 1837 296 1869 debeat
307 1838 355 1869 vir
369 1838 471 1870 bonus
485 1838 674 1881 edisserens,
688 1839 814 1880 quodve
830 1838 870 1870 sit
885 1839 954 1881 ejus
969 1839 1104 1871 officium
1118 1851 1127 1870 :
1150 1844 1248 1881 atque
1266 1839 1324 1871 hac
1349 1838 1494 1870 doctrina
1519 1837 1659 1869 imbuere

181 1889 269 1921 illum
295 1892 411 1926 studet.
456 1892 633 1924 Adhaerens
655 1893 776 1935 quippe
800 1893 944 1934 pulchro,
958 1904 1060 1935 eoque
1077 1893 1267 1924 familiariter
1283 1897 1387 1930 utens,
1409 1902 1481 1934 quae
1495 1891 1656 1933 quondam

181 1950 383 1987 conceperat,
402 1946 481 1987 parit
496 1951 528 1977 et
543 1946 658 1988 gignit,
673 1946 758 1978 illius
774 1952 836 1977 tam
853 1947 885 1978 in
907 1947 1051 1978 absentia
1072 1957 1167 1989 quam
1185 1946 1354 1988 praeseutia
1369 1956 1507 1978 memor:
1529 1945 1656 1987 quodve

180 1997 256 2029 inde
271 1999 422 2040 nascitur,
437 2009 507 2031 cum
523 1999 579 2031 illo
594 2000 801 2032 communiter
815 2001 912 2032 nutrit
927 2006 1024 2042 atque
1039 2001 1166 2033 educat.
1188 2000 1274 2032 unde
1290 2000 1501 2042 augustiorem
1514 2009 1654 2030 commu-

179 2050 307 2083 nionem
323 2052 552 2095 firmioremque
567 2054 736 2085 amicitiam
754 2054 889 2086 vicissim
912 2055 1103 2086 contrahunt
1126 2065 1220 2096 quam
1244 2054 1420 2085 mortalium
1446 2052 1581 2084 tiliorum
1597 2060 1658 2094 pa·

178 2111 295 2143 rentes,
311 2111 423 2148 utpote
443 2106 498 2148 qui
511 2106 547 2138 in
564 2106 635 2138 filiis
651 2107 876 2138 immortalibus
904 2107 1003 2149 magis
1028 2107 1316 2149 pulchrioribusque
1331 2117 1395 2138 una
1409 2106 1655 2138 communicant.

179 2160 296 2192 etenim
312 2159 492 2201 hujusmodi
507 2160 588 2191 filios
604 2160 738 2202 quilibet
752 2160 860 2202 potius
875 2171 970 2202 quam
985 2162 1137 2192 humanos
1153 2161 1295 2202 eligeret,
1312 2160 1481 2202 praesertim
1503 2159 1559 2201 qui
1581 2159 1653 2190 Ho-

180 2223 298 2246 merum
316 2214 556 2255 Hesiodumque
572 2214 751 2246 consideret
765 2220 798 2246 ct
811 2214 923 2256 poetas
939 2215 1018 2246 alios
1033 2215 1208 2251 aemuletur,
1231 2215 1307 2246 dum
1322 2214 1436 2255 cernit,
1451 2213 1559 2255 quales
1573 2212 1656 2244 filios

179 2268 393 2310 reliquerunt:
419 2268 560 2310 quicum
577 2268 767 2301 immortales
781 2270 855 2307 sint,
871 2269 1079 2301 immortalem
1102 2280 1230 2312 quoque
1256 2269 1386 2311 gloriam
1411 2263 1653 2309 memoriamque

180 2322 362 2363 parentibus
378 2322 596 2363 praebuerunt:
621 2323 794 2365 qualesque
810 2322 974 2366 Lycurgus
991 2323 1240 2356 Lacedaemoniis
1256 2323 1382 2364 reliquit
1396 2321 1488 2359 filios,
1504 2321 1653 2353 laecum

179 2375 294 2406 moniae
310 2385 348 2407 ac
363 2376 460 2407 totius
477 2386 567 2418 paene
582 2376 715 2408 Graeciae
733 2375 914 2411 servatores.
961 2378 1144 2409 Honoratur
1160 2383 1192 2408 et
1208 2377 1291 2419 apud
1310 2387 1367 2407 voa
1382 2380 1510 2418 propter
1523 2383 1655 2416 genera«

179 2429 297 2460 tionem
313 2429 418 2470 legum
433 2429 501 2471 ipse
517 2430 626 2467 Solon,
643 2430 759 2473 aliique
775 2431 921 2473 permulti
938 2431 1012 2463 alibi
1026 2432 1110 2473 apud
1127 2431 1256 2462 Graecos
1270 2436 1304 2461 et
1319 2430 1476 2470 barbaros,
1488 2428 1542 2470 qui
1555 2427 1654 2460 multa

180 2487 275 2524 atque
302 2484 449 2524 praeclara
479 2494 575 2525 opera
600 2485 863 2522 demonstrarunt,
894 2485 1038 2516 virtutem
1069 2495 1193 2516 omnem
1225 2487 1479 2526 progenerantcs.
1525 2482 1654 2520 Quibus

179 2536 299 2579 templa
319 2547 356 2569 ac
379 2547 464 2569 sacra
488 2537 586 2569 multa
611 2539 653 2570 ob
679 2539 860 2581 hujusmodi
881 2550 967 2581 saepe
989 2543 1079 2570 natos
1102 2539 1208 2570 dicata
1229 2543 1323 2569 sunt:
1347 2538 1388 2568 ob
1412 2537 1564 2569 humanos
1578 2541 1653 2569 vem

179 2591 282 2623 adhuc
298 2591 393 2623 alicui
409 2602 582 2634 nunquam.
626 2591 666 2623 In
682 2592 730 2624 his
746 2592 857 2635 utique
878 2592 1048 2630 amatoriis,
1070 2603 1088 2624 o
1103 2592 1259 2632 Socrates,
1274 2591 1341 2632 ipse
1355 2590 1484 2621 forsitan
1499 2588 1654 2621 industria

179 2650 233 2676 tua
247 2644 412 2676 initiareris
424 2657 434 2676 t
458 2650 559 2677 utrum
575 2655 648 2678 vero
664 2646 793 2678 ulterius
808 2646 974 2689 procedas,
990 2656 1028 2678 ac
1043 2646 1186 2688 perfecta
1211 2646 1337 2677 demum
1363 2643 1526 2683 amatoria,
1540 2651 1652 2684 quove

180 2699 311 2730 sublime
326 2702 483 2740 spectant,
507 2699 604 2743 [210]
628 2710 760 2742 quorum
777 2701 875 2742 gratia
901 2701 971 2732 haee
997 2705 1083 2742 sunt,
1100 2699 1328 2731 animadvertas
1343 2708 1352 2730 ε
1376 2703 1492 2734 utrum,
1508 2696 1652 2738 inquam,

179 2761 307 2795 pergere
322 2753 426 2785 valeas
451 2763 564 2791 necne,
579 2754 701 2795 ignoro.
724 2754 827 2787 dicam
853 2759 971 2792 tamen,
997 2753 1146 2796 omnique
1173 2753 1278 2784 studio
1306 2751 1364 2784 tibi
1390 2750 1589 2795 opitulabon
1615 2754 1651 2784 tu

180 2816 253 2840 vero
269 2817 325 2848 pro
341 2807 458 2840 viribus
473 2804 562 2849 sequi
577 2818 626 2838 me
641 2808 753 2841 nitere.
798 2807 934 2850 Oportet
949 2818 1034 2846 eum,
1050 2807 1106 2850 qui
1131 2808 1172 2838 ad
1196 2808 1256 2838 hoc
1281 2810 1366 2838 recto
1381 2805 1422 2837 sit
1437 2804 1559 2849 &amite
1569 2813 1649 2845 pros

179 2870 348 2901 gressurus,
363 2861 468 2893 statim
482 2861 523 2893 ab
538 2861 753 2894 adolescentia
768 2862 900 2904 pulchra
915 2871 1048 2903 corpora
1061 2859 1285 2902 contemplari:
1309 2864 1342 2891 et
1357 2859 1489 2899 primum
1506 2856 1651 2899 quidem,

179 2915 314 2946 simodo
331 2920 415 2948 reete
440 2915 584 2953 dueatur,
602 2925 698 2947 unum
722 2925 836 2957 corpus
858 2925 977 2956 amare,
991 2914 1098 2956 ibique
1122 2914 1256 2946 rationes
1281 2913 1428 2955 pulchras
1454 2911 1652 2952 producere5

178 2968 317 3011 cogitare
330 2969 447 3001 deinde
473 2969 753 3012 pulchritudinem,
770 2980 841 3013 quae
865 2970 988 3012 corpori
1009 2968 1139 3002 cuilibet
1163 2968 1257 3007 inest,
1273 2965 1399 2999 alterius
1420 2963 1557 3007 corporis
1581 2972 1649 2997 esse
