1832 3256
776 620 1127 675 LYSIS.

286 777 522 816 SOCRATES,
544 776 869 819 HIPPOTIIALES,
891 775 1143 814 CTESIPPUS,
1170 775 1460 817 MENEXENUS,
1481 776 1620 810 LYSIS.

218 900 315 944 [203]
333 902 414 934 Cum
431 914 468 934 ex
495 903 668 935 Academia
693 902 834 945 Lyceum
860 911 965 932 versus
987 910 1042 940 per
1066 899 1134 941 ipsa
1154 899 1301 931 suburbia
1315 900 1536 942 proficiscerer,
1562 901 1680 944 pylidi,

217 956 270 986 ubi
296 956 366 987 fons
391 962 438 987 est
462 956 659 998 Epanopius,
683 955 901 998 propinquavi‚
924 959 956 985 et
979 954 1022 985 ibi
1039 954 1268 996 Hippotlralem
1295 954 1482 997 Hieronymi
1508 955 1621 996 filium,
1647 959 1682 987 et

217 1008 402 1050 Ctesippum
419 1010 600 1046 Paeaneum,
622 1010 763 1051 aliosque
778 1019 841 1039 una
856 1018 926 1040 cum
943 1007 992 1039 his
1007 1008 1223 1039 adolescentes
1244 1007 1376 1040 offendi.
1423 1008 1506 1040 Cum
1521 1019 1572 1040 me
1596 1009 1682 1050 Hip-

216 1062 358 1104 pothales
384 1064 561 1095 venientem
587 1064 719 1105 videret,
741 1062 770 1094 O
794 1063 948 1099 Socrates,
971 1061 1085 1103 inquit,
1107 1071 1246 1104 quonam
1276 1067 1309 1093 et
1333 1062 1437 1094 unde?
1471 1061 1518 1094 At
1537 1073 1608 1104 ego,
1631 1062 1681 1094 Ex

214 1115 386 1148 Academia
399 1117 540 1160 Lyceum
556 1128 671 1149 versus.
713 1117 794 1148 Tum
809 1116 876 1153 ille,
900 1116 1076 1153 Adesdum,
1099 1126 1202 1158 neque
1226 1115 1353 1148 ulterius
1369 1117 1583 1158 progrediaris.
1626 1116 1682 1149 Ad

215 1170 282 1201 lraec
298 1170 457 1212 equidem,
483 1172 598 1209 Decet,
622 1172 767 1214 inquam:
792 1171 847 1202 sed
865 1171 1003 1211 ubinam,
1017 1175 1050 1201 et
1065 1171 1151 1212 apud
1167 1180 1244 1212 quos
1260 1175 1393 1202 vestrum
1410 1181 1478 1203 esse
1498 1181 1548 1202 me
1563 1171 1680 1203 vultis?

215 1223 275 1255 Ille
299 1235 383 1266 vero,
405 1238 423 1257 e
449 1226 575 1267 regione
599 1237 754 1257 murorum
779 1226 950 1257 ostendens
971 1225 1168 1267 gymnasium
1190 1224 1351 1266 quoddam
1375 1225 1628 1267 circumseptum,
1649 1230 1683 1257 et

210 1277 342 1319 januam
369 1286 529 1322 apertam:
554 1280 629 1318 Hic,
652 1280 708 1317 ait,
732 1290 855 1311 manere
878 1285 910 1311 te
934 1279 1088 1310 volumus.
1103 1279 1162 1318 ¹hic
1189 1283 1294 1309 autem
1318 1278 1380 1320 ipsi
1401 1283 1434 1309 et
1458 1278 1512 1309 alii
1527 1278 1630 1320 multi,
1650 1284 1684 1311 et

215 1331 344 1373 quidem
359 1334 493 1371 honesti,
520 1345 578 1365 nos
598 1344 786 1366 exercemus.
830 1334 887 1364 So.
922 1333 995 1370 Qua
1010 1332 1205 1374 potissimum
1220 1331 1253 1362 in
1269 1341 1301 1363 re
1322 1337 1370 1364 est
1394 1333 1462 1364 haeo
1477 1337 1579 1364 vestra
1593 1343 1682 1365 exer-

214 1386 347 1418 citatio?
392 1388 476 1419 Hu‘.
509 1388 548 1419 In
561 1388 716 1430 palaestra,
739 1397 811 1430 quae
826 1397 926 1429 nuper
940 1391 988 1417 est
1001 1385 1193 1418 constituta:
1240 1384 1338 1428 [204]
1386 1395 1424 1417 ac
1449 1390 1486 1417 ut
1509 1386 1682 1428 plurimum

214 1439 247 1470 in
272 1442 476 1479 sermonibus,
510 1453 589 1485 quos
619 1447 722 1473 tecum
751 1441 884 1472 libenter
907 1440 1218 1472 communicaremus
1264 1439 1320 1470 So.
1342 1437 1444 1471 Recte
1467 1439 1573 1482 agitis.
1616 1440 1682 1471 Sed

215 1492 286 1535 quis
301 1494 345 1526 ibi
359 1496 554 1538 praeceptor?
599 1496 683 1527 ΗΠ».
707 1496 818 1527 Socius
840 1500 912 1526 tuus
927 1499 960 1526 et
974 1494 1118 1526 laudator
1132 1494 1269 1525 Miccus.
1313 1494 1370 1525 So.
1392 1493 1454 1525 Per
1467 1494 1595 1533 Jovem,
1614 1504 1682 1526 non

213 1545 339 1588 ignarus
351 1549 406 1581 ille
420 1550 559 1592 quidem,
581 1551 635 1582 sed
652 1551 792 1593 sophista
807 1549 936 1591 peritus.
979 1548 1062 1581 Hu’.
1086 1547 1185 1580 Visne
1201 1559 1251 1580 me
1265 1548 1347 1580 intro
1362 1548 1463 1590 sequi,
1486 1553 1523 1580 ut
1535 1559 1602 1591 eos,
1623 1549 1680 1592 qui

213 1600 260 1632 ibi
275 1608 359 1640 sunt,
381 1603 512 1636 videas?
557 1605 612 1636 So.
635 1605 674 1636 Id
689 1604 722 1636 in
745 1604 852 1646 primis
877 1604 1010 1634 libenter
1029 1602 1179 1643 audirem,
1201 1603 1241 1633 ad
1267 1601 1345 1644 quid
1371 1602 1540 1645 ingrediar,
1562 1608 1596 1635 et
1609 1603 1682 1646 quis

212 1656 372 1689 honestior
385 1658 477 1691 adsit.
522 1658 604 1690 Hu’.
627 1657 719 1690 Alius
729 1658 781 1689 alii
798 1658 931 1694 videtur,
947 1667 966 1688 o
981 1656 1134 1688 Socrates.
1169 1656 1224 1688 So.
1247 1656 1321 1688 Tibi
1334 1667 1407 1688 vero
1423 1657 1494 1699 quis
1508 1657 1681 1696 honestior,

212 1722 231 1741 ο
246 1710 481 1753 Hippothales?
504 1713 568 1751 dic,
592 1714 732 1746 obsecro.
777 1713 823 1744 At
837 1712 891 1743 ille
912 1712 1122 1753 interrogatus
1138 1710 1285 1743 obticuit.
1328 1710 1410 1742 Tum
1425 1722 1498 1754 ego,
1520 1711 1550 1743 O
1565 1711 1679 1744 Hiero-

213 1766 304 1807 nymi
326 1766 370 1797 fili
385 1766 609 1810 Hippothales,
632 1773 734 1798 utrum
756 1766 870 1808 diligas
893 1765 1084 1808 quempiam,
1109 1776 1221 1803 necne,
1244 1765 1288 1796 nil
1315 1777 1395 1808 opus
1420 1771 1469 1797 est
1490 1770 1527 1797 ut
1547 1766 1682 1808 aperias.

214 1820 291 1851 novi
305 1820 402 1857 enim,
423 1832 516 1863 quam
532 1823 731 1853 vehementer
744 1821 979 1852 honestissimos
999 1830 1142 1862 quosque
1167 1820 1297 1862 diligere
1324 1821 1437 1852 soleam
1481 1820 1607 1852 Etenim
1629 1831 1684 1853 ce-

214 1874 289 1905 teris
304 1874 339 1906 in
354 1875 444 1906 rebus
458 1876 554 1907 hebes
568 1881 602 1907 et
624 1875 742 1906 inutilis
763 1885 850 1905 sum:
873 1874 907 1905 id
922 1879 1027 1905 auteur
1043 1884 1140 1904 unum
1157 1874 1232 1904 milri
1247 1885 1361 1905 munus
1375 1884 1395 1905 a
1408 1873 1481 1905 Deo
1495 1874 1616 1913 datum,
1645 1878 1682 1906 ut

213 1928 315 1969 primo
335 1935 464 1971 aspectu
479 1930 595 1961 amicos
610 1940 789 1971 agnoscam.
834 1928 885 1960 Ad
901 1930 968 1960 haec
982 1928 1036 1959 ille
1050 1928 1128 1959 nihil
1143 1928 1317 1970 respondit.
1361 1928 1479 1960 Verum
1494 1928 1678 1972 Ctesippus,

215 1983 319 2020 Quam
344 1984 479 2015 urbanus
503 1994 549 2025 es,
571 1984 686 2025 inquit,
711 1982 935 2025 Hippothales,
972 1983 1058 2024 quod
1082 1982 1175 2014 amici
1200 1982 1246 2013 tui
1275 1993 1390 2014 nomen
1416 1983 1536 2016 Socrati
1565 1983 1678 2015 referre

214 2036 311 2067 nolis!
336 2037 422 2079 quod
444 2037 469 2068 si
494 2037 652 2081 paulisper
666 2042 769 2069 tecum
783 2037 844 2068 iste
866 2042 1014 2077 versetur,
1035 2036 1144 2067 audiet
1167 2041 1199 2068 te
1218 2036 1317 2068 multa
1341 2037 1381 2068 de
1405 2037 1459 2068 illo
1482 2037 1678 2079 loquentem.

215 2090 307 2122 nobis
316 2090 396 2132 jam,
419 2102 438 2122 o
463 2091 618 2132 Socrates,
641 2102 729 2123 aures
743 2090 887 2133 implevit
900 2090 1027 2121 nomine
1042 2089 1180 2132 Lysidis.
1207 2090 1306 2122 solum
1322 2101 1393 2123 vero
1409 2095 1576 2133 postquam
1603 2092 1678 2124 sub·

216 2144 308 2183 bibit,
323 2145 450 2187 paulum
465 2145 697 2188 requiescimus.
720 2151 752 2177 et
767 2157 785 2176 e
799 2155 906 2176 somno
922 2144 1027 2185 exciti,
1047 2144 1121 2176 ilico
1136 2155 1251 2176 nomen
1265 2145 1395 2187 Lysidis
1405 2145 1512 2177 audire
1526 2146 1679 2180 videmur.

213 2198 257 2230 Et
271 2209 342 2241 quae
365 2199 468 2230 soluta
492 2200 632 2231 oratione
656 2200 714 2231 iste
740 2199 935 2241 pronuntiat,
973 2204 1047 2240 apte
1074 2199 1201 2240 quidem
1225 2205 1258 2230 et
1286 2200 1441 2231 concinne
1455 2200 1552 2238 dicta,
1575 2200 1679 2232 miuus

216 2257 320 2283 tamen
335 2253 533 2285 vehementia
547 2258 638 2285 sunt:
663 2258 695 2284 at
720 2253 865 2295 quotiens
890 2257 993 2284 nostra
1010 2252 1159 2294 poelmata
1173 2253 1350 2296 scriptaque
1365 2264 1514 2296 usurpare
1528 2259 1561 2286 et
1574 2255 1679 2287 effun-

215 2306 290 2337 dere
304 2306 424 2344 nititur,
446 2306 660 2339 vehementius
675 2307 758 2350 agit3
780 2312 813 2339 et
835 2307 920 2350 quod
937 2307 1060 2349 gravius
1079 2311 1139 2349 est,
1162 2306 1226 2338 alta
1240 2307 1410 2339 admodum
1425 2319 1502 2341 voce
1516 2309 1548 2340 in
1563 2309 1683 2342 amicos

215 2360 357 2402 quotidie
380 2365 497 2399 cantat,
521 2372 614 2404 quam
638 2372 696 2393 nos
719 2361 851 2394 tolerare
876 2371 1006 2393 necesse
1028 2366 1087 2394 est.
1110 2362 1205 2393 modo
1225 2373 1299 2394 vero
1315 2372 1333 2393 a
1348 2367 1378 2394 te
1393 2368 1519 2405 rogatus
1533 2364 1679 2398 obticuit.

215 2413 359 2453 Juvenis,
380 2414 520 2457 inquam,
542 2415 635 2458 Lysis
657 2416 709 2448 hic
733 2426 801 2448 esse
817 2416 952 2448 videtur.
976 2426 1048 2447 narn
1070 2416 1203 2447 audiens
1217 2415 1286 2458 ejus
1301 2427 1429 2455 nomen,
1445 2417 1529 2449 haud
1551 2419 1679 2460 agnovi.

215 2467 296 2500 Tum
306 2467 372 2508 ille,
394 2468 480 2501 Raro
491 2480 606 2501 nomen
618 2469 687 2512 ejus
700 2471 880 2502 enuntiatur
895 2483 902 2502 :
925 2471 979 2502 sed
995 2481 1033 2502 ex
1048 2470 1144 2513 patris
1157 2471 1296 2508 nomine,
1311 2482 1383 2502 cum
1397 2471 1438 2503 sit
1451 2471 1497 2503 vir
1509 2472 1680 2504 admodum

218 2522 344 2561 nobilis,
359 2523 461 2555 adhue
471 2523 598 2565 juvenis
612 2523 680 2566 ipse
701 2524 902 2566 significatur.
924 2524 958 2556 id
974 2524 1058 2556 enim
1073 2524 1148 2555 mihi
1164 2525 1347 2566 persuadeO,
1362 2525 1550 2567 permultum
1571 2526 1681 2559 abesse

218 2582 256 2608 ut
270 2577 398 2619 figuram
414 2576 482 2619 ejus
497 2577 640 2620 ignores:
669 2578 750 2610 adeo
764 2589 900 2621 namque
914 2579 1044 2610 honesta
1059 2578 1166 2610 indole
1181 2578 1330 2620 praeditus
1350 2585 1409 2617 est,
1429 2585 1464 2610 ut
1478 2579 1528 2611 vel
1551 2589 1590 2611 ea
1611 2579 1678 2612 sola

219 2635 312 2662 notus
337 2631 481 2662 omnibus
509 2642 576 2663 esse
604 2632 713 2675 possit.
757 2632 870 2675 Cujus,
891 2633 1032 2676 inquam,
1055 2633 1135 2664 filius
1165 2633 1232 2664 est?
1264 2633 1373 2671 dicite,
1396 2644 1515 2676 quoeso.
1557 2633 1679 2666 Demo-

218 2684 323 2722 cratis,
344 2684 459 2727 inquit,
482 2685 620 2718 AExonei
645 2686 744 2728 major
772 2692 849 2718 natu
878 2687 971 2720 filius.
1015 2686 1062 2719 At
1089 2698 1161 2729 ego,
1191 2687 1254 2729 En,
1281 2698 1300 2718 o
1331 2686 1554 2730 Hippothalcs,
1581 2698 1676 2730 quam

220 2748 399 2780 generosam
420 2744 678 2782 constantemque
703 2741 946 2773 benivolentiam
969 2747 1081 2773 nactus
1107 2752 1152 2774 es.
1197 2741 1279 2783 Age,
1302 2741 1379 2773 mihi
1400 2751 1526 2784 quoque
1551 2752 1623 2784 quoe
1646 2748 1681 2774 et

217 2792 285 2824 istis
300 2794 442 2832 ostende,
466 2793 563 2836 [205]
587 2799 622 2825 ut
636 2795 771 2837 videam,
794 2800 896 2828 utrum
911 2795 1003 2834 scias,
1025 2807 1095 2839 quae
1111 2796 1150 2828 de
1165 2796 1272 2828 amicis
1291 2795 1425 2828 amicum
1439 2796 1532 2827 decet
1546 2796 1587 2828 ad
1601 2806 1635 2828 se
1647 2801 1681 2828 et

219 2846 259 2877 ad
272 2846 348 2878 alios
362 2847 477 2881 dicere.
520 2848 603 2882 Hir.
627 2849 714 2887 Quid
729 2861 766 2881 ex
778 2850 827 2888 iis,
843 2861 915 2894 quae
930 2851 988 2883 iste
1000 2850 1148 2894 loquitur,
1170 2850 1352 2893 perpendis,
1374 2860 1393 2881 ο
1409 2850 1576 2882 Socrates?
1620 2853 1678 2884 So.

220 2900 332 2933 Utrum
361 2901 491 2944 diligere
514 2907 545 2934 te
569 2902 669 2947 illurn,
689 2915 783 2947 quem
798 2905 887 2946 dixit,
909 2906 1027 2949 neges?
1073 2905 1155 2938 Hu’.
1177 2904 1398 2948 Nequaquam,
1421 2905 1476 2936 sed
1498 2902 1576 2937 nihil
1590 2904 1679 2938 effin-
