1846 3268
277 265 356 304 234
877 256 1146 299 PLATONIS
1646 253 1746 313 [146

278 366 438 400 extulisse.
483 367 511 399 T
514 377 571 399 ns.
596 366 685 399 Bene
710 366 805 402 esset,
819 374 838 396 o
856 364 1023 396 Socratem
1046 362 1105 395 sed
1119 361 1206 399 vide,
1232 370 1272 394 ne
1295 360 1410 405 jocans
1432 361 1557 397 dixerit.
1598 363 1657 397 So.
1678 363 1757 397 Non

279 427 329 455 est
343 433 411 454 mos
433 421 493 453 istc
516 421 685 452 Theodori.
733 419 849 451 Verum
869 428 910 450 ne
930 406 1042 450 renuas
1068 427 1139 460 quae
1163 424 1313 449 concessa
1327 422 1412 456 sunt,
1428 417 1583 460 objiciens
1597 418 1684 460 quod
1699 419 1755 452 hic'

277 476 362 519 jocis
375 481 472 518 agat3
495 487 536 507 ne
563 475 668 506 testari
693 474 826 516 cogaris,
873 472 949 505 Non
969 472 1062 504 facile
1086 477 1146 514 est,
1161 471 1231 514 ejus
1257 472 1443 503 sententiam
1463 472 1610 511 refutare,
1625 474 1684 505 sed
1698 483 1757 506 au-

282 531 390 563 dacter
405 530 438 561 in
455 529 613 562 concessis
639 528 782 571 persiste.
823 527 912 559 Tur..
935 526 1106 569 Agendum
1132 531 1190 568 est,
1207 526 1232 558 si
1253 526 1311 558 tihi
1325 527 1459 559 videtur.
1502 527 1560 560 So.
1582 526 1661 566 Dic,
1683 537 1756 570 nge,

283 584 379 616 discis
395 584 500 626 aliqua
516 593 535 615 a
549 583 716 615 Theodoro
737 582 950 625 geometrica?
994 581 1083 613 Tne.
1105 580 1272 623 Equidem.
1319 581 1375 614 So.
1399 581 1479 619 Quae
1495 592 1568 614 vero
1591 582 1631 614 ad
1657 585 1756 614 astru-³

279 638 432 676 nomiam.
448 637 705 680 liar-moniamque
720 643 752 669 et
773 635 973 668 dialecticam
997 639 1154 677 spectant,
1168 634 1287 667 discis?
1330 634 1418 666 Tne.
1442 635 1578 667 Annitor
1592 635 1755 678 equidem.
1770 636 1778 642 ”

281 693 338 724 So.
363 691 432 734 Ego
445 702 585 734 quoque,
601 703 621 723 o
638 701 727 734 puer,
743 696 775 724 et
799 691 840 722 ab
862 691 923 722 lioc
937 694 970 722 et
984 690 1024 721 ab
1040 689 1122 728 aliis,
1138 699 1218 732 quos
1233 689 1353 732 aliquid
1366 699 1404 721 ex
1419 689 1467 721 his
1482 689 1656 732 intelligere
1670 690 1753 722 urb}-

280 751 362 778 tror:
387 751 420 778 et
446 746 551 789 quoad
579 746 653 784 alia,
668 746 701 777 in
720 746 768 777 his
791 744 952 776 moderate
977 753 1027 776 me
1050 743 1172 775 habeo:
1195 743 1343 786 exiguum
1359 754 1431 775 vero
1456 742 1607 786 quiddam
1631 744 1759 783 dubito,

280 801 368 842 quod
398 805 502 833 tecum
523 805 557 832 et
581 811 654 832 cum
675 800 744 831 istis
767 798 1032 841 investigandum.
1076 798 1182 835 Quare
1198 798 1273 829 mihi
1290 797 1492 840 respondeas,
1507 808 1573 830 oro.
1617 797 1671 830 An
1691 804 1759 830 nor!

280 855 401 886 discere
416 859 465 886 est
480 854 700 897 sapientiorem
716 854 749 885 in
765 864 804 885 eo
829 853 907 890 fieri,
928 853 1014 895 quod
1042 852 1174 895 quisque
1199 852 1317 884 discit?
1361 852 1450 886 Tne.
1474 852 1513 884 Id
1537 852 1652 895 ipsum.
1696 852 1756 887 So.

281 896 446 949 Sapientia
473 919 546 940 vero
577 908 736 950 sapientes
762 913 835 939 sunt
857 907 991 950 quilibet
1014 907 1198 949 sapientes?
1242 906 1330 939 Tun.
1369 906 1474 938 Certe.
1517 906 1574 940 So.
1597 906 1758 949 Nunquitf

267 962 342 1004 ‘hoc
366 962 399 992 in
425 962 532 1003 aliquo
556 973 575 994 a
598 961 730 994 scientia
755 961 885 992 differt?
929 961 1016 992 Tne.
1041 960 1227 998 Quidnam?
1273 960 1329 993 So.
1353 960 1516 1002 Sapientia
1537 960 1698 994 videlieet.
1721 961 1759 992 in‘r

281 1015 396 1057 quibus
411 1016 559 1053 scientes,
574 1015 606 1046 in
627 1015 739 1047 iisdem
767 1019 800 1046 et
824 1014 984 1056 sapientes
1000 1014 1096 1046 sunt?
1140 1013 1228 1046 Tria.
1251 1013 1340 1051 Quid
1366 1014 1538 1055 prohibet?
1581 1015 1639 1047 So.
1661 1013 1754 1047 Idem

282 1068 378 1110 igitur
404 1069 560 1111 sapientia
585 1076 617 1101 et
639 1069 773 1100 scientia
791 1068 862 1100 est?
907 1067 996 1100 Tne.
1019 1067 1122 1099 Idem.
1166 1067 1222 1099 So.
1247 1066 1319 1098 Hoc
1342 1067 1426 1098 illud
1449 1073 1508 1106 est,
1526 1069 1612 1110 quod
1637 1068 1750 1101 dubito

280 1128 386 1164 neque
409 1123 598 1156 concludere
622 1133 746 1155 mecum
773 1123 842 1165 ipse
857 1121 962 1163 valeo,
977 1122 1055 1164 quid
1079 1121 1212 1153 scientia
1231 1121 1284 1153 sit.
1305 1121 1470 1164 habemus,
1489 1122 1567 1165 quid
1592 1123 1633 1155 ad
1655 1122 1760 1167 [uo]

284 1175 348 1207 ista
363 1178 530 1211 dicamus?
555 1178 631 1220 quid
654 1187 721 1209 esse
745 1177 904 1209 asseritis?
928 1176 998 1218 quis
1023 1180 1163 1207 nostrum
1189 1175 1274 1217 prior
1299 1175 1467 1207 ostendet?
1513 1177 1670 1220 Quisquis
1682 1188 1758 1210 vero

282 1233 481 1270 aberraverit,
497 1232 602 1263 asinus
618 1231 739 1269 sedeat,
755 1235 791 1262 ut
805 1230 924 1263 circulo
940 1231 1085 1262 ludentes
1101 1230 1191 1272 pueri
1204 1229 1318 1262 ferunt.
1341 1230 1396 1272 qui
1420 1241 1511 1262 verax
1529 1230 1676 1270 extiterit,
1698 1232 1758 1264 du·

283 1288 454 1319 minabitur
477 1285 569 1317 nobis
595 1291 628 1317 et
646 1285 776 1327 jubebit
801 1283 954 1327 quicquid
975 1284 1158 1326 responderi
1173 1283 1318 1315 voluerit.
1363 1284 1451 1322 Quid
1476 1283 1599 1318 siletie?
1641 1285 1759 1330 Neque

281 1343 365 1374 enim
382 1341 470 1379 milii,
486 1352 504 1372 ο
519 1339 698 1377 Theodore,
714 1340 755 1370 ob
767 1339 930 1371 verborum
947 1339 1085 1370 studium
1101 1338 1276 1370 rusticitate
1291 1337 1356 1370 ulla
1370 1338 1417 1370 uti
1432 1343 1480 1370 est
1492 1339 1615 1372 animus
1628 1351 1637 1372 ε
1660 1339 1758 1383 cupio

282 1397 367 1428 enim
397 1405 454 1427 vos
476 1395 510 1427 in
538 1394 790 1436 disputationem
812 1393 974 1430 inducere,
1002 1393 1182 1435 amicosque
1206 1397 1239 1424 et
1268 1392 1476 1425 collocutores
1502 1393 1637 1426 invicem
1666 1394 1758 1427 fieri?

282 1448 395 1483 Trito.
419 1449 558 1481 Minime
572 1449 647 1486 hoc,
663 1459 682 1479 o
698 1448 855 1485 Socrates,
870 1447 1020 1479 rusticum
1036 1452 1130 1480 esset.
1153 1447 1230 1489 quin
1246 1458 1284 1478 ex
1301 1447 1348 1478 his
1363 1448 1467 1489 pueris
1482 1448 1618 1490 aliquem
1629 1458 1760 1491 respon-

284 1506 359 1537 dere
372 1503 429 1535 tibi
441 1503 567 1546 jubeas.
590 1513 662 1534 nam
678 1503 746 1535 haec
770 1501 958 1543 disputandi
980 1501 1060 1534 ratio
1084 1501 1208 1533 insueta
1233 1501 1312 1533 mihi
1333 1506 1404 1542 est;
1425 1507 1458 1533 et
1471 1511 1648 1535 assuescere
1671 1513 1758 1536 nunc

284 1564 361 1590 aetas
375 1557 533 1600 prohibet.
554 1558 612 1594 lios
628 1561 731 1588 autem
749 1556 847 1598 magis
862 1556 922 1588 ista
937 1557 1064 1594 decent,
1080 1561 1113 1588 et
1135 1556 1229 1598 longe
1250 1556 1348 1598 magis
1371 1556 1548 1598 proficient.
1572 1567 1606 1589 re
1619 1567 1693 1589 vera
1702 1557 1758 1600 ju-

284 1618 399 1645 ventus
416 1612 448 1643 in
464 1611 609 1643 omnibus
625 1610 762 1653 proficit.
785 1619 894 1652 quare,
910 1614 945 1641 ut
959 1610 1095 1652 coepisti,
1111 1620 1152 1642 ne
1167 1609 1308 1641 dimittas
1322 1610 1530 1649 Theaetetum,
1546 1611 1602 1643 sed
1623 1620 1695 1644 eum
1709 1612 1757 1643 in·

284 1673 418 1710 terroga.
463 1666 520 1698 So.
545 1664 661 1702 Audis,
677 1675 697 1696 o
721 1664 899 1702 Theaetete,
912 1674 984 1706 quae
1009 1664 1086 1696 dicit
1109 1664 1317 1696 Theodorus?
1340 1664 1391 1696 cui
1407 1670 1454 1702 tu,
1469 1669 1506 1696 ut
1519 1665 1644 1714 opinor,
1657 1665 1762 1698 liben-

282 1726 331 1753 ter
343 1720 486 1753 obedies.
509 1724 613 1761 neque
629 1718 711 1750 enim
728 1717 774 1749 fas
786 1723 846 1755 est,
863 1722 898 1748 ut
921 1717 1105 1759 hujusmodi
1129 1718 1162 1749 in
1178 1718 1269 1750 rebus
1283 1718 1422 1761 sapienti
1436 1719 1503 1751 viro
1514 1711 1643 1762 juvenis
1656 1720 1766 1752 minus-

283 1779 405 1817 pareat.
448 1773 593 1815 Ingenue
609 1783 684 1815 ergo
707 1773 876 1814 responde,
892 1772 969 1814 quid
993 1782 1061 1804 esse
1084 1766 1248 1805 scientiam
1273 1772 1423 1815 opineris.
1467 1773 1556 1807 Tm.
1580 1773 1761 1807 Parendum

284 1834 344 1866 est,
360 1839 379 1859 o
406 1828 564 1868 Socrates,
587 1827 716 1869 quando
733 1827 861 1868 quidem
877 1837 934 1857 vos
952 1827 1122 1869 imperatis.
1146 1827 1172 1859 si
1197 1837 1260 1870 qua
1280 1827 1364 1859 enim
1381 1828 1413 1858 in
1428 1838 1462 1859 re
1483 1828 1676 1867 aberravero,
1690 1836 1760 1861 cor-¹

283 1882 404 1923 rigetis.
450 1881 506 1913 So.
530 1881 693 1912 Faciemus
718 1881 827 1923 procul
854 1881 964 1919 dubio,
995 1881 1021 1912 si
1050 1892 1114 1923 quo
1144 1882 1240 1913 modo
1264 1882 1449 1924 poteritnus.
1491 1882 1579 1917 Tun.
1601 1883 1760 1915 Videntur

283 1935 362 1967 milii
377 1935 516 1967 scientiae
533 1945 612 1971 esse,
629 1944 700 1976 quae
721 1934 792 1976 quis
815 1945 834 1965 a
858 1933 1026 1965 Theodoro
1042 1935 1163 1967 discere
1178 1940 1294 1977 potest,
1311 1936 1480 1978 geometria
1491 1942 1524 1968 et
1537 1937 1670 1980 reliqua,
1685 1945 1759 1980 qum

285 1990 318 2021 in
335 1989 546 2031 superioribus
559 1988 746 2020 enumerasti
761 1998 771 2020 ι
796 1992 946 2030 praeterea
960 1989 1131 2020 cerdonum
1147 1989 1342 2032 aliorumque
1356 1989 1506 2033 opificum
1518 1994 1599 2022 artes
1609 1994 1642 2022 et
1651 2000 1764 2023 omnes

286 2048 320 2076 ct
337 2043 471 2086 singnlae
488 2043 567 2074 nihil
592 2041 678 2074 aliud
701 2052 794 2084 quam
819 2042 957 2074 scientiae
981 2048 1069 2077 sunt.
1111 2044 1168 2075 So.
1192 2043 1354 2076 Generose
1369 2054 1406 2076 ac
1419 2044 1596 2087 magnifice,
1612 2055 1632 2076 ο
1646 2044 1763 2083 amice,

282 2097 323 2129 de
338 2107 403 2129 uno
419 2102 560 2140 rogatus,
577 2097 676 2129 multa
690 2097 839 2139 variaque
866 2107 923 2140 pro
948 2097 1084 2139 simplici
1110 2097 1239 2131 dedisti.
1283 2098 1370 2131 Tu.
1394 2098 1468 2136 Qua
1482 2098 1602 2131 ratione
1615 2099 1650 2131 id
1665 2099 1722 2137 uis,
1736 2107 1761 2131 α

284 2151 455 2183 Socrates?
501 2151 558 2183 So.
581 2151 674 2183 Forte
699 2151 778 2183 nihil
802 2151 887 2185 dico.
911 2152 997 2194 quod
1022 2157 1127 2184 tamen
1158 2157 1249 2194 puto,
1281 2152 1430 2194 aperiam.
1477 2153 1634 2191 Quotiens
1658 2158 1758 2186 artem

284 2206 484 2238 cerdonicam
501 2205 594 2244 dicis,
609 2205 692 2237 nihil
701 2205 787 2237 aliud
803 2205 850 2237 ais
864 2216 959 2249 quam
975 2206 1241 2239 conficiendorum
1257 2206 1431 2239 calceorum
1447 2207 1634 2240 scientiam?
1668 2206 1761 2241 Tne.

278 2259 369 2291 Nihil
386 2259 485 2291 aliud.
530 2260 589 2293 So.
613 2259 701 2297 Quid
719 2270 823 2302 porro,
838 2269 910 2292 cum
926 2261 1128 2299 tectonicam‚
1141 2261 1174 2292 id
1201 2266 1249 2293 est
1275 2261 1418 2293 fabrilem
1430 2262 1551 2294 artem?
1573 2268 1648 2295 num
1665 2260 1754 2294 aliud

281 2323 378 2354 quam
402 2313 579 2356 ligneorum
605 2324 735 2356 operum
761 2313 950 2346 scientiam?
995 2314 1082 2347 Tun.
1105 2314 1161 2346 Nil
1186 2319 1281 2347 certe.
1327 2315 1383 2348 So.
1405 2315 1444 2346 In
1459 2316 1598 2358 utrisque
1611 2315 1709 2359 igitur
1719 2315 1757 2348 id

282 2368 437 2405 declaras,
453 2367 545 2410 cnjus
572 2373 704 2410 utraque
724 2369 857 2400 scientia
881 2369 950 2401 est?
995 2369 1083 2400 Tun.
1107 2369 1266 2401 Profecto.
1312 2368 1368 2402 So.
1393 2369 1534 2407 Quaestio
1558 2379 1632 2403 vero
1650 2374 1757 2402 nostru

280 2426 346 2453 non
370 2423 440 2453 haec
463 2426 540 2460 erat,
555 2433 687 2465 quorum
714 2428 798 2469 esset
822 2423 969 2462 scientia,
985 2428 1018 2455 et
1041 2428 1120 2465 quot
1145 2423 1219 2456 sint.
1242 2433 1307 2454 non
1333 2423 1416 2455 enim
1441 2422 1628 2456 numerandi
1652 2423 1753 2467 gratie

282 2476 514 2518 querebamus,
540 2477 596 2508 sed
623 2477 789 2515 noscendi,
812 2477 889 2520 quid
913 2477 982 2520 ipsa
1007 2477 1140 2510 scientia.
1162 2478 1213 2510 sit.
1237 2488 1278 2509 an
1301 2478 1380 2510 nihil
1406 2478 1502 2510 dico?
1545 2478 1634 2511 Tun.
1655 2476 1760 2511 Immo

280 2535 376 2562 recte.
398 2530 496 2573 [14⁷]
522 2531 577 2562 So.
601 2531 744 2564 Adverte
758 2536 791 2564 et
804 2533 878 2566 hoc.
923 2532 956 2564 Si
980 2531 1050 2575 quis
1073 2543 1130 2564 nos
1146 2533 1187 2564 de
1200 2532 1306 2575 aliquo
1322 2534 1429 2564 horum
1443 2531 1551 2564 vilium
1567 2532 1756 2575 vulgarium·

281 2594 343 2626 que
360 2590 574 2627 percontetur,
592 2586 689 2618 veluti
713 2586 754 2618 de
779 2587 861 2629 luto,
882 2586 960 2630 quid
987 2587 1040 2626 sit,
1055 2587 1148 2630 eique
1172 2588 1430 2630 respondeamus,
1445 2587 1544 2619 lutum
1571 2595 1678 2619 eorum
1701 2585 1758 2629 qui

281 2638 372 2676 ollas,
389 2638 490 2670 lutum
504 2649 610 2671 eorum
626 2641 680 2682 qui
696 2640 838 2673 furnulos
853 2642 1038 2680 laternasve,
1055 2642 1154 2674 lutum
1178 2653 1284 2675 eorum
1301 2642 1356 2685 qui
1372 2643 1482 2675 lateres
1497 2641 1632 2684 fingunt,
1647 2644 1756 2673 nonne

280 2691 406 2724 ridiculi
431 2693 619 2725 videamur?
663 2694 751 2727 Tur..
774 2696 879 2729 Forte.
926 2697 980 2728 So.
1004 2696 1110 2728 Primo
1135 2697 1265 2739 quidem
1293 2697 1372 2729 salso
1395 2696 1624 2739 judicaremus,
1647 2693 1757 2727 existi·

282 2751 403 2778 mantes
428 2757 512 2785 eum,
529 2747 586 2790 qui
608 2749 792 2792 interrogat,
808 2750 986 2793 intelligere
1011 2761 1082 2789 nos,
1097 2751 1246 2794 quotiens
1271 2751 1496 2794 respondemus
1521 2749 1622 2782 lutum
1648 2756 1756 2781 eorum

281 2800 334 2842 qui
351 2800 515 2833 simulacra
542 2808 709 2843 puerorum
733 2804 868 2846 fingunt,
883 2805 933 2836 vel
960 2804 1091 2836 aliorum
1118 2805 1323 2847 hujusmodi:
1348 2805 1465 2837 deinde
1487 2807 1591 2847 putas,
1616 2802 1754 2846 aliquem

281 2855 480 2896 cogniturum
507 2856 598 2898 cnjus
629 2857 824 2899 potissimum
855 2870 971 2891 nomen
1002 2859 1122 2902 aliquid
1150 2861 1202 2899 sit,
1227 2860 1288 2891 nisi
1309 2859 1385 2902 quid
1403 2858 1443 2891 sit
1465 2857 1546 2890 ill-id
1569 2855 1756 2900 agnoverit?

278 2907 366 2941 Tne.
389 2908 488 2941 Nullo
515 2915 620 2952 paeto.
665 2911 721 2943 So.
745 2912 828 2955 Ergo
851 2924 955 2955 neque
971 2913 1136 2946 scientiam
1160 2914 1336 2946 calceorum
1361 2917 1482 2950 noscet,
1507 2910 1564 2955 qui
1587 2910 1753 2945 scientim

282 2962 410 2997 minime
440 2964 538 2997 novit.
582 2965 671 2998 Tus.
693 2965 768 2998 Non
794 2971 891 2999 certe.
937 2967 994 3002 So.
1019 2968 1227 3001 Cei-donicum
1258 2977 1384 3010 quoque
1413 2965 1582 3010 ignorabit,
1612 2964 1758 3011 qntsqnis
