<?xml version="1.0" encoding="UTF-8"?>
<!DOCTYPE html PUBLIC "-//W3C//DTD XHTML 1.0 Transitional//EN"
    "http://www.w3.org/TR/xhtml1/DTD/xhtml1-transitional.dtd">
<html xmlns="http://www.w3.org/1999/xhtml" xml:lang="en" lang="en">
 <head>
  <title>
</title>
<meta http-equiv="Content-Type" content="text/html;charset=utf-8" />
  <meta name='ocr-system' content='tesseract 3.04.00' />
  <meta name='ocr-capabilities' content='ocr_page ocr_carea ocr_par ocr_line ocrx_word'/>
</head>
<body>
  <div class='ocr_page' id='page_1' title='image "./platonisetquaeve10plat_0293.png"; bbox 0 0 1846 3268; ppageno 0'>
   <div class='ocr_carea' id='block_1_1' title="bbox 165 295 1634 354">
    <p class='ocr_par' dir='ltr' id='par_1_1' title="bbox 165 295 1634 354">
     <span class='ocr_line' id='line_1_1' title="bbox 165 295 1634 354; baseline 0.003 -19"><span class='ocrx_word' id='word_1_1' title='bbox 165 301 249 354; x_wconf 61' lang='grc' dir='ltr'>ι93]</span> <span class='ocrx_word' id='word_1_2' title='bbox 841 295 1017 337; x_wconf 84' lang='lat' dir='ltr'>MENO.</span> <span class='ocrx_word' id='word_1_3' title='bbox 1555 303 1634 343; x_wconf 80' lang='lat'>283</span> 
     </span>
    </p>
   </div>
   <div class='ocr_carea' id='block_1_2' title="bbox 166 401 1635 3036">
    <p class='ocr_par' dir='ltr' id='par_1_2' title="bbox 166 401 1635 3036">
     <span class='ocr_line' id='line_1_2' title="bbox 179 401 1633 452; baseline -0.003 -11"><span class='ocrx_word' id='word_1_4' title='bbox 179 407 234 452; x_wconf 88' lang='lat' dir='ltr'>qui</span> <span class='ocrx_word' id='word_1_5' title='bbox 248 418 267 440; x_wconf 85' lang='lat' dir='ltr'>a</span> <span class='ocrx_word' id='word_1_6' title='bbox 281 404 438 440; x_wconf 71' lang='lat' dir='ltr'>nonnullis</span> <span class='ocrx_word' id='word_1_7' title='bbox 459 402 595 435; x_wconf 86' lang='lat' dir='ltr'>omnium</span> <span class='ocrx_word' id='word_1_8' title='bbox 612 401 833 444; x_wconf 71' lang='lat' dir='ltr'>sapientissimi</span> <span class='ocrx_word' id='word_1_9' title='bbox 850 402 1059 444; x_wconf 79' lang='lat' dir='ltr'>judicantur?</span> <span class='ocrx_word' id='word_1_10' title='bbox 1101 403 1170 438; x_wconf 69' lang='lat' dir='ltr'>An.</span> <span class='ocrx_word' id='word_1_11' title='bbox 1192 405 1303 447; x_wconf 81' lang='lat' dir='ltr'>Longe</span> <span class='ocrx_word' id='word_1_12' title='bbox 1324 405 1424 443; x_wconf 75' lang='lat' dir='ltr'>abest,</span> <span class='ocrx_word' id='word_1_13' title='bbox 1446 411 1482 437; x_wconf 82' lang='lat' dir='ltr'>ut</span> <span class='ocrx_word' id='word_1_14' title='bbox 1498 406 1633 439; x_wconf 70' lang='lat' dir='ltr'>insanire</span> 
     </span>
     <span class='ocr_line' id='line_1_3' title="bbox 178 455 1634 503; baseline -0.001 -8"><span class='ocrx_word' id='word_1_15' title='bbox 178 463 334 502; x_wconf 80' lang='lat' dir='ltr'>dicantur,</span> <span class='ocrx_word' id='word_1_16' title='bbox 348 459 544 491; x_wconf 74' lang='lat' dir='ltr'>osocmoes:</span> <span class='ocrx_word' id='word_1_17' title='bbox 568 456 623 487; x_wconf 87' lang='lat' dir='ltr'>sed</span> <span class='ocrx_word' id='word_1_18' title='bbox 638 455 735 487; x_wconf 82' lang='lat' dir='ltr'>multo</span> <span class='ocrx_word' id='word_1_19' title='bbox 752 455 848 498; x_wconf 77' lang='lat' dir='ltr'>magis</span> <span class='ocrx_word' id='word_1_20' title='bbox 865 455 1011 497; x_wconf 85' lang='lat' dir='ltr'>juvenes,</span> <span class='ocrx_word' id='word_1_21' title='bbox 1036 457 1092 498; x_wconf 89' lang='lat' dir='ltr'>qui</span> <span class='ocrx_word' id='word_1_22' title='bbox 1109 457 1170 488; x_wconf 88' lang='lat' dir='ltr'>illis</span> <span class='ocrx_word' id='word_1_23' title='bbox 1192 464 1354 500; x_wconf 82' lang='lat' dir='ltr'>argentum</span> <span class='ocrx_word' id='word_1_24' title='bbox 1376 459 1515 493; x_wconf 78' lang='lat' dir='ltr'>tradunt.</span> <span class='ocrx_word' id='word_1_25' title='bbox 1538 465 1634 503; x_wconf 69' lang='lat' dir='ltr'>utque</span> 
     </span>
     <span class='ocr_line' id='line_1_4' title="bbox 177 509 1635 554; baseline -0.003 -5"><span class='ocrx_word' id='word_1_26' title='bbox 177 516 225 549; x_wconf 87' lang='lat' dir='ltr'>his</span> <span class='ocrx_word' id='word_1_27' title='bbox 239 515 333 548; x_wconf 79' lang='lat' dir='ltr'>etiam</span> <span class='ocrx_word' id='word_1_28' title='bbox 349 511 516 544; x_wconf 88' lang='lat' dir='ltr'>deteriores</span> <span class='ocrx_word' id='word_1_29' title='bbox 531 514 616 550; x_wconf 86' lang='lat' dir='ltr'>sunt,</span> <span class='ocrx_word' id='word_1_30' title='bbox 631 509 656 540; x_wconf 87' lang='lat' dir='ltr'>si</span> <span class='ocrx_word' id='word_1_31' title='bbox 671 509 725 551; x_wconf 90' lang='lat' dir='ltr'>qui</span> <span class='ocrx_word' id='word_1_32' title='bbox 743 509 827 547; x_wconf 85' lang='lat' dir='ltr'>illos,</span> <span class='ocrx_word' id='word_1_33' title='bbox 843 520 975 552; x_wconf 90' lang='lat' dir='ltr'>quorum</span> <span class='ocrx_word' id='word_1_34' title='bbox 995 511 1036 542; x_wconf 86' lang='lat' dir='ltr'>ad</span> <span class='ocrx_word' id='word_1_35' title='bbox 1055 521 1088 542; x_wconf 88' lang='lat' dir='ltr'>se</span> <span class='ocrx_word' id='word_1_36' title='bbox 1108 521 1182 543; x_wconf 83' lang='lat' dir='ltr'>cura</span> <span class='ocrx_word' id='word_1_37' title='bbox 1201 512 1349 554; x_wconf 79' lang='lat' dir='ltr'>pertinet,</span> <span class='ocrx_word' id='word_1_38' title='bbox 1371 513 1410 545; x_wconf 89' lang='lat' dir='ltr'>iis</span> <span class='ocrx_word' id='word_1_39' title='bbox 1424 513 1635 547; x_wconf 78' lang='lat' dir='ltr'>committant.</span> 
     </span>
     <span class='ocr_line' id='line_1_5' title="bbox 177 562 1634 609; baseline -0.001 -8"><span class='ocrx_word' id='word_1_40' title='bbox 177 568 315 601; x_wconf 89' lang='lat' dir='ltr'>omnium</span> <span class='ocrx_word' id='word_1_41' title='bbox 332 569 484 608; x_wconf 86' lang='lat' dir='ltr'>postremo</span> <span class='ocrx_word' id='word_1_42' title='bbox 492 562 695 594; x_wconf 75' lang='lat' dir='ltr'>insanissimas</span> <span class='ocrx_word' id='word_1_43' title='bbox 705 567 777 593; x_wconf 88' lang='lat' dir='ltr'>sunt</span> <span class='ocrx_word' id='word_1_44' title='bbox 789 573 837 594; x_wconf 89' lang='lat' dir='ltr'>res</span> <span class='ocrx_word' id='word_1_45' title='bbox 849 563 994 605; x_wconf 75' lang='lat' dir='ltr'>publicae,</span> <span class='ocrx_word' id='word_1_46' title='bbox 1006 574 1076 605; x_wconf 63' lang='lat' dir='ltr'>quas</span> <span class='ocrx_word' id='word_1_47' title='bbox 1088 564 1157 595; x_wconf 86' lang='lat' dir='ltr'>illos</span> <span class='ocrx_word' id='word_1_48' title='bbox 1169 566 1331 607; x_wconf 87' lang='lat' dir='ltr'>excipiunt</span> <span class='ocrx_word' id='word_1_49' title='bbox 1340 577 1443 609; x_wconf 89' lang='lat' dir='ltr'>neque</span> <span class='ocrx_word' id='word_1_50' title='bbox 1458 567 1634 609; x_wconf 79' lang='lat' dir='ltr'>expellunt,</span> 
     </span>
     <span class='ocr_line' id='line_1_6' title="bbox 175 616 1633 664; baseline -0.001 -10"><span class='ocrx_word' id='word_1_51' title='bbox 175 624 239 654; x_wconf 85' lang='lat' dir='ltr'>sive</span> <span class='ocrx_word' id='word_1_52' title='bbox 255 621 323 664; x_wconf 89' lang='lat' dir='ltr'>quis</span> <span class='ocrx_word' id='word_1_53' title='bbox 339 620 460 651; x_wconf 85' lang='lat' dir='ltr'>advena</span> <span class='ocrx_word' id='word_1_54' title='bbox 472 628 528 649; x_wconf 85' lang='lat' dir='ltr'>seu</span> <span class='ocrx_word' id='word_1_55' title='bbox 543 617 620 648; x_wconf 85' lang='lat' dir='ltr'>civis</span> <span class='ocrx_word' id='word_1_56' title='bbox 636 616 696 648; x_wconf 87' lang='lat' dir='ltr'>hoc</span> <span class='ocrx_word' id='word_1_57' title='bbox 711 627 792 658; x_wconf 88' lang='lat' dir='ltr'>opus</span> <span class='ocrx_word' id='word_1_58' title='bbox 807 617 1014 658; x_wconf 82' lang='lat' dir='ltr'>aggrediatur.</span> <span class='ocrx_word' id='word_1_59' title='bbox 1059 617 1115 649; x_wconf 90' lang='lat' dir='ltr'>So.</span> <span class='ocrx_word' id='word_1_60' title='bbox 1138 617 1224 649; x_wconf 87' lang='lat' dir='ltr'>Num</span> <span class='ocrx_word' id='word_1_61' title='bbox 1239 619 1352 661; x_wconf 82' lang='lat' dir='ltr'>aliquis</span> <span class='ocrx_word' id='word_1_62' title='bbox 1366 626 1398 651; x_wconf 84' lang='lat' dir='ltr'>te</span> <span class='ocrx_word' id='word_1_63' title='bbox 1413 620 1633 662; x_wconf 75' lang='lat' dir='ltr'>sophistarum,</span> 
     </span>
     <span class='ocr_line' id='line_1_7' title="bbox 174 670 1634 718; baseline 0 -11"><span class='ocrx_word' id='word_1_64' title='bbox 174 689 192 709; x_wconf 92' lang='lat' dir='ltr'>o</span> <span class='ocrx_word' id='word_1_65' title='bbox 217 677 337 718; x_wconf 78' lang='lat' dir='ltr'>Anyte,</span> <span class='ocrx_word' id='word_1_66' title='bbox 359 673 472 715; x_wconf 83' lang='lat' dir='ltr'>injuria</span> <span class='ocrx_word' id='word_1_67' title='bbox 495 681 633 713; x_wconf 85' lang='lat' dir='ltr'>unquam</span> <span class='ocrx_word' id='word_1_68' title='bbox 654 670 783 702; x_wconf 85' lang='lat' dir='ltr'>affecit?</span> <span class='ocrx_word' id='word_1_69' title='bbox 807 670 855 702; x_wconf 89' lang='lat' dir='ltr'>vel</span> <span class='ocrx_word' id='word_1_70' title='bbox 875 670 950 712; x_wconf 93' lang='lat' dir='ltr'>quid</span> <span class='ocrx_word' id='word_1_71' title='bbox 969 670 1031 702; x_wconf 86' lang='lat' dir='ltr'>illis</span> <span class='ocrx_word' id='word_1_72' title='bbox 1053 670 1099 702; x_wconf 84' lang='lat' dir='ltr'>ita</span> <span class='ocrx_word' id='word_1_73' title='bbox 1112 674 1302 704; x_wconf 78' lang='lat' dir='ltr'>succenses?</span> <span class='ocrx_word' id='word_1_74' title='bbox 1346 673 1414 706; x_wconf 65' lang='lat' dir='ltr'>Au.</span> <span class='ocrx_word' id='word_1_75' title='bbox 1438 674 1536 707; x_wconf 77' lang='lat' dir='ltr'>Nulla</span> <span class='ocrx_word' id='word_1_76' title='bbox 1557 675 1634 707; x_wconf 87' lang='lat' dir='ltr'>mihi</span> 
     </span>
     <span class='ocr_line' id='line_1_8' title="bbox 172 725 1631 772; baseline -0.001 -9"><span class='ocrx_word' id='word_1_77' title='bbox 172 741 308 772; x_wconf 85' lang='lat' dir='ltr'>unquam</span> <span class='ocrx_word' id='word_1_78' title='bbox 324 739 394 760; x_wconf 84' lang='lat' dir='ltr'>cum</span> <span class='ocrx_word' id='word_1_79' title='bbox 409 726 516 768; x_wconf 88' lang='lat' dir='ltr'>aliquo</span> <span class='ocrx_word' id='word_1_80' title='bbox 530 726 652 757; x_wconf 87' lang='lat' dir='ltr'>illorum</span> <span class='ocrx_word' id='word_1_81' title='bbox 669 726 864 756; x_wconf 81' lang='lat' dir='ltr'>consuetudo</span> <span class='ocrx_word' id='word_1_82' title='bbox 880 725 961 757; x_wconf 85' lang='lat' dir='ltr'>fuit:</span> <span class='ocrx_word' id='word_1_83' title='bbox 985 735 1088 767; x_wconf 83' lang='lat' dir='ltr'>neque</span> <span class='ocrx_word' id='word_1_84' title='bbox 1108 736 1247 757; x_wconf 88' lang='lat' dir='ltr'>meorum</span> <span class='ocrx_word' id='word_1_85' title='bbox 1270 727 1406 768; x_wconf 79' lang='lat' dir='ltr'><strong>aliquem</strong></span> <span class='ocrx_word' id='word_1_86' title='bbox 1421 729 1484 759; x_wconf 87' lang='lat' dir='ltr'>illis</span> <span class='ocrx_word' id='word_1_87' title='bbox 1498 728 1544 760; x_wconf 83' lang='lat' dir='ltr'>uti</span> <span class='ocrx_word' id='word_1_88' title='bbox 1560 740 1631 771; x_wconf 87' lang='lat' dir='ltr'>per·</span> 
     </span>
     <span class='ocr_line' id='line_1_9' title="bbox 168 779 1630 823; baseline -0.001 -7"><span class='ocrx_word' id='word_1_89' title='bbox 168 785 334 816; x_wconf 81' lang='lat' dir='ltr'>mitterem.</span> <span class='ocrx_word' id='word_1_90' title='bbox 378 782 432 815; x_wconf 89' lang='lat' dir='ltr'>So.</span> <span class='ocrx_word' id='word_1_91' title='bbox 453 781 625 822; x_wconf 84' lang='lat' dir='ltr'>Nunquam</span> <span class='ocrx_word' id='word_1_92' title='bbox 637 779 839 822; x_wconf 86' lang='lat' dir='ltr'>ergoillorum</span> <span class='ocrx_word' id='word_1_93' title='bbox 849 789 949 810; x_wconf 89' lang='lat' dir='ltr'>mores</span> <span class='ocrx_word' id='word_1_94' title='bbox 958 785 1102 821; x_wconf 85' lang='lat' dir='ltr'>expertus</span> <span class='ocrx_word' id='word_1_95' title='bbox 1118 791 1162 813; x_wconf 87' lang='lat' dir='ltr'>es.</span> <span class='ocrx_word' id='word_1_96' title='bbox 1207 780 1274 812; x_wconf 70' lang='lat' dir='ltr'>AN.</span> <span class='ocrx_word' id='word_1_97' title='bbox 1297 781 1411 823; x_wconf 82' lang='lat' dir='ltr'>Neque</span> <span class='ocrx_word' id='word_1_98' title='bbox 1426 782 1495 814; x_wconf 84' lang='lat' dir='ltr'>sim.</span> <span class='ocrx_word' id='word_1_99' title='bbox 1541 783 1630 820; x_wconf 82' lang='lat' dir='ltr'>Quid</span> 
     </span>
     <span class='ocr_line' id='line_1_10' title="bbox 171 834 1634 877; baseline -0.001 -8"><span class='ocrx_word' id='word_1_100' title='bbox 171 841 236 869; x_wconf 88' lang='lat' dir='ltr'>turn</span> <span class='ocrx_word' id='word_1_101' title='bbox 249 839 260 869; x_wconf 88' lang='lat'>?</span> <span class='ocrx_word' id='word_1_102' title='bbox 305 837 357 870; x_wconf 86' lang='lat' dir='ltr'>So.</span> <span class='ocrx_word' id='word_1_103' title='bbox 380 836 524 874; x_wconf 77' lang='lat' dir='ltr'>Quanam</span> <span class='ocrx_word' id='word_1_104' title='bbox 538 835 658 866; x_wconf 83' lang='lat' dir='ltr'>ratione</span> <span class='ocrx_word' id='word_1_105' title='bbox 673 834 851 876; x_wconf 77' lang='lat' dir='ltr'>dignosces,</span> <span class='ocrx_word' id='word_1_106' title='bbox 874 835 1033 865; x_wconf 89' lang='lat' dir='ltr'>bonumne</span> <span class='ocrx_word' id='word_1_107' title='bbox 1046 844 1087 865; x_wconf 85' lang='lat' dir='ltr'>au</span> <span class='ocrx_word' id='word_1_108' title='bbox 1099 834 1213 866; x_wconf 85' lang='lat' dir='ltr'>malum</span> <span class='ocrx_word' id='word_1_109' title='bbox 1226 834 1277 872; x_wconf 87' lang='lat' dir='ltr'>sit,</span> <span class='ocrx_word' id='word_1_110' title='bbox 1293 835 1384 877; x_wconf 84' lang='lat' dir='ltr'>cujus</span> <span class='ocrx_word' id='word_1_111' title='bbox 1395 835 1515 867; x_wconf 84' lang='lat' dir='ltr'>nullum</span> <span class='ocrx_word' id='word_1_112' title='bbox 1530 836 1634 868; x_wconf 76' lang='lat' dir='ltr'>fecisti</span> 
     </span>
     <span class='ocr_line' id='line_1_11' title="bbox 170 887 1631 934; baseline -0.001 -10"><span class='ocrx_word' id='word_1_113' title='bbox 170 891 360 934; x_wconf 81' lang='lat' dir='ltr'>periculum?</span> <span class='ocrx_word' id='word_1_114' title='bbox 410 889 477 922; x_wconf 66' lang='lat' dir='ltr'>An.</span> <span class='ocrx_word' id='word_1_115' title='bbox 501 888 636 931; x_wconf 87' lang='lat' dir='ltr'>Liquido</span> <span class='ocrx_word' id='word_1_116' title='bbox 651 888 726 919; x_wconf 88' lang='lat' dir='ltr'>istos</span> <span class='ocrx_word' id='word_1_117' title='bbox 741 887 826 925; x_wconf 84' lang='lat' dir='ltr'>novi,</span> <span class='ocrx_word' id='word_1_118' title='bbox 841 887 950 929; x_wconf 79' lang='lat' dir='ltr'>quales</span> <span class='ocrx_word' id='word_1_119' title='bbox 965 893 1049 926; x_wconf 83' lang='lat' dir='ltr'>sunt,</span> <span class='ocrx_word' id='word_1_120' title='bbox 1065 888 1131 920; x_wconf 87' lang='lat' dir='ltr'>sive</span> <span class='ocrx_word' id='word_1_121' title='bbox 1142 893 1286 931; x_wconf 86' lang='lat' dir='ltr'>expertus</span> <span class='ocrx_word' id='word_1_122' title='bbox 1301 889 1359 920; x_wconf 87' lang='lat' dir='ltr'>sim</span> <span class='ocrx_word' id='word_1_123' title='bbox 1370 889 1434 921; x_wconf 84' lang='lat' dir='ltr'>sive</span> <span class='ocrx_word' id='word_1_124' title='bbox 1449 899 1525 922; x_wconf 84' lang='lat' dir='ltr'>nou.</span> <span class='ocrx_word' id='word_1_125' title='bbox 1572 890 1631 924; x_wconf 87' lang='lat' dir='ltr'>So.</span> 
     </span>
     <span class='ocr_line' id='line_1_12' title="bbox 171 941 1632 985; baseline -0.001 -7"><span class='ocrx_word' id='word_1_126' title='bbox 171 946 270 978; x_wconf 76' lang='lat' dir='ltr'>Vates</span> <span class='ocrx_word' id='word_1_127' title='bbox 292 946 422 977; x_wconf 83' lang='lat' dir='ltr'>forsitan</span> <span class='ocrx_word' id='word_1_128' title='bbox 445 953 490 985; x_wconf 87' lang='lat' dir='ltr'>es,</span> <span class='ocrx_word' id='word_1_129' title='bbox 516 954 536 974; x_wconf 92' lang='lat' dir='ltr'>o</span> <span class='ocrx_word' id='word_1_130' title='bbox 561 942 682 985; x_wconf 84' lang='lat' dir='ltr'>Anyte.</span> <span class='ocrx_word' id='word_1_131' title='bbox 704 942 766 973; x_wconf 89' lang='lat' dir='ltr'>hoc</span> <span class='ocrx_word' id='word_1_132' title='bbox 792 941 874 973; x_wconf 86' lang='lat' dir='ltr'>enim</span> <span class='ocrx_word' id='word_1_133' title='bbox 891 947 922 973; x_wconf 87' lang='lat' dir='ltr'>te</span> <span class='ocrx_word' id='word_1_134' title='bbox 947 942 1008 973; x_wconf 85' lang='lat' dir='ltr'>alia</span> <span class='ocrx_word' id='word_1_135' title='bbox 1032 942 1151 974; x_wconf 87' lang='lat' dir='ltr'>ratione</span> <span class='ocrx_word' id='word_1_136' title='bbox 1175 942 1310 980; x_wconf 85' lang='lat' dir='ltr'>novisse,</span> <span class='ocrx_word' id='word_1_137' title='bbox 1333 954 1371 976; x_wconf 83' lang='lat' dir='ltr'>ex</span> <span class='ocrx_word' id='word_1_138' title='bbox 1386 943 1435 982; x_wconf 87' lang='lat' dir='ltr'>iis,</span> <span class='ocrx_word' id='word_1_139' title='bbox 1451 954 1522 985; x_wconf 79' lang='lat' dir='ltr'>quae</span> <span class='ocrx_word' id='word_1_140' title='bbox 1536 944 1632 976; x_wconf 87' lang='lat' dir='ltr'>modo</span> 
     </span>
     <span class='ocr_line' id='line_1_13' title="bbox 171 995 1632 1039; baseline -0.001 -8"><span class='ocrx_word' id='word_1_141' title='bbox 171 1000 291 1036; x_wconf 82' lang='lat' dir='ltr'>dixisti,</span> <span class='ocrx_word' id='word_1_142' title='bbox 305 999 471 1030; x_wconf 86' lang='lat' dir='ltr'>admodum</span> <span class='ocrx_word' id='word_1_143' title='bbox 487 996 664 1028; x_wconf 84' lang='lat' dir='ltr'>admirarer.</span> <span class='ocrx_word' id='word_1_144' title='bbox 709 995 828 1027; x_wconf 88' lang='lat' dir='ltr'>Verum</span> <span class='ocrx_word' id='word_1_145' title='bbox 844 1006 908 1027; x_wconf 90' lang='lat' dir='ltr'>non</span> <span class='ocrx_word' id='word_1_146' title='bbox 923 1006 977 1027; x_wconf 84' lang='lat' dir='ltr'>eos</span> <span class='ocrx_word' id='word_1_147' title='bbox 993 996 1169 1038; x_wconf 81' lang='lat' dir='ltr'>quaerimus,</span> <span class='ocrx_word' id='word_1_148' title='bbox 1184 997 1225 1028; x_wconf 89' lang='lat' dir='ltr'>ad</span> <span class='ocrx_word' id='word_1_149' title='bbox 1239 1007 1319 1038; x_wconf 89' lang='lat' dir='ltr'>quos</span> <span class='ocrx_word' id='word_1_150' title='bbox 1333 997 1492 1039; x_wconf 85' lang='lat' dir='ltr'>profectus</span> <span class='ocrx_word' id='word_1_151' title='bbox 1506 997 1632 1029; x_wconf 85' lang='lat' dir='ltr'>Menon</span> 
     </span>
     <span class='ocr_line' id='line_1_14' title="bbox 170 1049 1632 1093; baseline -0.001 -8"><span class='ocrx_word' id='word_1_152' title='bbox 170 1053 334 1085; x_wconf 81' lang='lat' dir='ltr'>inficiatur.</span> <span class='ocrx_word' id='word_1_153' title='bbox 355 1052 387 1083; x_wconf 88' lang='lat' dir='ltr'>hi</span> <span class='ocrx_word' id='word_1_154' title='bbox 402 1061 550 1093; x_wconf 87' lang='lat' dir='ltr'>namque,</span> <span class='ocrx_word' id='word_1_155' title='bbox 566 1050 592 1082; x_wconf 90' lang='lat' dir='ltr'>si</span> <span class='ocrx_word' id='word_1_156' title='bbox 608 1050 666 1091; x_wconf 87' lang='lat' dir='ltr'>vis,</span> <span class='ocrx_word' id='word_1_157' title='bbox 681 1049 829 1091; x_wconf 83' lang='lat' dir='ltr'>sophistae</span> <span class='ocrx_word' id='word_1_158' title='bbox 844 1050 918 1081; x_wconf 85' lang='lat' dir='ltr'>sint.</span> <span class='ocrx_word' id='word_1_159' title='bbox 942 1051 997 1081; x_wconf 86' lang='lat' dir='ltr'>sed</span> <span class='ocrx_word' id='word_1_160' title='bbox 1019 1060 1112 1092; x_wconf 85' lang='lat' dir='ltr'>opem</span> <span class='ocrx_word' id='word_1_161' title='bbox 1135 1051 1236 1092; x_wconf 88' lang='lat' dir='ltr'>patrio</span> <span class='ocrx_word' id='word_1_162' title='bbox 1257 1051 1336 1082; x_wconf 79' lang='lat' dir='ltr'>feras</span> <span class='ocrx_word' id='word_1_163' title='bbox 1351 1051 1474 1084; x_wconf 83' lang='lat' dir='ltr'>amico:</span> <span class='ocrx_word' id='word_1_164' title='bbox 1498 1052 1632 1084; x_wconf 75' lang='lat' dir='ltr'>ostende</span> 
     </span>
     <span class='ocr_line' id='line_1_15' title="bbox 171 1104 1632 1147; baseline -0.002 -8"><span class='ocrx_word' id='word_1_165' title='bbox 171 1107 228 1146; x_wconf 84' lang='lat' dir='ltr'>ilii,</span> <span class='ocrx_word' id='word_1_166' title='bbox 255 1107 306 1139; x_wconf 91' lang='lat' dir='ltr'>cui</span> <span class='ocrx_word' id='word_1_167' title='bbox 335 1111 446 1138; x_wconf 79' lang='lat' dir='ltr'>natura</span> <span class='ocrx_word' id='word_1_168' title='bbox 473 1106 635 1136; x_wconf 85' lang='lat' dir='ltr'>adhaerens</span> <span class='ocrx_word' id='word_1_169' title='bbox 663 1115 783 1146; x_wconf 84' lang='lat' dir='ltr'>eorum,</span> <span class='ocrx_word' id='word_1_170' title='bbox 811 1104 867 1145; x_wconf 88' lang='lat' dir='ltr'>qui</span> <span class='ocrx_word' id='word_1_171' title='bbox 897 1108 959 1135; x_wconf 81' lang='lat' dir='ltr'>tam</span> <span class='ocrx_word' id='word_1_172' title='bbox 989 1104 1125 1146; x_wconf 85' lang='lat' dir='ltr'>amplam</span> <span class='ocrx_word' id='word_1_173' title='bbox 1154 1106 1261 1137; x_wconf 90' lang='lat' dir='ltr'>urbem</span> <span class='ocrx_word' id='word_1_174' title='bbox 1290 1105 1409 1143; x_wconf 88' lang='lat' dir='ltr'>colunt,</span> <span class='ocrx_word' id='word_1_175' title='bbox 1436 1115 1507 1136; x_wconf 75' lang='lat' dir='ltr'>eam</span> <span class='ocrx_word' id='word_1_176' title='bbox 1535 1114 1632 1147; x_wconf 82' lang='lat' dir='ltr'>quam</span> 
     </span>
     <span class='ocr_line' id='line_1_16' title="bbox 169 1146 1632 1202; baseline -0.002 -9"><span class='ocrx_word' id='word_1_177' title='bbox 169 1161 357 1193; x_wconf 75' lang='lat' dir='ltr'>narravimus</span> <span class='ocrx_word' id='word_1_178' title='bbox 373 1161 514 1191; x_wconf 89' lang='lat' dir='ltr'>virtutem</span> <span class='ocrx_word' id='word_1_179' title='bbox 530 1158 731 1200; x_wconf 79' lang='lat' dir='ltr'>adipiscetur.</span> <span class='ocrx_word' id='word_1_180' title='bbox 776 1157 845 1191; x_wconf 74' lang='lat' dir='ltr'>AN.</span> <span class='ocrx_word' id='word_1_181' title='bbox 868 1157 935 1190; x_wconf 90' lang='lat' dir='ltr'>Cur</span> <span class='ocrx_word' id='word_1_182' title='bbox 959 1158 1027 1200; x_wconf 85' lang='lat' dir='ltr'>ipse</span> <span class='ocrx_word' id='word_1_183' title='bbox 1049 1168 1113 1189; x_wconf 89' lang='lat' dir='ltr'>non</span> <span class='ocrx_word' id='word_1_184' title='bbox 1134 1146 1285 1190; x_wconf 46' lang='lat' dir='ltr'>indicas?</span> <span class='ocrx_word' id='word_1_185' title='bbox 1324 1160 1380 1191; x_wconf 82' lang='lat' dir='ltr'>So.</span> <span class='ocrx_word' id='word_1_186' title='bbox 1402 1158 1450 1190; x_wconf 78' lang='lat' dir='ltr'>At</span> <span class='ocrx_word' id='word_1_187' title='bbox 1470 1170 1549 1201; x_wconf 85' lang='lat' dir='ltr'>quos</span> <span class='ocrx_word' id='word_1_188' title='bbox 1571 1169 1632 1202; x_wconf 79' lang='lat' dir='ltr'>ego</span> 
     </span>
     <span class='ocr_line' id='line_1_17' title="bbox 169 1212 1633 1257; baseline -0.001 -11"><span class='ocrx_word' id='word_1_189' title='bbox 169 1214 331 1257; x_wconf 87' lang='lat' dir='ltr'>magistros</span> <span class='ocrx_word' id='word_1_190' title='bbox 345 1214 601 1254; x_wconf 76' lang='lat' dir='ltr'>existimaveram,</span> <span class='ocrx_word' id='word_1_191' title='bbox 616 1213 650 1243; x_wconf 90' lang='lat' dir='ltr'>in</span> <span class='ocrx_word' id='word_1_192' title='bbox 665 1212 801 1243; x_wconf 87' lang='lat' dir='ltr'>medium</span> <span class='ocrx_word' id='word_1_193' title='bbox 812 1212 879 1254; x_wconf 89' lang='lat' dir='ltr'>jam</span> <span class='ocrx_word' id='word_1_194' title='bbox 894 1212 1046 1254; x_wconf 78' lang='lat' dir='ltr'>produxi3</span> <span class='ocrx_word' id='word_1_195' title='bbox 1072 1222 1178 1244; x_wconf 83' lang='lat' dir='ltr'>verum</span> <span class='ocrx_word' id='word_1_196' title='bbox 1192 1213 1364 1245; x_wconf 81' lang='lat' dir='ltr'>secundum</span> <span class='ocrx_word' id='word_1_197' title='bbox 1379 1213 1530 1245; x_wconf 85' lang='lat' dir='ltr'>rationem</span> <span class='ocrx_word' id='word_1_198' title='bbox 1546 1218 1633 1245; x_wconf 80' lang='lat' dir='ltr'>tuam</span> 
     </span>
     <span class='ocr_line' id='line_1_18' title="bbox 168 1265 1631 1309; baseline 0 -11"><span class='ocrx_word' id='word_1_199' title='bbox 168 1267 248 1300; x_wconf 87' lang='lat' dir='ltr'>nihil</span> <span class='ocrx_word' id='word_1_200' title='bbox 266 1268 392 1300; x_wconf 88' lang='lat' dir='ltr'>omnino</span> <span class='ocrx_word' id='word_1_201' title='bbox 406 1267 536 1309; x_wconf 80' lang='lat' dir='ltr'>profeci.</span> <span class='ocrx_word' id='word_1_202' title='bbox 561 1276 597 1298; x_wconf 85' lang='lat' dir='ltr'>ac</span> <span class='ocrx_word' id='word_1_203' title='bbox 612 1266 692 1298; x_wconf 86' lang='lat' dir='ltr'>forte</span> <span class='ocrx_word' id='word_1_204' title='bbox 707 1276 779 1297; x_wconf 80' lang='lat' dir='ltr'>vera</span> <span class='ocrx_word' id='word_1_205' title='bbox 802 1266 948 1307; x_wconf 87' lang='lat' dir='ltr'>loqueris.</span> <span class='ocrx_word' id='word_1_206' title='bbox 992 1265 1106 1307; x_wconf 85' lang='lat' dir='ltr'>Itaque</span> <span class='ocrx_word' id='word_1_207' title='bbox 1129 1271 1164 1297; x_wconf 86' lang='lat' dir='ltr'>tu</span> <span class='ocrx_word' id='word_1_208' title='bbox 1186 1276 1313 1308; x_wconf 88' lang='lat' dir='ltr'>quoque</span> <span class='ocrx_word' id='word_1_209' title='bbox 1327 1265 1392 1308; x_wconf 84' lang='lat' dir='ltr'>jam</span> <span class='ocrx_word' id='word_1_210' title='bbox 1407 1271 1528 1309; x_wconf 72' lang='lat' dir='ltr'>purtem</span> <span class='ocrx_word' id='word_1_211' title='bbox 1542 1272 1631 1299; x_wconf 79' lang='lat' dir='ltr'>tuam</span> 
     </span>
     <span class='ocr_line' id='line_1_19' title="bbox 168 1318 1632 1364; baseline -0.001 -10"><span class='ocrx_word' id='word_1_212' title='bbox 168 1322 261 1364; x_wconf 87' lang='lat' dir='ltr'>hujus</span> <span class='ocrx_word' id='word_1_213' title='bbox 275 1322 409 1354; x_wconf 84' lang='lat' dir='ltr'>muueris</span> <span class='ocrx_word' id='word_1_214' title='bbox 424 1320 538 1363; x_wconf 85' lang='lat' dir='ltr'>exple:</span> <span class='ocrx_word' id='word_1_215' title='bbox 563 1320 705 1357; x_wconf 81' lang='lat' dir='ltr'>ostende,</span> <span class='ocrx_word' id='word_1_216' title='bbox 731 1320 771 1350; x_wconf 85' lang='lat' dir='ltr'>ad</span> <span class='ocrx_word' id='word_1_217' title='bbox 794 1329 888 1361; x_wconf 87' lang='lat' dir='ltr'>quem</span> <span class='ocrx_word' id='word_1_218' title='bbox 912 1318 1153 1351; x_wconf 80' lang='lat' dir='ltr'>Atheniensium</span> <span class='ocrx_word' id='word_1_219' title='bbox 1177 1320 1401 1362; x_wconf 80' lang='lat' dir='ltr'>proficiscatur.</span> <span class='ocrx_word' id='word_1_220' title='bbox 1423 1320 1527 1362; x_wconf 87' lang='lat' dir='ltr'>profer</span> <span class='ocrx_word' id='word_1_221' title='bbox 1540 1320 1632 1363; x_wconf 86' lang='lat' dir='ltr'>cujus</span> 
     </span>
     <span class='ocr_line' id='line_1_20' title="bbox 167 1373 1634 1416; baseline -0.001 -9"><span class='ocrx_word' id='word_1_222' title='bbox 167 1376 213 1407; x_wconf 89' lang='lat' dir='ltr'>vis</span> <span class='ocrx_word' id='word_1_223' title='bbox 228 1386 353 1407; x_wconf 90' lang='lat' dir='ltr'>nomen.</span> <span class='ocrx_word' id='word_1_224' title='bbox 397 1375 463 1406; x_wconf 65' lang='lat' dir='ltr'>An.</span> <span class='ocrx_word' id='word_1_225' title='bbox 486 1373 573 1411; x_wconf 87' lang='lat' dir='ltr'>Quid</span> <span class='ocrx_word' id='word_1_226' title='bbox 589 1384 668 1415; x_wconf 89' lang='lat' dir='ltr'>opus</span> <span class='ocrx_word' id='word_1_227' title='bbox 682 1378 731 1404; x_wconf 86' lang='lat' dir='ltr'>est</span> <span class='ocrx_word' id='word_1_228' title='bbox 743 1373 878 1405; x_wconf 89' lang='lat' dir='ltr'>hominis</span> <span class='ocrx_word' id='word_1_229' title='bbox 893 1373 987 1404; x_wconf 87' lang='lat' dir='ltr'>unius</span> <span class='ocrx_word' id='word_1_230' title='bbox 1001 1383 1116 1405; x_wconf 89' lang='lat' dir='ltr'>nomen</span> <span class='ocrx_word' id='word_1_231' title='bbox 1131 1374 1262 1405; x_wconf 85' lang='lat' dir='ltr'>audire?</span> <span class='ocrx_word' id='word_1_232' title='bbox 1286 1383 1506 1416; x_wconf 86' lang='lat' dir='ltr'>quemcunque</span> <span class='ocrx_word' id='word_1_233' title='bbox 1532 1373 1634 1406; x_wconf 79' lang='lat' dir='ltr'>Athe-</span> 
     </span>
     <span class='ocr_line' id='line_1_21' title="bbox 168 1426 1634 1470; baseline -0.001 -9"><span class='ocrx_word' id='word_1_234' title='bbox 168 1429 323 1461; x_wconf 85' lang='lat' dir='ltr'>niensium</span> <span class='ocrx_word' id='word_1_235' title='bbox 338 1433 448 1460; x_wconf 84' lang='lat' dir='ltr'>nactus</span> <span class='ocrx_word' id='word_1_236' title='bbox 463 1427 558 1459; x_wconf 79' lang='lat' dir='ltr'>fuerit</span> <span class='ocrx_word' id='word_1_237' title='bbox 571 1438 610 1458; x_wconf 82' lang='lat' dir='ltr'>ex</span> <span class='ocrx_word' id='word_1_238' title='bbox 634 1427 725 1459; x_wconf 87' lang='lat' dir='ltr'>bonis</span> <span class='ocrx_word' id='word_1_239' title='bbox 741 1426 895 1470; x_wconf 87' lang='lat' dir='ltr'>clarisque</span> <span class='ocrx_word' id='word_1_240' title='bbox 917 1427 1109 1464; x_wconf 88' lang='lat' dir='ltr'>hominibus,</span> <span class='ocrx_word' id='word_1_241' title='bbox 1129 1427 1241 1460; x_wconf 89' lang='lat' dir='ltr'>melior</span> <span class='ocrx_word' id='word_1_242' title='bbox 1260 1428 1344 1460; x_wconf 90' lang='lat' dir='ltr'>illius</span> <span class='ocrx_word' id='word_1_243' title='bbox 1359 1428 1583 1466; x_wconf 81' lang='lat' dir='ltr'>familiaritate,</span> <span class='ocrx_word' id='word_1_244' title='bbox 1606 1427 1634 1460; x_wconf 75' lang='lat' dir='ltr'>si</span> 
     </span>
     <span class='ocr_line' id='line_1_22' title="bbox 167 1481 1628 1524; baseline 0 -10"><span class='ocrx_word' id='word_1_245' title='bbox 167 1483 261 1514; x_wconf 89' lang='lat' dir='ltr'>modo</span> <span class='ocrx_word' id='word_1_246' title='bbox 290 1482 436 1524; x_wconf 88' lang='lat' dir='ltr'>paruerit,</span> <span class='ocrx_word' id='word_1_247' title='bbox 466 1481 590 1518; x_wconf 78' lang='lat' dir='ltr'>evadet,</span> <span class='ocrx_word' id='word_1_248' title='bbox 619 1491 715 1523; x_wconf 86' lang='lat' dir='ltr'>quam</span> <span class='ocrx_word' id='word_1_249' title='bbox 741 1482 970 1513; x_wconf 86' lang='lat' dir='ltr'>consuetudine</span> <span class='ocrx_word' id='word_1_250' title='bbox 999 1482 1218 1524; x_wconf 80' lang='lat' dir='ltr'>sophistarum.</span> <span class='ocrx_word' id='word_1_251' title='bbox 1276 1483 1332 1515; x_wconf 87' lang='lat' dir='ltr'>So.</span> <span class='ocrx_word' id='word_1_252' title='bbox 1355 1482 1469 1515; x_wconf 80' lang='lat' dir='ltr'>Utrum</span> <span class='ocrx_word' id='word_1_253' title='bbox 1498 1493 1572 1514; x_wconf 76' lang='lat' dir='ltr'>vero</span> <span class='ocrx_word' id='word_1_254' title='bbox 1603 1482 1628 1515; x_wconf 83' lang='lat' dir='ltr'>ii</span> 
     </span>
     <span class='ocr_line' id='line_1_23' title="bbox 167 1535 1632 1579; baseline 0 -11"><span class='ocrx_word' id='word_1_255' title='bbox 167 1536 307 1579; x_wconf 86' lang='lat' dir='ltr'>praeclari</span> <span class='ocrx_word' id='word_1_256' title='bbox 320 1537 457 1579; x_wconf 89' lang='lat' dir='ltr'>bonique</span> <span class='ocrx_word' id='word_1_257' title='bbox 471 1535 529 1567; x_wconf 80' lang='lat' dir='ltr'>viri</span> <span class='ocrx_word' id='word_1_258' title='bbox 543 1544 583 1567; x_wconf 83' lang='lat' dir='ltr'>ex</span> <span class='ocrx_word' id='word_1_259' title='bbox 602 1545 636 1567; x_wconf 86' lang='lat' dir='ltr'>se</span> <span class='ocrx_word' id='word_1_260' title='bbox 651 1536 738 1577; x_wconf 86' lang='lat' dir='ltr'>ipsis,</span> <span class='ocrx_word' id='word_1_261' title='bbox 748 1535 841 1567; x_wconf 84' lang='lat' dir='ltr'>nullo</span> <span class='ocrx_word' id='word_1_262' title='bbox 863 1535 1060 1574; x_wconf 86' lang='lat' dir='ltr'>instituente,</span> <span class='ocrx_word' id='word_1_263' title='bbox 1082 1536 1161 1568; x_wconf 87' lang='lat' dir='ltr'>tales</span> <span class='ocrx_word' id='word_1_264' title='bbox 1183 1536 1290 1568; x_wconf 85' lang='lat' dir='ltr'>effecti</span> <span class='ocrx_word' id='word_1_265' title='bbox 1310 1541 1395 1574; x_wconf 83' lang='lat' dir='ltr'>suut,</span> <span class='ocrx_word' id='word_1_266' title='bbox 1409 1546 1510 1579; x_wconf 76' lang='lat' dir='ltr'>eaque</span> <span class='ocrx_word' id='word_1_267' title='bbox 1525 1541 1632 1569; x_wconf 85' lang='lat' dir='ltr'>tamen</span> 
     </span>
     <span class='ocr_line' id='line_1_24' title="bbox 166 1589 1633 1633; baseline -0.001 -11"><span class='ocrx_word' id='word_1_268' title='bbox 166 1591 280 1622; x_wconf 75' lang='lat' dir='ltr'>docere</span> <span class='ocrx_word' id='word_1_269' title='bbox 302 1590 378 1622; x_wconf 86' lang='lat' dir='ltr'>alios</span> <span class='ocrx_word' id='word_1_270' title='bbox 393 1594 538 1633; x_wconf 85' lang='lat' dir='ltr'>possunt,</span> <span class='ocrx_word' id='word_1_271' title='bbox 559 1589 633 1622; x_wconf 90' lang='lat' dir='ltr'>licet</span> <span class='ocrx_word' id='word_1_272' title='bbox 652 1590 715 1632; x_wconf 88' lang='lat' dir='ltr'>ipsi</span> <span class='ocrx_word' id='word_1_273' title='bbox 737 1600 757 1622; x_wconf 80' lang='lat' dir='ltr'>a</span> <span class='ocrx_word' id='word_1_274' title='bbox 775 1590 864 1621; x_wconf 87' lang='lat' dir='ltr'>nullo</span> <span class='ocrx_word' id='word_1_275' title='bbox 888 1589 963 1633; x_wconf 75' lang='lat'>[93]</span> <span class='ocrx_word' id='word_1_276' title='bbox 985 1590 1182 1622; x_wconf 85' lang='lat' dir='ltr'>didicerint?</span> <span class='ocrx_word' id='word_1_277' title='bbox 1226 1589 1293 1622; x_wconf 67' lang='lat' dir='ltr'>Au.</span> <span class='ocrx_word' id='word_1_278' title='bbox 1315 1590 1346 1621; x_wconf 92' lang='lat' dir='ltr'><strong>A</strong></span> <span class='ocrx_word' id='word_1_279' title='bbox 1370 1590 1545 1622; x_wconf 85' lang='lat' dir='ltr'>senioribus</span> <span class='ocrx_word' id='word_1_280' title='bbox 1559 1590 1633 1622; x_wconf 79' lang='lat' dir='ltr'>viris</span> 
     </span>
     <span class='ocr_line' id='line_1_25' title="bbox 167 1644 1631 1687; baseline 0 -11"><span class='ocrx_word' id='word_1_281' title='bbox 167 1645 322 1687; x_wconf 79' lang='lat' dir='ltr'>praeclaris</span> <span class='ocrx_word' id='word_1_282' title='bbox 349 1650 444 1687; x_wconf 85' lang='lat' dir='ltr'>atque</span> <span class='ocrx_word' id='word_1_283' title='bbox 472 1644 562 1676; x_wconf 88' lang='lat' dir='ltr'>bonis</span> <span class='ocrx_word' id='word_1_284' title='bbox 589 1644 767 1687; x_wconf 85' lang='lat' dir='ltr'>percepisse</span> <span class='ocrx_word' id='word_1_285' title='bbox 796 1644 934 1676; x_wconf 80' lang='lat' dir='ltr'>arbitror.</span> <span class='ocrx_word' id='word_1_286' title='bbox 957 1654 998 1675; x_wconf 79' lang='lat' dir='ltr'>an</span> <span class='ocrx_word' id='word_1_287' title='bbox 1021 1654 1086 1675; x_wconf 86' lang='lat' dir='ltr'>non</span> <span class='ocrx_word' id='word_1_288' title='bbox 1114 1644 1173 1675; x_wconf 85' lang='lat' dir='ltr'>tibi</span> <span class='ocrx_word' id='word_1_289' title='bbox 1193 1645 1342 1676; x_wconf 87' lang='lat' dir='ltr'>videntur</span> <span class='ocrx_word' id='word_1_290' title='bbox 1361 1644 1394 1675; x_wconf 85' lang='lat' dir='ltr'>in</span> <span class='ocrx_word' id='word_1_291' title='bbox 1413 1644 1474 1676; x_wconf 86' lang='lat' dir='ltr'>hac</span> <span class='ocrx_word' id='word_1_292' title='bbox 1503 1644 1631 1676; x_wconf 76' lang='lat' dir='ltr'>civitate</span> 
     </span>
     <span class='ocr_line' id='line_1_26' title="bbox 167 1697 1632 1741; baseline 0.001 -12"><span class='ocrx_word' id='word_1_293' title='bbox 167 1697 259 1730; x_wconf 85' lang='lat' dir='ltr'>multi</span> <span class='ocrx_word' id='word_1_294' title='bbox 273 1699 409 1741; x_wconf 84' lang='lat' dir='ltr'>insigues</span> <span class='ocrx_word' id='word_1_295' title='bbox 423 1703 456 1730; x_wconf 89' lang='lat' dir='ltr'>et</span> <span class='ocrx_word' id='word_1_296' title='bbox 471 1698 581 1740; x_wconf 87' lang='lat' dir='ltr'>optimi</span> <span class='ocrx_word' id='word_1_297' title='bbox 596 1698 738 1729; x_wconf 87' lang='lat' dir='ltr'>homines</span> <span class='ocrx_word' id='word_1_298' title='bbox 763 1698 914 1730; x_wconf 81' lang='lat' dir='ltr'>exstitisse</span> <span class='ocrx_word' id='word_1_299' title='bbox 927 1698 938 1729; x_wconf 90' lang='lat'>?</span> <span class='ocrx_word' id='word_1_300' title='bbox 983 1699 1039 1730; x_wconf 88' lang='lat' dir='ltr'>So.</span> <span class='ocrx_word' id='word_1_301' title='bbox 1062 1698 1147 1730; x_wconf 85' lang='lat' dir='ltr'>Mihi</span> <span class='ocrx_word' id='word_1_302' title='bbox 1159 1698 1302 1740; x_wconf 81' lang='lat' dir='ltr'>quidem,</span> <span class='ocrx_word' id='word_1_303' title='bbox 1319 1708 1339 1729; x_wconf 92' lang='lat' dir='ltr'>o</span> <span class='ocrx_word' id='word_1_304' title='bbox 1355 1697 1479 1740; x_wconf 76' lang='lat' dir='ltr'>Anyte,</span> <span class='ocrx_word' id='word_1_305' title='bbox 1493 1707 1562 1730; x_wconf 86' lang='lat' dir='ltr'>esse</span> <span class='ocrx_word' id='word_1_306' title='bbox 1577 1697 1632 1730; x_wconf 78' lang='lat' dir='ltr'>hic</span> 
     </span>
     <span class='ocr_line' id='line_1_27' title="bbox 167 1751 1633 1794; baseline 0.001 -11"><span class='ocrx_word' id='word_1_307' title='bbox 167 1753 248 1784; x_wconf 84' lang='lat' dir='ltr'>viros</span> <span class='ocrx_word' id='word_1_308' title='bbox 265 1752 365 1784; x_wconf 82' lang='lat' dir='ltr'>civilis</span> <span class='ocrx_word' id='word_1_309' title='bbox 381 1751 656 1784; x_wconf 84' lang='lat' dir='ltr'>administrationis</span> <span class='ocrx_word' id='word_1_310' title='bbox 680 1752 810 1794; x_wconf 86' lang='lat' dir='ltr'>peritos,</span> <span class='ocrx_word' id='word_1_311' title='bbox 832 1762 891 1783; x_wconf 89' lang='lat' dir='ltr'>nec</span> <span class='ocrx_word' id='word_1_312' title='bbox 907 1752 1070 1794; x_wconf 82' lang='lat' dir='ltr'>pauciores</span> <span class='ocrx_word' id='word_1_313' title='bbox 1082 1752 1156 1784; x_wconf 91' lang='lat' dir='ltr'>olim</span> <span class='ocrx_word' id='word_1_314' title='bbox 1172 1752 1279 1789; x_wconf 80' lang='lat' dir='ltr'>fuisse,</span> <span class='ocrx_word' id='word_1_315' title='bbox 1294 1751 1428 1784; x_wconf 87' lang='lat' dir='ltr'>videtur.</span> <span class='ocrx_word' id='word_1_316' title='bbox 1470 1751 1533 1783; x_wconf 78' lang='lat' dir='ltr'>Sed</span> <span class='ocrx_word' id='word_1_317' title='bbox 1556 1761 1633 1784; x_wconf 82' lang='lat' dir='ltr'>num</span> 
     </span>
     <span class='ocr_line' id='line_1_28' title="bbox 168 1805 1631 1848; baseline -0.001 -9"><span class='ocrx_word' id='word_1_318' title='bbox 168 1812 374 1848; x_wconf 63' lang='lat' dir='ltr'>praeceptores</span> <span class='ocrx_word' id='word_1_319' title='bbox 387 1806 496 1837; x_wconf 68' lang='lat' dir='ltr'>“ionei</span> <span class='ocrx_word' id='word_1_320' title='bbox 510 1806 631 1837; x_wconf 85' lang='lat' dir='ltr'>virtutis</span> <span class='ocrx_word' id='word_1_321' title='bbox 650 1816 715 1837; x_wconf 89' lang='lat' dir='ltr'>suae</span> <span class='ocrx_word' id='word_1_322' title='bbox 733 1806 820 1838; x_wconf 79' lang='lat' dir='ltr'>fuere</span> <span class='ocrx_word' id='word_1_323' title='bbox 833 1806 844 1837; x_wconf 85' lang='lat'>?</span> <span class='ocrx_word' id='word_1_324' title='bbox 868 1807 928 1838; x_wconf 86' lang='lat' dir='ltr'>hoc</span> <span class='ocrx_word' id='word_1_325' title='bbox 944 1806 1028 1837; x_wconf 86' lang='lat' dir='ltr'>enim</span> <span class='ocrx_word' id='word_1_326' title='bbox 1051 1810 1100 1838; x_wconf 90' lang='lat' dir='ltr'>est</span> <span class='ocrx_word' id='word_1_327' title='bbox 1114 1807 1154 1837; x_wconf 90' lang='lat' dir='ltr'>de</span> <span class='ocrx_word' id='word_1_328' title='bbox 1180 1816 1243 1848; x_wconf 93' lang='lat' dir='ltr'>quo</span> <span class='ocrx_word' id='word_1_329' title='bbox 1259 1815 1346 1837; x_wconf 88' lang='lat' dir='ltr'>nunc</span> <span class='ocrx_word' id='word_1_330' title='bbox 1361 1805 1520 1837; x_wconf 80' lang='lat' dir='ltr'>disseritur</span> <span class='ocrx_word' id='word_1_331' title='bbox 1533 1816 1541 1836; x_wconf 72' lang='grc' dir='ltr'><strong>ε</strong></span> <span class='ocrx_word' id='word_1_332' title='bbox 1565 1815 1631 1838; x_wconf 85' lang='lat' dir='ltr'>non</span> 
     </span>
     <span class='ocr_line' id='line_1_29' title="bbox 167 1858 1632 1901; baseline 0.001 -10"><span class='ocrx_word' id='word_1_333' title='bbox 167 1865 270 1891; x_wconf 88' lang='lat' dir='ltr'>utrum</span> <span class='ocrx_word' id='word_1_334' title='bbox 296 1859 359 1891; x_wconf 84' lang='lat' dir='ltr'>sint</span> <span class='ocrx_word' id='word_1_335' title='bbox 383 1865 438 1890; x_wconf 83' lang='lat' dir='ltr'>aut</span> <span class='ocrx_word' id='word_1_336' title='bbox 459 1860 577 1891; x_wconf 87' lang='lat' dir='ltr'>fuerint</span> <span class='ocrx_word' id='word_1_337' title='bbox 601 1859 654 1892; x_wconf 85' lang='lat' dir='ltr'>hie</span> <span class='ocrx_word' id='word_1_338' title='bbox 677 1859 734 1890; x_wconf 82' lang='lat' dir='ltr'>viri</span> <span class='ocrx_word' id='word_1_339' title='bbox 748 1858 823 1891; x_wconf 89' lang='lat' dir='ltr'>boni</span> <span class='ocrx_word' id='word_1_340' title='bbox 836 1871 845 1898; x_wconf 83' lang='lat'>3</span> <span class='ocrx_word' id='word_1_341' title='bbox 869 1860 924 1891; x_wconf 88' lang='lat' dir='ltr'>sed</span> <span class='ocrx_word' id='word_1_342' title='bbox 949 1864 1052 1891; x_wconf 90' lang='lat' dir='ltr'>utrum</span> <span class='ocrx_word' id='word_1_343' title='bbox 1079 1860 1176 1891; x_wconf 84' lang='lat' dir='ltr'>virtus</span> <span class='ocrx_word' id='word_1_344' title='bbox 1190 1860 1296 1891; x_wconf 87' lang='lat' dir='ltr'>doceri</span> <span class='ocrx_word' id='word_1_345' title='bbox 1311 1859 1430 1901; x_wconf 76' lang='lat' dir='ltr'>possit:</span> <span class='ocrx_word' id='word_1_346' title='bbox 1453 1864 1487 1891; x_wconf 83' lang='lat' dir='ltr'>et</span> <span class='ocrx_word' id='word_1_347' title='bbox 1501 1860 1542 1891; x_wconf 89' lang='lat' dir='ltr'>ob</span> <span class='ocrx_word' id='word_1_348' title='bbox 1558 1860 1632 1898; x_wconf 86' lang='lat' dir='ltr'>hoc,</span> 
     </span>
     <span class='ocr_line' id='line_1_30' title="bbox 167 1913 1631 1956; baseline 0 -11"><span class='ocrx_word' id='word_1_349' title='bbox 167 1919 269 1946; x_wconf 86' lang='lat' dir='ltr'>utrum</span> <span class='ocrx_word' id='word_1_350' title='bbox 286 1914 343 1946; x_wconf 83' lang='lat' dir='ltr'>viri</span> <span class='ocrx_word' id='word_1_351' title='bbox 358 1913 444 1950; x_wconf 88' lang='lat' dir='ltr'>boui,</span> <span class='ocrx_word' id='word_1_352' title='bbox 459 1914 524 1944; x_wconf 79' lang='lat' dir='ltr'>slve</span> <span class='ocrx_word' id='word_1_353' title='bbox 538 1913 710 1956; x_wconf 84' lang='lat' dir='ltr'>superiores</span> <span class='ocrx_word' id='word_1_354' title='bbox 725 1913 790 1944; x_wconf 83' lang='lat' dir='ltr'>sive</span> <span class='ocrx_word' id='word_1_355' title='bbox 806 1918 987 1955; x_wconf 66' lang='lat' dir='ltr'>praesentes,</span> <span class='ocrx_word' id='word_1_356' title='bbox 1002 1913 1147 1945; x_wconf 84' lang='lat' dir='ltr'>virtutem</span> <span class='ocrx_word' id='word_1_357' title='bbox 1161 1924 1243 1955; x_wconf 84' lang='lat' dir='ltr'>eam,</span> <span class='ocrx_word' id='word_1_358' title='bbox 1258 1923 1321 1956; x_wconf 86' lang='lat' dir='ltr'>qua</span> <span class='ocrx_word' id='word_1_359' title='bbox 1333 1913 1458 1955; x_wconf 86' lang='lat' dir='ltr'>praediti</span> <span class='ocrx_word' id='word_1_360' title='bbox 1471 1918 1556 1951; x_wconf 88' lang='lat' dir='ltr'>sunt,</span> <span class='ocrx_word' id='word_1_361' title='bbox 1569 1919 1631 1945; x_wconf 86' lang='lat' dir='ltr'>tra-</span> 
     </span>
     <span class='ocr_line' id='line_1_31' title="bbox 167 1967 1630 2010; baseline -0.001 -10"><span class='ocrx_word' id='word_1_362' title='bbox 167 1969 241 2000; x_wconf 85' lang='lat' dir='ltr'>dere</span> <span class='ocrx_word' id='word_1_363' title='bbox 256 1967 343 1999; x_wconf 85' lang='lat' dir='ltr'>alteri</span> <span class='ocrx_word' id='word_1_364' title='bbox 358 1967 483 1998; x_wconf 86' lang='lat' dir='ltr'>norint:</span> <span class='ocrx_word' id='word_1_365' title='bbox 507 1978 547 1998; x_wconf 85' lang='lat' dir='ltr'>an</span> <span class='ocrx_word' id='word_1_366' title='bbox 561 1967 641 1999; x_wconf 84' lang='lat' dir='ltr'>forte</span> <span class='ocrx_word' id='word_1_367' title='bbox 655 1977 715 1999; x_wconf 88' lang='lat' dir='ltr'>nec</span> <span class='ocrx_word' id='word_1_368' title='bbox 731 1967 812 1998; x_wconf 85' lang='lat' dir='ltr'>tradi</span> <span class='ocrx_word' id='word_1_369' title='bbox 835 1967 923 1998; x_wconf 89' lang='lat' dir='ltr'>alteri</span> <span class='ocrx_word' id='word_1_370' title='bbox 937 1978 997 1999; x_wconf 88' lang='lat' dir='ltr'>nec</span> <span class='ocrx_word' id='word_1_371' title='bbox 1019 1967 1117 2010; x_wconf 80' lang='lat' dir='ltr'>recipi</span> <span class='ocrx_word' id='word_1_372' title='bbox 1139 1968 1234 1999; x_wconf 84' lang='lat' dir='ltr'>virtus</span> <span class='ocrx_word' id='word_1_373' title='bbox 1257 1967 1368 2009; x_wconf 88' lang='lat' dir='ltr'>possit.</span> <span class='ocrx_word' id='word_1_374' title='bbox 1414 1967 1466 2005; x_wconf 87' lang='lat' dir='ltr'>Id,</span> <span class='ocrx_word' id='word_1_375' title='bbox 1488 1967 1630 2009; x_wconf 79' lang='lat' dir='ltr'>inquam,</span> 
     </span>
     <span class='ocr_line' id='line_1_32' title="bbox 166 2020 1631 2065; baseline -0.001 -11"><span class='ocrx_word' id='word_1_376' title='bbox 166 2027 227 2065; x_wconf 83' lang='lat' dir='ltr'>est,</span> <span class='ocrx_word' id='word_1_377' title='bbox 242 2021 325 2064; x_wconf 90' lang='lat' dir='ltr'>quod</span> <span class='ocrx_word' id='word_1_378' title='bbox 342 2021 461 2053; x_wconf 91' lang='lat' dir='ltr'>dudum</span> <span class='ocrx_word' id='word_1_379' title='bbox 476 2032 535 2063; x_wconf 87' lang='lat' dir='ltr'>ego</span> <span class='ocrx_word' id='word_1_380' title='bbox 551 2031 587 2053; x_wconf 89' lang='lat' dir='ltr'>ac</span> <span class='ocrx_word' id='word_1_381' title='bbox 603 2021 726 2052; x_wconf 81' lang='lat' dir='ltr'>Menon</span> <span class='ocrx_word' id='word_1_382' title='bbox 748 2020 946 2062; x_wconf 88' lang='lat' dir='ltr'>inquirimus.</span> <span class='ocrx_word' id='word_1_383' title='bbox 969 2021 1013 2053; x_wconf 88' lang='lat' dir='ltr'>sic</span> <span class='ocrx_word' id='word_1_384' title='bbox 1034 2026 1140 2053; x_wconf 82' lang='lat' dir='ltr'>autem</span> <span class='ocrx_word' id='word_1_385' title='bbox 1159 2032 1196 2053; x_wconf 83' lang='lat' dir='ltr'>ex</span> <span class='ocrx_word' id='word_1_386' title='bbox 1212 2021 1279 2063; x_wconf 77' lang='lat' dir='ltr'>ipsa</span> <span class='ocrx_word' id='word_1_387' title='bbox 1302 2026 1357 2052; x_wconf 84' lang='lat' dir='ltr'>tua</span> <span class='ocrx_word' id='word_1_388' title='bbox 1372 2021 1513 2053; x_wconf 86' lang='lat' dir='ltr'>oratione</span> <span class='ocrx_word' id='word_1_389' title='bbox 1527 2021 1631 2052; x_wconf 85' lang='lat' dir='ltr'>consi-</span> 
     </span>
     <span class='ocr_line' id='line_1_33' title="bbox 166 2074 1632 2109; baseline 0 -2"><span class='ocrx_word' id='word_1_390' title='bbox 166 2076 251 2109; x_wconf 84' lang='lat' dir='ltr'>dera.</span> <span class='ocrx_word' id='word_1_391' title='bbox 296 2075 382 2106; x_wconf 86' lang='lat' dir='ltr'>Num</span> <span class='ocrx_word' id='word_1_392' title='bbox 405 2074 647 2106; x_wconf 88' lang='lat' dir='ltr'>Themistoclem</span> <span class='ocrx_word' id='word_1_393' title='bbox 674 2075 771 2107; x_wconf 83' lang='lat' dir='ltr'>virum</span> <span class='ocrx_word' id='word_1_394' title='bbox 797 2075 911 2106; x_wconf 87' lang='lat' dir='ltr'>bonum</span> <span class='ocrx_word' id='word_1_395' title='bbox 938 2075 1034 2107; x_wconf 82' lang='lat' dir='ltr'>fuisse</span> <span class='ocrx_word' id='word_1_396' title='bbox 1048 2075 1176 2107; x_wconf 83' lang='lat' dir='ltr'>fateris?</span> <span class='ocrx_word' id='word_1_397' title='bbox 1222 2076 1292 2108; x_wconf 67' lang='lat' dir='ltr'>Au.</span> <span class='ocrx_word' id='word_1_398' title='bbox 1316 2075 1459 2107; x_wconf 85' lang='lat' dir='ltr'>Maxime</span> <span class='ocrx_word' id='word_1_399' title='bbox 1479 2075 1632 2108; x_wconf 86' lang='lat' dir='ltr'>omnium.</span> 
     </span>
     <span class='ocr_line' id='line_1_34' title="bbox 166 2128 1633 2172; baseline -0.001 -11"><span class='ocrx_word' id='word_1_400' title='bbox 166 2129 225 2161; x_wconf 84' lang='lat' dir='ltr'>So.</span> <span class='ocrx_word' id='word_1_401' title='bbox 247 2128 289 2160; x_wconf 77' lang='lat' dir='ltr'>Et</span> <span class='ocrx_word' id='word_1_402' title='bbox 302 2133 524 2172; x_wconf 84' lang='lat' dir='ltr'>praeceptorem</span> <span class='ocrx_word' id='word_1_403' title='bbox 538 2129 655 2159; x_wconf 85' lang='lat' dir='ltr'>bonum</span> <span class='ocrx_word' id='word_1_404' title='bbox 678 2128 800 2160; x_wconf 86' lang='lat' dir='ltr'>virtutis</span> <span class='ocrx_word' id='word_1_405' title='bbox 815 2139 891 2167; x_wconf 87' lang='lat' dir='ltr'>suae,</span> <span class='ocrx_word' id='word_1_406' title='bbox 907 2129 933 2160; x_wconf 87' lang='lat' dir='ltr'>si</span> <span class='ocrx_word' id='word_1_407' title='bbox 945 2129 1018 2171; x_wconf 83' lang='lat' dir='ltr'>quis</span> <span class='ocrx_word' id='word_1_408' title='bbox 1033 2129 1114 2160; x_wconf 83' lang='lat' dir='ltr'>alius</span> <span class='ocrx_word' id='word_1_409' title='bbox 1129 2129 1250 2160; x_wconf 83' lang='lat' dir='ltr'>virtutis</span> <span class='ocrx_word' id='word_1_410' title='bbox 1264 2129 1410 2171; x_wconf 76' lang='lat' dir='ltr'>magister</span> <span class='ocrx_word' id='word_1_411' title='bbox 1424 2128 1475 2166; x_wconf 85' lang='lat' dir='ltr'>sit,</span> <span class='ocrx_word' id='word_1_412' title='bbox 1490 2129 1633 2160; x_wconf 85' lang='lat' dir='ltr'>Themis·</span> 
     </span>
     <span class='ocr_line' id='line_1_35' title="bbox 166 2181 1632 2224; baseline -0.001 -9"><span class='ocrx_word' id='word_1_413' title='bbox 166 2182 281 2215; x_wconf 84' lang='lat' dir='ltr'>toelem</span> <span class='ocrx_word' id='word_1_414' title='bbox 309 2182 484 2214; x_wconf 86' lang='lat' dir='ltr'>exstitisse?</span> <span class='ocrx_word' id='word_1_415' title='bbox 529 2181 598 2214; x_wconf 64' lang='lat' dir='ltr'>Ax«.</span> <span class='ocrx_word' id='word_1_416' title='bbox 619 2181 707 2213; x_wconf 83' lang='lat' dir='ltr'>Reor</span> <span class='ocrx_word' id='word_1_417' title='bbox 735 2183 895 2224; x_wconf 87' lang='lat' dir='ltr'>equidem,</span> <span class='ocrx_word' id='word_1_418' title='bbox 926 2183 1096 2214; x_wconf 81' lang='lat' dir='ltr'>dummodo</span> <span class='ocrx_word' id='word_1_419' title='bbox 1125 2183 1287 2215; x_wconf 72' lang='lat' dir='ltr'>voluisset.</span> <span class='ocrx_word' id='word_1_420' title='bbox 1326 2182 1383 2213; x_wconf 86' lang='lat' dir='ltr'>So.</span> <span class='ocrx_word' id='word_1_421' title='bbox 1405 2181 1491 2213; x_wconf 89' lang='lat' dir='ltr'>Num</span> <span class='ocrx_word' id='word_1_422' title='bbox 1522 2191 1632 2214; x_wconf 83' lang='lat' dir='ltr'>censes</span> 
     </span>
     <span class='ocr_line' id='line_1_36' title="bbox 166 2235 1632 2279; baseline -0.001 -11"><span class='ocrx_word' id='word_1_423' title='bbox 166 2237 270 2279; x_wconf 85' lang='lat' dir='ltr'>ipsum</span> <span class='ocrx_word' id='word_1_424' title='bbox 284 2236 422 2268; x_wconf 85' lang='lat' dir='ltr'>noluisse</span> <span class='ocrx_word' id='word_1_425' title='bbox 437 2236 514 2267; x_wconf 84' lang='lat' dir='ltr'>alios</span> <span class='ocrx_word' id='word_1_426' title='bbox 528 2246 654 2278; x_wconf 87' lang='lat' dir='ltr'>quoque</span> <span class='ocrx_word' id='word_1_427' title='bbox 669 2237 768 2267; x_wconf 86' lang='lat' dir='ltr'>bonos</span> <span class='ocrx_word' id='word_1_428' title='bbox 789 2237 867 2275; x_wconf 80' lang='lat' dir='ltr'>fieri,</span> <span class='ocrx_word' id='word_1_429' title='bbox 883 2237 980 2268; x_wconf 86' lang='lat' dir='ltr'>filium</span> <span class='ocrx_word' id='word_1_430' title='bbox 996 2247 1086 2268; x_wconf 84' lang='lat' dir='ltr'>suum</span> <span class='ocrx_word' id='word_1_431' title='bbox 1101 2237 1271 2278; x_wconf 85' lang='lat' dir='ltr'>praesertim</span> <span class='ocrx_word' id='word_1_432' title='bbox 1284 2236 1295 2267; x_wconf 75' lang='grc' dir='ltr'><em>Ξ</em></span> <span class='ocrx_word' id='word_1_433' title='bbox 1318 2245 1359 2267; x_wconf 85' lang='lat' dir='ltr'>an</span> <span class='ocrx_word' id='word_1_434' title='bbox 1375 2241 1468 2278; x_wconf 81' lang='lat' dir='ltr'>putas</span> <span class='ocrx_word' id='word_1_435' title='bbox 1479 2235 1632 2267; x_wconf 78' lang='lat' dir='ltr'>invidisse</span> 
     </span>
     <span class='ocr_line' id='line_1_37' title="bbox 168 2288 1633 2332; baseline 0 -11"><span class='ocrx_word' id='word_1_436' title='bbox 168 2290 246 2328; x_wconf 78' lang='lat' dir='ltr'>filio,</span> <span class='ocrx_word' id='word_1_437' title='bbox 261 2294 294 2321; x_wconf 89' lang='lat' dir='ltr'>et</span> <span class='ocrx_word' id='word_1_438' title='bbox 307 2290 347 2322; x_wconf 93' lang='lat' dir='ltr'>de</span> <span class='ocrx_word' id='word_1_439' title='bbox 361 2289 515 2321; x_wconf 86' lang='lat' dir='ltr'>industria</span> <span class='ocrx_word' id='word_1_440' title='bbox 532 2289 674 2321; x_wconf 80' lang='lat' dir='ltr'>virtutem</span> <span class='ocrx_word' id='word_1_441' title='bbox 691 2290 846 2332; x_wconf 89' lang='lat' dir='ltr'>propriam</span> <span class='ocrx_word' id='word_1_442' title='bbox 863 2290 989 2322; x_wconf 89' lang='lat' dir='ltr'>minime</span> <span class='ocrx_word' id='word_1_443' title='bbox 1002 2289 1250 2322; x_wconf 79' lang='lat' dir='ltr'>communicasse</span> <span class='ocrx_word' id='word_1_444' title='bbox 1264 2290 1275 2320; x_wconf 90' lang='lat'>?</span> <span class='ocrx_word' id='word_1_445' title='bbox 1306 2288 1480 2327; x_wconf 65' lang='lat' dir='ltr'>Aadistffi’,</span> <span class='ocrx_word' id='word_1_446' title='bbox 1491 2289 1633 2321; x_wconf 83' lang='lat' dir='ltr'>Themis-</span> 
     </span>
     <span class='ocr_line' id='line_1_38' title="bbox 168 2330 1632 2387; baseline -0.001 -12"><span class='ocrx_word' id='word_1_447' title='bbox 168 2343 281 2376; x_wconf 88' lang='lat' dir='ltr'>toclem</span> <span class='ocrx_word' id='word_1_448' title='bbox 298 2343 396 2376; x_wconf 84' lang='lat' dir='ltr'>filium</span> <span class='ocrx_word' id='word_1_449' title='bbox 409 2355 500 2375; x_wconf 89' lang='lat' dir='ltr'>suum</span> <span class='ocrx_word' id='word_1_450' title='bbox 517 2344 748 2386; x_wconf 83' lang='lat' dir='ltr'>Cleophantum</span> <span class='ocrx_word' id='word_1_451' title='bbox 775 2345 807 2376; x_wconf 91' lang='lat' dir='ltr'>in</span> <span class='ocrx_word' id='word_1_452' title='bbox 822 2346 958 2387; x_wconf 83' lang='lat' dir='ltr'>equestri</span> <span class='ocrx_word' id='word_1_453' title='bbox 981 2345 1131 2377; x_wconf 82' lang='lat' dir='ltr'>facultate</span> <span class='ocrx_word' id='word_1_454' title='bbox 1151 2330 1311 2376; x_wconf 78' lang='lat' dir='ltr'>strenuum</span> <span class='ocrx_word' id='word_1_455' title='bbox 1331 2344 1483 2381; x_wconf 79' lang='lat' dir='ltr'>effecisse,</span> <span class='ocrx_word' id='word_1_456' title='bbox 1499 2344 1580 2375; x_wconf 87' lang='lat' dir='ltr'>adeo</span> <span class='ocrx_word' id='word_1_457' title='bbox 1597 2348 1632 2375; x_wconf 92' lang='lat' dir='ltr'>ut</span> 
     </span>
     <span class='ocr_line' id='line_1_39' title="bbox 168 2397 1632 2441; baseline -0.001 -12"><span class='ocrx_word' id='word_1_458' title='bbox 168 2398 257 2440; x_wconf 91' lang='lat' dir='ltr'>equis</span> <span class='ocrx_word' id='word_1_459' title='bbox 271 2403 371 2430; x_wconf 87' lang='lat' dir='ltr'>rectus</span> <span class='ocrx_word' id='word_1_460' title='bbox 385 2398 550 2436; x_wconf 86' lang='lat' dir='ltr'>insisteret,</span> <span class='ocrx_word' id='word_1_461' title='bbox 567 2403 730 2440; x_wconf 86' lang='lat' dir='ltr'>rectusque</span> <span class='ocrx_word' id='word_1_462' title='bbox 745 2410 782 2430; x_wconf 89' lang='lat' dir='ltr'>ex</span> <span class='ocrx_word' id='word_1_463' title='bbox 805 2410 887 2441; x_wconf 88' lang='lat' dir='ltr'>equo</span> <span class='ocrx_word' id='word_1_464' title='bbox 898 2398 1102 2440; x_wconf 84' lang='lat' dir='ltr'>jacularetur,</span> <span class='ocrx_word' id='word_1_465' title='bbox 1124 2402 1291 2440; x_wconf 83' lang='lat' dir='ltr'>ceteraque</span> <span class='ocrx_word' id='word_1_466' title='bbox 1306 2397 1461 2439; x_wconf 84' lang='lat' dir='ltr'>permulta</span> <span class='ocrx_word' id='word_1_467' title='bbox 1475 2397 1632 2439; x_wconf 83' lang='lat' dir='ltr'>stupenda</span> 
     </span>
     <span class='ocr_line' id='line_1_40' title="bbox 168 2450 1630 2494; baseline -0.001 -11"><span class='ocrx_word' id='word_1_468' title='bbox 168 2450 342 2494; x_wconf 86' lang='lat' dir='ltr'>perficeret,</span> <span class='ocrx_word' id='word_1_469' title='bbox 356 2451 391 2482; x_wconf 84' lang='lat' dir='ltr'>in</span> <span class='ocrx_word' id='word_1_470' title='bbox 406 2452 519 2493; x_wconf 90' lang='lat' dir='ltr'>quibus</span> <span class='ocrx_word' id='word_1_471' title='bbox 534 2451 587 2484; x_wconf 83' lang='lat' dir='ltr'>ilie</span> <span class='ocrx_word' id='word_1_472' title='bbox 602 2452 769 2494; x_wconf 84' lang='lat' dir='ltr'>diligenter</span> <span class='ocrx_word' id='word_1_473' title='bbox 791 2452 907 2484; x_wconf 88' lang='lat' dir='ltr'>erudiri</span> <span class='ocrx_word' id='word_1_474' title='bbox 922 2453 1053 2493; x_wconf 86' lang='lat' dir='ltr'>curavit,</span> <span class='ocrx_word' id='word_1_475' title='bbox 1080 2452 1317 2494; x_wconf 78' lang='lat' dir='ltr'>sapientemque</span> <span class='ocrx_word' id='word_1_476' title='bbox 1338 2451 1373 2482; x_wconf 86' lang='lat' dir='ltr'>in</span> <span class='ocrx_word' id='word_1_477' title='bbox 1396 2450 1536 2493; x_wconf 78' lang='lat' dir='ltr'>singulis,</span> <span class='ocrx_word' id='word_1_478' title='bbox 1558 2458 1630 2490; x_wconf 73' lang='lat' dir='ltr'>quae</span> 
     </span>
     <span class='ocr_line' id='line_1_41' title="bbox 169 2504 1630 2548; baseline 0.001 -13"><span class='ocrx_word' id='word_1_479' title='bbox 169 2510 376 2547; x_wconf 68' lang='lat' dir='ltr'>praeceptores</span> <span class='ocrx_word' id='word_1_480' title='bbox 391 2505 505 2536; x_wconf 87' lang='lat' dir='ltr'>eruditi</span> <span class='ocrx_word' id='word_1_481' title='bbox 525 2506 692 2543; x_wconf 84' lang='lat' dir='ltr'>callebant,</span> <span class='ocrx_word' id='word_1_482' title='bbox 716 2506 847 2538; x_wconf 85' lang='lat' dir='ltr'>effecit?</span> <span class='ocrx_word' id='word_1_483' title='bbox 870 2508 938 2538; x_wconf 84' lang='lat' dir='ltr'>haec</span> <span class='ocrx_word' id='word_1_484' title='bbox 961 2517 981 2538; x_wconf 82' lang='lat' dir='ltr'>a</span> <span class='ocrx_word' id='word_1_485' title='bbox 996 2506 1164 2548; x_wconf 85' lang='lat' dir='ltr'>majoribus</span> <span class='ocrx_word' id='word_1_486' title='bbox 1185 2505 1359 2547; x_wconf 86' lang='lat' dir='ltr'>accepisti?</span> <span class='ocrx_word' id='word_1_487' title='bbox 1403 2504 1472 2537; x_wconf 71' lang='lat' dir='ltr'>Au.</span> <span class='ocrx_word' id='word_1_488' title='bbox 1494 2504 1630 2536; x_wconf 79' lang='lat' dir='ltr'>Audivi.</span> 
     </span>
     <span class='ocr_line' id='line_1_42' title="bbox 167 2558 1630 2603; baseline 0.001 -14"><span class='ocrx_word' id='word_1_489' title='bbox 167 2559 226 2590; x_wconf 77' lang='lat' dir='ltr'>So.</span> <span class='ocrx_word' id='word_1_490' title='bbox 249 2558 352 2590; x_wconf 89' lang='lat' dir='ltr'>Nemo</span> <span class='ocrx_word' id='word_1_491' title='bbox 367 2558 462 2601; x_wconf 87' lang='lat' dir='ltr'>igitur</span> <span class='ocrx_word' id='word_1_492' title='bbox 476 2564 617 2591; x_wconf 85' lang='lat' dir='ltr'>naturam</span> <span class='ocrx_word' id='word_1_493' title='bbox 632 2560 689 2591; x_wconf 86' lang='lat' dir='ltr'>filii</span> <span class='ocrx_word' id='word_1_494' title='bbox 711 2565 824 2603; x_wconf 82' lang='lat' dir='ltr'>utpote</span> <span class='ocrx_word' id='word_1_495' title='bbox 843 2561 954 2592; x_wconf 83' lang='lat' dir='ltr'>malam</span> <span class='ocrx_word' id='word_1_496' title='bbox 970 2560 1154 2602; x_wconf 79' lang='lat' dir='ltr'>culpaverit.</span> <span class='ocrx_word' id='word_1_497' title='bbox 1199 2559 1269 2591; x_wconf 76' lang='lat' dir='ltr'>AN.</span> <span class='ocrx_word' id='word_1_498' title='bbox 1293 2559 1409 2591; x_wconf 89' lang='lat' dir='ltr'>Nullus</span> <span class='ocrx_word' id='word_1_499' title='bbox 1433 2559 1524 2592; x_wconf 82' lang='lat' dir='ltr'>forte.</span> <span class='ocrx_word' id='word_1_500' title='bbox 1570 2558 1630 2590; x_wconf 80' lang='lat' dir='ltr'>So-</span> 
     </span>
     <span class='ocr_line' id='line_1_43' title="bbox 170 2611 1630 2657; baseline -0.001 -14"><span class='ocrx_word' id='word_1_501' title='bbox 170 2611 256 2650; x_wconf 86' lang='lat' dir='ltr'>Quid</span> <span class='ocrx_word' id='word_1_502' title='bbox 274 2623 346 2644; x_wconf 85' lang='lat' dir='ltr'>vero</span> <span class='ocrx_word' id='word_1_503' title='bbox 360 2613 400 2644; x_wconf 88' lang='lat' dir='ltr'>ad</span> <span class='ocrx_word' id='word_1_504' title='bbox 414 2613 499 2644; x_wconf 86' lang='lat' dir='ltr'>hoc?</span> <span class='ocrx_word' id='word_1_505' title='bbox 544 2613 700 2646; x_wconf 83' lang='lat' dir='ltr'>audistine</span> <span class='ocrx_word' id='word_1_506' title='bbox 725 2616 764 2646; x_wconf 88' lang='lat' dir='ltr'>ab</span> <span class='ocrx_word' id='word_1_507' title='bbox 787 2614 893 2657; x_wconf 88' lang='lat' dir='ltr'>aliquo</span> <span class='ocrx_word' id='word_1_508' title='bbox 910 2615 1031 2647; x_wconf 85' lang='lat' dir='ltr'>seniore</span> <span class='ocrx_word' id='word_1_509' title='bbox 1053 2619 1108 2646; x_wconf 87' lang='lat' dir='ltr'>aut</span> <span class='ocrx_word' id='word_1_510' title='bbox 1128 2613 1254 2656; x_wconf 87' lang='lat' dir='ltr'>juniore</span> <span class='ocrx_word' id='word_1_511' title='bbox 1281 2613 1526 2655; x_wconf 75' lang='lat' dir='ltr'>Cleophantum,</span> <span class='ocrx_word' id='word_1_512' title='bbox 1546 2611 1630 2643; x_wconf 76' lang='lat' dir='ltr'>The-</span> 
     </span>
     <span class='ocr_line' id='line_1_44' title="bbox 169 2665 1631 2712; baseline -0.001 -14"><span class='ocrx_word' id='word_1_513' title='bbox 169 2666 318 2699; x_wconf 86' lang='lat' dir='ltr'>mistoclis</span> <span class='ocrx_word' id='word_1_514' title='bbox 333 2666 444 2707; x_wconf 86' lang='lat' dir='ltr'>filium,</span> <span class='ocrx_word' id='word_1_515' title='bbox 458 2668 573 2698; x_wconf 86' lang='lat' dir='ltr'>bonum</span> <span class='ocrx_word' id='word_1_516' title='bbox 589 2678 626 2699; x_wconf 85' lang='lat' dir='ltr'>ac</span> <span class='ocrx_word' id='word_1_517' title='bbox 640 2669 812 2710; x_wconf 80' lang='lat' dir='ltr'>sapientem</span> <span class='ocrx_word' id='word_1_518' title='bbox 827 2670 859 2700; x_wconf 91' lang='lat' dir='ltr'>in</span> <span class='ocrx_word' id='word_1_519' title='bbox 873 2670 987 2712; x_wconf 90' lang='lat' dir='ltr'>quibus</span> <span class='ocrx_word' id='word_1_520' title='bbox 1004 2673 1091 2711; x_wconf 80' lang='lat' dir='ltr'>pater</span> <span class='ocrx_word' id='word_1_521' title='bbox 1100 2669 1210 2706; x_wconf 78' lang='lat' dir='ltr'>fuerat,</span> <span class='ocrx_word' id='word_1_522' title='bbox 1223 2667 1400 2699; x_wconf 80' lang='lat' dir='ltr'>exstitisse?</span> <span class='ocrx_word' id='word_1_523' title='bbox 1444 2666 1513 2699; x_wconf 74' lang='lat' dir='ltr'>An.</span> <span class='ocrx_word' id='word_1_524' title='bbox 1537 2665 1631 2696; x_wconf 88' lang='lat' dir='ltr'>Nun-</span> 
     </span>
     <span class='ocr_line' id='line_1_45' title="bbox 170 2719 1632 2763; baseline -0.001 -12"><span class='ocrx_word' id='word_1_525' title='bbox 170 2731 276 2763; x_wconf 82' lang='lat' dir='ltr'>quam.</span> <span class='ocrx_word' id='word_1_526' title='bbox 321 2719 378 2752; x_wconf 87' lang='lat' dir='ltr'>So.</span> <span class='ocrx_word' id='word_1_527' title='bbox 399 2720 487 2752; x_wconf 90' lang='lat' dir='ltr'>Num</span> <span class='ocrx_word' id='word_1_528' title='bbox 498 2720 739 2754; x_wconf 83' lang='lat' dir='ltr'>Themistoclem</span> <span class='ocrx_word' id='word_1_529' title='bbox 755 2724 936 2756; x_wconf 81' lang='lat' dir='ltr'>arbitramur</span> <span class='ocrx_word' id='word_1_530' title='bbox 951 2723 1062 2755; x_wconf 84' lang='lat' dir='ltr'>alienis</span> <span class='ocrx_word' id='word_1_531' title='bbox 1087 2723 1204 2754; x_wconf 66' lang='lat' dir='ltr'>artibus</span> <span class='ocrx_word' id='word_1_532' title='bbox 1218 2721 1357 2753; x_wconf 86' lang='lat' dir='ltr'>imbuere</span> <span class='ocrx_word' id='word_1_533' title='bbox 1371 2720 1470 2752; x_wconf 79' lang='lat' dir='ltr'>filium</span> <span class='ocrx_word' id='word_1_534' title='bbox 1485 2719 1632 2757; x_wconf 81' lang='lat' dir='ltr'>voluisse,</span> 
     </span>
     <span class='ocr_line' id='line_1_46' title="bbox 169 2773 1630 2819; baseline -0.001 -13"><span class='ocrx_word' id='word_1_535' title='bbox 169 2778 300 2817; x_wconf 86' lang='lat' dir='ltr'>paterna</span> <span class='ocrx_word' id='word_1_536' title='bbox 323 2784 396 2806; x_wconf 86' lang='lat' dir='ltr'>vero</span> <span class='ocrx_word' id='word_1_537' title='bbox 420 2774 534 2805; x_wconf 88' lang='lat' dir='ltr'>virtute</span> <span class='ocrx_word' id='word_1_538' title='bbox 555 2774 653 2806; x_wconf 88' lang='lat' dir='ltr'>nihilo</span> <span class='ocrx_word' id='word_1_539' title='bbox 679 2776 789 2808; x_wconf 87' lang='lat' dir='ltr'>vicinis</span> <span class='ocrx_word' id='word_1_540' title='bbox 804 2777 867 2808; x_wconf 91' lang='lat' dir='ltr'>suis</span> <span class='ocrx_word' id='word_1_541' title='bbox 882 2776 1126 2819; x_wconf 68' lang='lat' dir='ltr'>praestantiorem</span> <span class='ocrx_word' id='word_1_542' title='bbox 1151 2777 1252 2807; x_wconf 85' lang='lat' dir='ltr'>facere</span> <span class='ocrx_word' id='word_1_543' title='bbox 1275 2775 1441 2812; x_wconf 66' lang='lat' dir='ltr'>curavisse,</span> <span class='ocrx_word' id='word_1_544' title='bbox 1456 2774 1482 2805; x_wconf 87' lang='lat' dir='ltr'>si</span> <span class='ocrx_word' id='word_1_545' title='bbox 1501 2773 1630 2816; x_wconf 78' lang='lat' dir='ltr'>quidem</span> 
     </span>
     <span class='ocr_line' id='line_1_47' title="bbox 171 2822 1633 2873; baseline -0.002 -14"><span class='ocrx_word' id='word_1_546' title='bbox 171 2828 276 2860; x_wconf 81' lang='lat' dir='ltr'>doceri</span> <span class='ocrx_word' id='word_1_547' title='bbox 291 2828 386 2859; x_wconf 88' lang='lat' dir='ltr'>virtus</span> <span class='ocrx_word' id='word_1_548' title='bbox 401 2828 466 2859; x_wconf 90' lang='lat' dir='ltr'>ullo</span> <span class='ocrx_word' id='word_1_549' title='bbox 483 2834 575 2870; x_wconf 87' lang='lat' dir='ltr'>pacto</span> <span class='ocrx_word' id='word_1_550' title='bbox 591 2830 721 2870; x_wconf 85' lang='lat' dir='ltr'>posset?</span> <span class='ocrx_word' id='word_1_551' title='bbox 763 2830 831 2863; x_wconf 68' lang='lat' dir='ltr'>An.</span> <span class='ocrx_word' id='word_1_552' title='bbox 854 2822 965 2868; x_wconf 87' lang='lat' dir='ltr'>Forte,</span> <span class='ocrx_word' id='word_1_553' title='bbox 975 2841 1030 2873; x_wconf 87' lang='lat' dir='ltr'>per</span> <span class='ocrx_word' id='word_1_554' title='bbox 1040 2830 1061 2862; x_wconf 84' lang='lat' dir='ltr'>J</span> <span class='ocrx_word' id='word_1_555' title='bbox 1063 2841 1166 2872; x_wconf 86' lang='lat' dir='ltr'>ovem,</span> <span class='ocrx_word' id='word_1_556' title='bbox 1178 2829 1316 2862; x_wconf 81' lang='lat' dir='ltr'>minime.</span> <span class='ocrx_word' id='word_1_557' title='bbox 1361 2829 1416 2862; x_wconf 79' lang='lat' dir='ltr'>So.</span> <span class='ocrx_word' id='word_1_558' title='bbox 1438 2828 1524 2860; x_wconf 84' lang='lat' dir='ltr'>Talis</span> <span class='ocrx_word' id='word_1_559' title='bbox 1538 2827 1633 2869; x_wconf 78' lang='lat' dir='ltr'>igitur</span> 
     </span>
     <span class='ocr_line' id='line_1_48' title="bbox 170 2879 1629 2927; baseline -0.001 -14"><span class='ocrx_word' id='word_1_560' title='bbox 170 2881 221 2913; x_wconf 84' lang='lat' dir='ltr'>hic</span> <span class='ocrx_word' id='word_1_561' title='bbox 234 2882 357 2914; x_wconf 84' lang='lat' dir='ltr'>virtutis</span> <span class='ocrx_word' id='word_1_562' title='bbox 374 2883 516 2925; x_wconf 84' lang='lat' dir='ltr'>magister</span> <span class='ocrx_word' id='word_1_563' title='bbox 531 2883 601 2921; x_wconf 80' lang='lat' dir='ltr'>fnit,</span> <span class='ocrx_word' id='word_1_564' title='bbox 617 2893 708 2925; x_wconf 86' lang='lat' dir='ltr'>quem</span> <span class='ocrx_word' id='word_1_565' title='bbox 724 2884 791 2926; x_wconf 88' lang='lat' dir='ltr'>ipse</span> <span class='ocrx_word' id='word_1_566' title='bbox 808 2895 903 2916; x_wconf 89' lang='lat' dir='ltr'>unum</span> <span class='ocrx_word' id='word_1_567' title='bbox 917 2895 955 2916; x_wconf 88' lang='lat' dir='ltr'>ex</span> <span class='ocrx_word' id='word_1_568' title='bbox 971 2884 1110 2926; x_wconf 85' lang='lat' dir='ltr'>antiquis</span> <span class='ocrx_word' id='word_1_569' title='bbox 1127 2885 1281 2927; x_wconf 85' lang='lat' dir='ltr'>optimum</span> <span class='ocrx_word' id='word_1_570' title='bbox 1297 2883 1416 2915; x_wconf 86' lang='lat' dir='ltr'>asseris.</span> <span class='ocrx_word' id='word_1_571' title='bbox 1444 2882 1520 2923; x_wconf 76' lang='lat'>[94]</span> <span class='ocrx_word' id='word_1_572' title='bbox 1544 2879 1629 2912; x_wconf 87' lang='lat' dir='ltr'>con-</span> 
     </span>
     <span class='ocr_line' id='line_1_49' title="bbox 171 2934 1630 2982; baseline 0 -16"><span class='ocrx_word' id='word_1_573' title='bbox 171 2934 338 2968; x_wconf 87' lang='lat' dir='ltr'>sideremus</span> <span class='ocrx_word' id='word_1_574' title='bbox 349 2936 417 2978; x_wconf 83' lang='lat' dir='ltr'>jam</span> <span class='ocrx_word' id='word_1_575' title='bbox 432 2942 465 2969; x_wconf 88' lang='lat' dir='ltr'>et</span> <span class='ocrx_word' id='word_1_576' title='bbox 488 2937 595 2975; x_wconf 85' lang='lat' dir='ltr'>alium,</span> <span class='ocrx_word' id='word_1_577' title='bbox 611 2937 779 2970; x_wconf 83' lang='lat' dir='ltr'>Aristidem</span> <span class='ocrx_word' id='word_1_578' title='bbox 795 2938 975 2982; x_wconf 76' lang='lat' dir='ltr'>Lysimachi</span> <span class='ocrx_word' id='word_1_579' title='bbox 998 2938 1108 2972; x_wconf 83' lang='lat' dir='ltr'>filium.</span> <span class='ocrx_word' id='word_1_580' title='bbox 1152 2948 1257 2970; x_wconf 85' lang='lat' dir='ltr'>nonne</span> <span class='ocrx_word' id='word_1_581' title='bbox 1272 2940 1355 2970; x_wconf 87' lang='lat' dir='ltr'>hunc</span> <span class='ocrx_word' id='word_1_582' title='bbox 1370 2945 1495 2978; x_wconf 89' lang='lat' dir='ltr'>quoque</span> <span class='ocrx_word' id='word_1_583' title='bbox 1512 2935 1630 2964; x_wconf 81' lang='lat' dir='ltr'>bonum</span> 
     </span>
     <span class='ocr_line' id='line_1_50' title="bbox 172 2984 1632 3036; baseline -0.001 -15"><span class='ocrx_word' id='word_1_584' title='bbox 172 2989 267 3022; x_wconf 84' lang='lat' dir='ltr'>fuisse</span> <span class='ocrx_word' id='word_1_585' title='bbox 282 2991 412 3023; x_wconf 79' lang='lat' dir='ltr'>censes?</span> <span class='ocrx_word' id='word_1_586' title='bbox 436 2990 504 3025; x_wconf 65' lang='lat' dir='ltr'>An.</span> <span class='ocrx_word' id='word_1_587' title='bbox 521 2991 563 3024; x_wconf 86' lang='lat' dir='ltr'>Et</span> <span class='ocrx_word' id='word_1_588' title='bbox 577 2993 709 3025; x_wconf 83' lang='lat' dir='ltr'>maxime</span> <span class='ocrx_word' id='word_1_589' title='bbox 723 2984 861 3036; x_wconf 84' lang='lat' dir='ltr'>quidem.</span> <span class='ocrx_word' id='word_1_590' title='bbox 884 2994 940 3028; x_wconf 87' lang='lat' dir='ltr'>So.</span> <span class='ocrx_word' id='word_1_591' title='bbox 954 2993 1006 3026; x_wconf 90' lang='lat' dir='ltr'>An</span> <span class='ocrx_word' id='word_1_592' title='bbox 1018 3004 1081 3027; x_wconf 86' lang='lat' dir='ltr'>uon</span> <span class='ocrx_word' id='word_1_593' title='bbox 1091 2999 1124 3026; x_wconf 85' lang='lat' dir='ltr'>et</span> <span class='ocrx_word' id='word_1_594' title='bbox 1133 2993 1191 3026; x_wconf 88' lang='lat' dir='ltr'>iste</span> <span class='ocrx_word' id='word_1_595' title='bbox 1201 2992 1298 3024; x_wconf 87' lang='lat' dir='ltr'>filium</span> <span class='ocrx_word' id='word_1_596' title='bbox 1310 3001 1399 3023; x_wconf 86' lang='lat' dir='ltr'>suum</span> <span class='ocrx_word' id='word_1_597' title='bbox 1410 2988 1632 3032; x_wconf 71' lang='lat' dir='ltr'>Lysimachum</span> 
     </span>
    </p>
   </div>
  </div>
 </body>
</html>
