1846 3268
243 290 320 329 142
841 287 1109 329 PLA'roms
1242 285 1246 289 ·
1638 286 1710 344 [35

241 391 415 426 contra‘me
426 393 515 430 seras.
559 393 592 425 Si
607 392 678 436 quis
693 401 766 435 ergo
782 391 863 425 inter
875 403 932 424 vos
946 392 1017 434 ejus
1035 391 1150 424 mentis
1165 397 1224 430 est,
1243 402 1303 435 ego
1325 397 1430 425 tamen
1446 403 1510 425 non
1524 402 1638 426 censeo
1653 394 1711 426 ob·

239 448 440 486 secrandum,
456 448 512 479 sed
526 448 585 479 hac
599 447 720 479 ratione
736 447 841 489 potius
855 457 945 489 aeque
965 457 1016 478 me
1030 448 1116 479 hunc
1131 446 1338 479 allocuturum
1353 458 1362 480 z
1385 448 1466 479 Sunt
1479 453 1512 478 et
1527 447 1614 486 mihi,
1631 457 1650 479 ο
1665 446 1712 479 vir

243 502 378 544 optime,
405 501 531 544 cognati
545 502 684 544 quidam.
729 501 844 543 Neque
860 501 956 538 enim,
982 506 1019 532 ut
1033 500 1138 543 inquit
1159 501 1326 539 Homerus,
1346 512 1384 533 ex
1405 511 1523 544 quercu
1538 501 1587 533 vel
1610 505 1711 543 petra,

244 557 300 587 sed
316 568 354 588 ex
368 555 548 587 hominibus
572 560 664 587 natus
686 566 767 587 sum.
811 555 927 597 Itaque
950 559 983 586 et
1005 559 1157 597 cognatos
1180 555 1294 593 habeo,
1318 566 1338 586 o
1353 555 1410 586 viri
1432 554 1655 592 Athenienses,
1680 550 1714 586 e't

244 609 326 641 filios
342 614 402 641 tres
416 621 425 649 3
449 620 580 651 quorum
605 620 686 641 unus
702 609 770 651 jam
795 608 959 647 adolescit,
987 609 1051 640 duo
1078 614 1181 641 autern
1209 614 1282 640 sunt
1304 609 1436 652 parvuli.
1459 608 1580 640 nullum
1605 613 1711 641 tamen

245 673 352 694 eorum
368 663 430 694 huc
445 663 613 701 adducam,
629 663 860 705 supplicaturus
876 673 914 695 eo
930 667 1024 705 pacto
1039 673 1059 694 a
1072 663 1160 695 vobis
1180 664 1311 697 absolvi.
1358 663 1494 696 Cumam
1516 663 1610 704 igitur
1631 663 1712 694 nihil

245 717 355 748 horum
372 716 508 749 faciam?
553 717 629 749 Non
651 717 823 759 pertinacia
837 717 914 755 ulla,
939 727 1043 759 neque
1059 723 1254 759 contemptu,
1277 717 1336 748 viri
1355 717 1585 750 Athenienses:
1611 722 1712 748 utrum

246 780 320 802 vero
336 771 485 803 audacter
504 781 551 802 me
564 772 694 802 habeam
711 781 784 813 erga
799 776 941 808 mortem,
967 781 1006 802 an
1023 782 1099 809 non,
1115 772 1176 802 alia
1191 771 1268 802 ratio
1284 776 1343 803 est.
1387 770 1442 802 Ad
1453 769 1712 803 existimationem

244 828 363 862 tamen,
378 830 412 856 et
426 824 499 862 mei,
513 830 545 856 et
561 826 663 863 vestri,
679 830 713 856 et
726 825 863 857 civitatis
877 825 987 863 totius,
1013 835 1077 856 non
1097 825 1226 856 arbitror
1243 825 1409 867 pertinere,
1425 830 1461 856 ut
1474 825 1536 856 ista
1550 821 1662 857 faciam
1677 825 1711 856 in

245 878 305 910 hac
321 883 425 916 aetate,
440 884 472 910 et
484 879 544 910 hoc
560 880 698 916 nomine,
713 880 798 921 quod
814 885 925 911 nactus
941 890 1008 911 sum
1023 891 1033 920 3
1057 879 1121 911 sive
1136 880 1168 910 id
1184 890 1289 911 verum
1313 880 1365 917 sit,
1393 879 1458 910 sive
1481 878 1605 911 salsum.
1650 878 1712 911 At-

245 937 350 964 tamen
361 932 427 974 jam
445 933 594 974 opinione
609 935 772 965 hominum
788 939 1043 976 praeoccupatum
1065 939 1125 971 est,
1139 934 1296 966 Socratem
1310 934 1392 965 inter
1405 934 1521 965 multos
1537 933 1613 976 [35]
1630 944 1711 976 prae—

246 987 341 1028 cipuo
365 988 502 1029 quodam
525 987 688 1021 excellere.
733 988 768 1019 Si
793 998 866 1029 ergo
883 988 926 1025 bi,
950 989 1005 1030 qui
1026 988 1106 1020 inter
1116 999 1172 1019 vos
1193 988 1359 1030 sapientia,
1375 989 1424 1020 vel
1447 988 1644 1030 fortitudine,
1665 989 1714 1020 vel

247 1041 357 1082 quavis
378 1042 440 1072 alia
453 1041 567 1072 virtute
589 1046 734 1083 praestare
758 1041 984 1079 existimantur,
1008 1042 1085 1074 tales
1101 1047 1203 1079 erunt,
1226 1042 1334 1084 quales
1356 1052 1440 1083 saepe
1454 1042 1618 1084 quosdam,
1641 1052 1714 1074 cum

246 1095 288 1126 de
302 1094 366 1126 illis
375 1094 581 1136 judicaretur,
596 1095 673 1133 vidi,
690 1101 781 1137 turpe
797 1096 928 1127 nimium
945 1096 1015 1129 erit.
1038 1096 1092 1138 qui
1107 1107 1178 1128 cum
1193 1106 1262 1128 esse
1284 1095 1417 1137 alicujus
1438 1095 1534 1138 pretii
1555 1096 1714 1128 existima-

246 1153 364 1186 rentur,
379 1154 517 1180 attamen
534 1149 696 1191 injudicio
711 1150 821 1180 mirum
837 1149 871 1180 in
888 1150 1015 1181 modum
1032 1150 1294 1182 commiserationi
1309 1150 1498 1193 studebantj
1521 1149 1610 1192 quasi
1622 1161 1714 1192 grave

245 1202 365 1245 aliquid
382 1203 512 1244 passuri,
529 1203 554 1234 si
567 1214 605 1234 ex
621 1204 680 1235 hac
697 1204 760 1234 vita
775 1204 988 1235 decesserint:
1014 1204 1145 1246 perinde
1165 1214 1202 1235 ac
1224 1203 1415 1236 immortales
1430 1209 1535 1235 essent
1557 1204 1666 1241 futuri,
1687 1204 1715 1236 si

245 1267 302 1289 vos
316 1257 388 1288 illos
402 1268 467 1288 non
481 1257 642 1289 occidatis.
687 1257 788 1300 Atqui
802 1257 834 1288 hi
849 1258 926 1288 mihi
941 1258 1088 1290 videntur
1098 1258 1218 1290 civitati
1234 1259 1374 1290 dedecus
1396 1258 1504 1289 afferre
1518 1269 1526 1289 ε
1549 1263 1716 1301 propterea

245 1312 333 1353 quod
359 1311 536 1343 existimare
561 1310 792 1353 peregrinorum
818 1311 930 1353 aliquis
958 1317 1075 1355 potest,
1101 1322 1167 1348 eos,
1194 1312 1247 1353 qui
1270 1311 1352 1343 inter
1377 1310 1585 1343 Athenienses
1600 1312 1715 1343 virtute

246 1371 406 1407 praestant,
427 1366 459 1396 in
483 1365 777 1407 magistratibusque
797 1365 974 1407 ceterisque
1001 1365 1173 1397 honoribus
1199 1365 1374 1407 superiores
1399 1366 1565 1403 habentur,
1590 1364 1669 1396 nihil
1694 1375 1714 1396 a

247 1419 427 1451 mulieribus
442 1419 577 1451 differre.
623 1419 701 1450 Haec
719 1424 835 1457 autem,
863 1430 881 1450 ο
896 1419 955 1450 viri
971 1418 1193 1456 Athenienses,
1217 1430 1276 1451 nec
1290 1430 1360 1457 vos,
1387 1419 1442 1461 qui
1456 1418 1589 1460 alicujus
1604 1423 1714 1451 aucto-

247 1474 348 1505 ritatis
363 1484 430 1504 esse
444 1473 606 1510 videmini,
632 1474 736 1505 facere
752 1475 866 1512 decet;
891 1483 1005 1515 neque,
1029 1473 1154 1504 etiamsi
1169 1483 1226 1504 nos
1239 1474 1341 1504 facere
1357 1473 1500 1510 velimus,
1516 1473 1694 1514 permittere
1708 1485 1716 1504 :

247 1528 304 1559 sed
319 1529 380 1559 hoc
395 1527 495 1568 ipsum
513 1528 689 1564 ostendere,
715 1538 771 1558 vos
786 1538 859 1558 eum
874 1527 974 1558 multo
991 1527 1090 1568 magis
1105 1528 1305 1558 damnaturos
1320 1537 1400 1565 esse,
1424 1527 1479 1569 qui
1493 1527 1717 1559 commiserati-

243 1592 325 1613 vones
340 1581 496 1622 ejusmodi
511 1580 725 1619 introducens,
742 1581 906 1613 ridiculam
917 1581 1089 1613 reddiderit
1104 1581 1275 1619 civitatem,
1291 1592 1385 1624 quam
1400 1581 1500 1619 illum,
1518 1581 1574 1624 qui
1591 1581 1716 1624 quietus

242 1634 399 1677 judicium
415 1635 651 1676 exspectaverit.
697 1635 848 1672 Proinde,
865 1646 883 1666 o
896 1636 953 1667 viri
970 1635 1192 1674 Athenienses,
1207 1636 1331 1668 accedit
1344 1637 1384 1667 ad
1398 1647 1448 1678 ea,
1461 1646 1532 1678 quae
1548 1636 1588 1668 de
1607 1636 1718 1668 civita-

246 1690 287 1721 tis
301 1690 531 1722 existimatione
547 1690 632 1721 dicta
647 1694 732 1727 sunt,
757 1690 844 1732 quod
871 1701 929 1721 nec
954 1689 1076 1732 justum
1091 1690 1167 1721 mihi
1189 1691 1312 1722 videtur
1331 1701 1411 1728 esse,
1428 1690 1570 1732 judicem
1586 1690 1718 1732 precari,

246 1755 350 1786 neque
366 1745 524 1786 precando
540 1744 671 1782 absolvi,
687 1745 741 1776 sed
757 1745 870 1776 docere
886 1748 981 1786 atque
997 1744 1139 1776 suadere.
1184 1744 1260 1776 Non
1275 1745 1359 1776 enim
1373 1745 1413 1775 ad
1427 1746 1488 1776 hoc
1501 1745 1593 1776 sedet:
1602 1744 1716 1788 judex,

244 1803 281 1829 ut
296 1810 353 1841 per
371 1799 501 1840 gratiam
524 1799 691 1835 concedat,
714 1799 769 1830 sed
791 1803 828 1830 ut
847 1798 973 1841 judicet
993 1799 1166 1830 secundum
1191 1799 1286 1840 leges.
1327 1798 1436 1840 Atque.
1457 1798 1491 1830 id
1509 1797 1717 1841 jurejurando

245 1853 400 1895 promisit,
423 1863 488 1884 non
514 1864 570 1895 per
585 1854 714 1894 gratiam
738 1853 917 1896 cuicunque
940 1853 1065 1885 libuerit
1087 1854 1279 1891 condonare,
1300 1853 1354 1885 sed
1374 1853 1520 1895 judicare
1542 1853 1716 1886 secundum

243 1907 340 1949 leges.
386 1906 463 1938 Non
485 1907 579 1949 igitur
601 1908 686 1944 licet,
710 1907 759 1938 vel
782 1907 873 1938 nobis
891 1907 1084 1939 assuefacere
1101 1919 1156 1939 vos
1177 1907 1329 1949 dejerare,
1351 1907 1402 1939 vel
1425 1907 1525 1945 vobis,
1549 1906 1721 1939 assuefieri.

244 1961 347 1993 neutri
361 1961 444 1993 enim
460 1966 597 1993 nostrum
614 1961 795 2003 religionem
813 1966 978 1993 servarent.
1023 1961 1134 1993 Nolite
1149 1973 1235 2003 ergo,
1249 1973 1268 1993 o
1282 1962 1337 1993 viri
1348 1961 1568 2004 Athenienses,
1581 1962 1717 2004 exigere,

245 2014 322 2046 talia.
335 2026 387 2047 me
402 2016 488 2057 apud
505 2027 561 2048 vos
577 2027 679 2058 agere,
695 2026 766 2058 quae
781 2026 886 2057 neque
901 2017 1164 2059 honesta‚⁶neque
1176 2016 1275 2058 justa,
1296 2026 1399 2058 neque
1415 2021 1522 2048 sancta
1534 2027 1602 2048 esse
1616 2021 1695 2058 puto
1710 2027 1718 2046 :

245 2074 280 2101 et
304 2070 337 2101 id
356 2070 486 2112 quidem
512 2070 652 2112 omnino,
679 2070 850 2112 praesertim
866 2081 939 2101 vero
961 2081 1018 2112 per
1047 2071 1172 2108 Jovem,
1197 2081 1268 2103 cum
1294 2070 1465 2112 impietatis
1486 2080 1559 2112 erga
1581 2070 1676 2101 deum
1699 2080 1719 2102 a

246 2124 364 2157 Melito
380 2126 440 2157 hoc
455 2135 592 2156 accuser.
637 2124 796 2162 Profecto,
813 2124 839 2155 si
855 2134 1013 2166 pergerem
1030 2126 1217 2166 persuadere
1233 2125 1331 2163 vobis,
1347 2124 1569 2166 precandoque
1578 2123 1717 2162 flectcre,

246 2190 317 2212 cum
329 2179 518 2222 juraveritis,
534 2180 678 2211 docerem
695 2179 819 2220 utique,
835 2188 891 2208 vos
904 2188 967 2208 non
984 2183 1095 2219 putare
1110 2179 1187 2210 deos
1203 2190 1270 2211 esse
1284 2189 1294 2219 ;
1317 2189 1353 2211 ac
1369 2189 1487 2216 revera,
1505 2179 1579 2210 dum
1595 2188 1652 2220 pro
1667 2188 1717 2210 me

246 2234 464 2266 defensionem
480 2244 568 2276 paro,
584 2244 633 2264 me
649 2233 752 2275 ipsum
767 2231 892 2264 interim
915 2242 1106 2270 accusarem,
1131 2233 1218 2274 quasi
1235 2234 1312 2264 deos
1326 2243 1524 2275 nequaquam
1540 2232 1720 2264 existiman-

248 2293 323 2321 tem.
370 2288 433 2319 Sed
450 2287 580 2318 multum
596 2287 697 2328 abest,
715 2291 750 2317 ut
765 2286 810 2317 ita
826 2297 859 2317 se
880 2295 928 2317 res
949 2286 1076 2317 habeat.
1099 2287 1244 2318 existimo
1266 2297 1401 2328 namque
1424 2297 1492 2318 esse
1513 2287 1602 2323 deos,
1629 2295 1648 2316 ο
1663 2285 1721 2317 viri

247 2341 473 2379 Athenienses,
489 2342 587 2383 magis
607 2351 700 2383 quarn
726 2340 892 2382 quisquam
915 2350 1053 2371 meorum
1075 2345 1314 2381 accusatorum3
1337 2351 1374 2372 ac
1389 2341 1477 2372 vobis
1500 2340 1624 2382 deoque
1648 2350 1720 2382 per-

245 2396 350 2432 mitto,
367 2397 407 2427 de
423 2406 472 2427 me
484 2395 640 2437 judicare,
654 2400 692 2426 ut
705 2394 782 2426 mihi
796 2392 834 2426 bt
855 2394 943 2426 vobis
964 2394 1004 2425 sit
1019 2395 1259 2427 conducturum.
1307 2396 1403 2432 Quod
1420 2405 1492 2426 vcro
1507 2401 1571 2426 no'n
1587 2394 1721 2436 graviter

246 2450 354 2487 feram,
371 2460 390 2480 o
405 2449 462 2480 viri
477 2449 700 2492 Athenienses,
717 2460 767 2480 me
785 2460 803 2481 a
818 2449 906 2480 vobis
921 2459 988 2481 esse
1013 2449 1208 2490 damnatum,
1231 2449 1305 2491 [36]
1330 2454 1364 2480 et
1388 2449 1448 2480 alia
1476 2449 1574 2480 multa
1588 2448 1721 2487 faciunt,

246 2509 280 2535 et
295 2503 372 2535 illud
391 2504 422 2534 in
439 2504 559 2545 prImis,
587 2505 672 2546 quod
687 2515 751 2535 non
769 2509 880 2546 praeter
896 2514 983 2546 spem
1000 2502 1032 2534 id
1048 2503 1164 2535 accidit
1180 2515 1187 2535 t
1213 2514 1318 2535 verum
1340 2503 1440 2535 multo
1462 2503 1561 2545 magis
1587 2502 1722 2534 admiror

247 2562 450 2599 utrorumque
464 2568 627 2589 numerum
640 2558 842 2590 calculorum.
887 2557 1050 2600 Siquidem
1065 2568 1128 2589 non
1146 2558 1306 2600 putabam,
1323 2563 1385 2588 tam
1403 2567 1506 2599 pauco
1529 2556 1719 2588 calculorum

250 2622 380 2643 numero
397 2612 437 2642 ab
452 2612 650 2643 absolutione
667 2613 787 2644 abesse.
811 2623 895 2644 nunc
917 2617 1034 2650 autem,
1059 2617 1096 2643 ut
1110 2612 1246 2649 videtur,
1262 2612 1286 2643 si
1303 2618 1363 2643 tres
1379 2611 1478 2643 solum
1503 2610 1618 2643 calculi
1631 2610 1720 2643 aliter

249 2665 450 2702 cecidissent,
476 2667 662 2698 evadebam.
709 2667 857 2698 Melitum
883 2673 966 2698 certe
996 2676 1080 2697 nunc
1117 2667 1250 2698 evasisse
1285 2666 1396 2698 videor
1410 2677 1417 2697 z
1449 2675 1554 2708 neque
1586 2665 1720 2697 evasisse

249 2720 372 2759 solum3
397 2719 451 2751 sed
466 2719 636 2762 unicuique
651 2725 787 2759 constat,
804 2721 864 2752 nisi
884 2721 1083 2752 surrexissent
1098 2720 1225 2763 Anytus
1249 2725 1282 2752 et
1305 2720 1429 2763 Lycon,
1455 2730 1504 2751 me
1524 2714 1721 2757 accusantes,

247 2773 334 2806 mille
348 2775 509 2805 drachmas
523 2774 611 2805 illum
639 2775 735 2806 fuisse
761 2786 942 2817 pensurum,
967 2775 1115 2817 quoniam
1138 2780 1256 2817 partem
1276 2775 1418 2817 quintam
1441 2774 1630 2807 calculorum
1653 2784 1719 2805 non

249 2828 436 2869 accepisset.
481 2829 608 2860 Licetur
618 2839 692 2870 ergo
704 2829 861 2871 judicium
878 2835 976 2861 morte
993 2830 1038 2861 vir
1052 2830 1122 2862 iste.
1145 2836 1224 2862 esto.
1249 2831 1303 2862 sed
1316 2840 1387 2872 ego,
1399 2828 1484 2860 oviri
1494 2827 1718 2866 Athenienses,

248 2892 385 2925 quonam
409 2893 458 2913 me
484 2882 640 2914 liceamini
663 2884 854 2924 postulabo?
898 2884 953 2916 An
975 2895 1039 2916 non
1055 2883 1205 2916 videlicet
1219 2895 1270 2922 eo,
1285 2894 1348 2926 quo
1363 2883 1477 2926 dignus
1491 2892 1558 2914 sum
1573 2882 1585 2913 ?
1630 2881 1719 2920 Quid

250 2937 349 2979 ergo?
372 2937 521 2979 quidnam
550 2937 680 2979 dignum
702 2944 760 2976 est,
784 2939 850 2980 pati
867 2950 916 2971 me
937 2944 991 2971 aut
1016 2940 1166 2981 pendere,
1191 2939 1232 2970 ob
1254 2939 1299 2976 id,
1324 2938 1410 2981 quod
1435 2947 1507 2979 quae
1520 2935 1632 2973 didici,
1654 2946 1719 2968 non

250 2991 398 3030 siluerim,
411 2991 466 3023 sed
488 2991 686 3034 neglexerim,
704 3003 902 3037 quaecunque
925 2994 1014 3026 multi
1031 2993 1107 3027 facit
1123 2994 1247 3037 vulgus,
1261 2997 1428 3035 quaestum,
1443 3001 1508 3025 rem
1522 2989 1720 3039 familiarem,
