1846 3268
216 283 297 322 428
827 278 1095 321 PLAToms
1615 285 1688 337 [59

218 384 283 418 Pu.
305 383 412 427 Atque
427 384 504 416 mira
518 383 654 426 quadam
670 382 802 421 ratione,
819 393 838 414 o
854 382 1054 422 Echecrates,
1069 383 1134 417 illic
1149 393 1284 427 praesens
1300 384 1432 417 affectus
1447 395 1541 418 eram.
1571 385 1688 430 Neque

218 438 302 471 enim
319 437 530 471 misericordia
545 448 595 470 me
606 438 754 475 habebat,
769 442 805 469 ut
819 437 1048 470 familiarissimi
1065 438 1123 470 viri
1131 439 1223 471 morti
1236 445 1435 482 praesentern.
1480 440 1564 472 Saue
1575 441 1686 473 beatus

218 492 265 524 vir
287 492 341 524 ille
367 493 454 530 mihi,
480 504 499 524 o
526 492 726 530 Echecrates,
741 492 917 530 videbatur,
934 497 1000 524 tum
1023 493 1120 524 animi
1142 493 1227 526 illius
1250 494 1406 532 habitum,
1423 499 1488 527 tum
1515 495 1687 527 orationem

218 547 428 579 consideranti
442 559 450 578 ι
474 546 554 578 adeo
570 546 727 589 intrepide
750 557 964 588 generoseque
989 547 1142 588 migrabat
1156 557 1174 579 e
1190 547 1266 590 vita,
1281 552 1317 579 ut
1332 548 1488 580 videretur
1503 547 1580 581 mihi
1594 548 1683 580 illurn

216 601 251 632 in
268 602 364 632 vitam
379 602 506 633 alteram
522 611 588 632 non
603 601 721 643 absque
736 599 845 631 divina
860 604 941 632 sorte
956 600 1099 643 migrare,
1121 601 1177 632 sed
1199 600 1263 634 illic
1285 612 1412 644 quoque
1435 603 1546 634 beatus
1567 602 1646 641 fore,
1661 603 1688 634 si

216 655 286 698 quis
307 656 382 698 [59]
407 665 545 698 unquam
561 654 649 687 alter.
695 654 907 693 Quamobrem
933 665 1037 698 neque
1052 656 1222 687 admodum
1237 657 1466 695 commovebar,
1482 656 1536 700 (ut
1550 667 1686 689 consen-

213 713 342 741 taneum
357 710 513 742 videretur
527 709 684 742 hominem
699 709 741 741 rei
757 714 941 752 praesentem
958 710 1080 752 lugubri
1096 710 1302 752 commoveri)
1318 721 1421 752 neque
1444 721 1547 743 rursus
1569 711 1686 744 afficie-

213 764 270 795 bar
285 763 407 806 laetitia,
422 764 687 806 quemadmodum
701 763 877 795 solebamus
892 763 981 801 alias,
995 774 1067 795 cum
1084 764 1116 795 in
1133 764 1333 807 philosophia
1350 765 1555 797 versabamur.
1597 765 1683 797 Nam

216 828 374 849 sermones
389 817 518 860 quidem
531 817 689 859 ejusmodi
703 822 791 848 erant
804 828 812 848 :
837 817 892 851 sed
908 827 1014 849 revera
1029 818 1160 850 affectus
1177 819 1307 861 quidam
1329 818 1424 851 mirus
1449 824 1544 862 atque
1558 819 1687 851 insolita

213 871 388 914 voluptatis
403 872 581 914 dolorisque
591 872 756 915 permixtio
772 883 821 903 me
836 872 991 904 invaserat
1005 872 1269 911 considerantem,
1285 873 1332 905 illi
1348 874 1442 916 paulo
1457 878 1530 916 post
1550 874 1686 906 morien-

215 926 292 957 dum
307 936 386 958 esse.
410 922 443 958 et
457 926 638 968 quicunque
654 927 827 962 aderamus,
844 926 940 958 ferme
963 926 1104 958 similiter
1127 937 1248 959 eramus
1269 926 1388 965 affecti,
1403 927 1479 959 alias
1501 928 1628 970 quidem
1645 928 1684 959 ri-

213 980 337 1018 dentes,
364 980 439 1012 alias
451 991 524 1012 vero
551 981 770 1024 lacrymantes.
795 991 875 1012 unus
900 986 1004 1012 autem
1027 991 1092 1023 prae
1108 981 1219 1012 ceteris
1232 981 1447 1023 Apollodorus
1461 993 1470 1013 :
1491 981 1576 1013 nosti
1601 982 1684 1013 enim

211 1034 310 1066 virum
333 1034 466 1077 ejusque
489 1045 599 1068 mores.
645 1035 733 1067 Ecn.
760 1035 880 1072 Quidni
894 1035 906 1066 ?
952 1035 1017 1068 Pu.
1042 1035 1101 1067 Ille
1117 1035 1212 1077 igitur
1226 1035 1271 1066 ita
1297 1045 1422 1076 prorsus
1446 1039 1513 1067 erat
1534 1035 1684 1069 affectus:

212 1092 307 1130 atque
323 1100 383 1131 ego
407 1089 475 1131 ipse
499 1089 616 1132 aliique
635 1100 743 1121 omnes
763 1089 946 1121 distractum
973 1089 1114 1121 similiter
1137 1088 1370 1132 perturbatione
1395 1088 1534 1121 animum
1548 1089 1687 1122 habeba·

211 1154 293 1175 mus.
337 1143 423 1176 Ecrr.
448 1145 511 1176 Sed
528 1145 656 1186 quinam
669 1145 748 1176 forte
765 1145 908 1186 aderant,
924 1155 944 1176 o
959 1144 1126 1176 Phaedon?
1172 1144 1238 1176 Pa.
1262 1143 1357 1176 Cives
1371 1144 1499 1186 quidem
1515 1148 1548 1175 et
1562 1143 1686 1186 indige-

210 1207 261 1228 nae
277 1197 408 1229 aderant
422 1198 489 1240 ipse
506 1198 721 1240 Apollodorus
734 1204 766 1230 et
776 1198 959 1231 Critobulus
972 1203 1124 1241 paterque
1137 1198 1205 1240 ejus
1219 1210 1227 1230 ι
1251 1208 1354 1230 rursus
1365 1197 1592 1241 Hermogenes,
1604 1197 1684 1241 Epi-

212 1262 321 1295 genes,
336 1252 516 1289 AEschines,
532 1252 749 1286 Antisthenes.
764 1254 871 1285 aderat
883 1258 916 1285 et
925 1253 1098 1295 Ctesippus
1109 1253 1263 1284 Paeaneus
1275 1258 1307 1284 et
1319 1253 1518 1284 Menexenus
1531 1257 1625 1295 atque
1632 1251 1688 1285 alii

211 1307 340 1350 quidam
349 1306 520 1348 indigenae.
538 1307 631 1338 Plato
642 1313 759 1345 autem,
772 1312 807 1338 ut
819 1308 959 1344 arbitror,
971 1308 1154 1350 aegrotabat.
1178 1306 1265 1339 Ecn.
1281 1306 1343 1338 Sed
1356 1317 1431 1338 num
1445 1306 1543 1350 aliqui
1555 1307 1684 1339 aderant

210 1360 369 1403 peregrini
382 1361 393 1391 ?
439 1361 504 1393 ΡΗ.
528 1361 670 1393 Aderant
687 1366 721 1393 et
736 1362 902 1403 peregrini,
914 1361 1059 1393 Simmias
1073 1361 1243 1393 Thebanus
1258 1366 1290 1394 et
1305 1361 1408 1394 Cebes
1418 1365 1451 1393 et
1460 1361 1660 1394 Phaedondes
1673 1373 1682 1393 ε

210 1414 417 1457 Megarenses
425 1425 496 1447 vero
507 1415 656 1447 Euclides
667 1420 698 1447 et
712 1415 877 1458 Terpsion,.
911 1416 997 1447 an.
1014 1416 1194 1459 Aristippus
1206 1421 1310 1448 autem
1326 1420 1359 1448 et
1367 1415 1585 1448 Cleombrotus
1600 1426 1683 1448 nun-

210 1468 290 1511 quid
305 1469 457 1500 aderant?
495 1469 560 1501 Pu.
583 1469 671 1502 Non.
702 1469 742 1501 In
753 1470 872 1513 AEgina
883 1470 967 1502 enirn
979 1470 1165 1502 dicebantur
1179 1481 1258 1502 esse.
1291 1469 1378 1501 Ecn.
1400 1469 1584 1502 Aderantne
1596 1469 1682 1502 insu-

212 1534 271 1566 per
285 1523 362 1555 alii?
393 1523 459 1556 PH.
483 1523 553 1556 Hos
568 1525 678 1566 ferme,
691 1535 770 1567 quos
779 1525 911 1563 narravi,
922 1525 1097 1557 interfuisse
1108 1525 1262 1557 existimo.
1285 1524 1373 1558 Ecn.
1397 1524 1460 1557 Dic
1475 1535 1560 1563 vero,
1575 1524 1684 1567 quales

210 1578 338 1610 fuerunt
353 1579 531 1610 sermones?
576 1579 642 1611 Pu.
666 1579 816 1612 conabor
831 1580 977 1622 equidem
993 1590 1012 1611 a
1026 1579 1184 1622 principio
1200 1578 1258 1610 tibi
1280 1579 1386 1610 omnia
1400 1589 1552 1611 enarrare.
1594 1578 1682 1611 Sole-

208 1634 319 1664 bamus
335 1632 477 1675 quotidie
491 1633 602 1665 diebus
617 1633 826 1676 superioribus
842 1635 881 1666 ad
898 1634 1057 1666 Socratem
1075 1633 1229 1676 proficisci
1256 1644 1316 1676 ego
1341 1637 1436 1676 atque
1451 1632 1518 1675 alii,
1532 1632 1684 1665 conveni-

209 1692 298 1720 entes
313 1698 404 1719 mane
420 1687 452 1719 in
467 1688 521 1719 illa
535 1688 633 1731 curia,
644 1688 676 1719 in
692 1699 755 1731 qua
769 1693 803 1720 et
818 1688 976 1732 judicium
991 1689 1108 1721 factum
1125 1689 1225 1721 fuerat
1241 1700 1250 1719 ι
1274 1687 1388 1720 carceri
1403 1687 1488 1719 enim
1499 1691 1569 1719 erat,
1579 1686 1683 1729 proxi-

206 1753 270 1774 ma.
316 1742 542 1785 Colloquentes
568 1741 663 1785 igitur
686 1743 767 1775 inter
790 1754 848 1775 nos
876 1743 1095 1786 operiebamur
1110 1753 1233 1786 semper
1253 1742 1332 1785 illic,
1345 1742 1451 1785 quoad
1472 1751 1577 1775 carcer
1605 1751 1682 1783 apev

206 1797 328 1829 riretur.
362 1797 559 1839 aperiebatur
594 1797 677 1829 enim
711 1797 797 1829 haud
824 1797 994 1829 admodum
1019 1808 1123 1831 mane.
1155 1808 1194 1829 eo
1219 1802 1324 1828 autem
1351 1800 1460 1839 aperto
1486 1794 1683 1838 ingredieba-

207 1862 276 1883 mur
295 1853 335 1883 ad
358 1852 529 1890 Socratem,
556 1857 590 1884 et
616 1853 655 1884 ad
672 1851 837 1894 plurimum
861 1852 945 1883 diem
968 1862 1040 1884 cum
1065 1852 1136 1895 ipso
1159 1851 1448 1884 confabulabamur.
1493 1849 1584 1882 Tunc
1606 1858 1681 1891 ergo

177 1909 181 1913 '
206 1905 293 1948 prius
314 1904 407 1938 solito
430 1906 644 1939 convenimus.
671 1905 773 1949 pridie
788 1917 924 1949 namque
945 1907 1015 1949 ejus
1030 1907 1108 1950 diei,
1123 1917 1194 1939 cum
1221 1917 1239 1938 e
1261 1916 1384 1938 carcere
1407 1903 1523 1948 egressi
1545 1907 1682 1935 essemus

206 1971 348 2004 vespere,
363 1971 473 1993 navem
487 1973 524 1993 ex
541 1961 626 1993 Delo
642 1961 820 1993 audivimus
834 1961 974 1994 rediisse.
999 1961 1106 2003 itaque
1122 1960 1277 1993 ediximus
1291 1960 1440 2001 invicem,
1454 1968 1573 2003 spmmo
1589 1967 1681 1990 mane

205 2015 298 2046 nobis
311 2015 378 2046 fore
393 2016 433 2046 ad
456 2015 561 2047 locum
582 2015 708 2047 solitum
728 2016 936 2047 redeundum.
981 2015 1064 2048 Cum
1087 2026 1160 2047 vero
1176 2015 1290 2046 reversi
1304 2023 1452 2055 essemus,
1467 2012 1576 2045 exiens
1589 2011 1682 2044 nobis

207 2069 318 2102 obvius
337 2069 468 2111 janitor,
484 2070 538 2111 qui
562 2080 619 2100 nos
641 2070 762 2101 solebat
783 2070 961 2111 admittere,
975 2074 1156 2111 exspectare
1165 2068 1261 2111 jussit
1274 2078 1333 2099 nec
1348 2067 1433 2109 prius
1447 2065 1571 2109 ingredi
1585 2075 1679 2107 quam

208 2124 248 2154 ab
262 2124 333 2166 ipso
349 2112 575 2156 accersiremur.
621 2123 756 2154 Solvunt
768 2123 864 2161 enim,
883 2123 1000 2165 inquit,
1013 2123 1159 2155 undecim
1175 2122 1232 2153 viri
1248 2122 1421 2162 Socratem,
1435 2120 1544 2162 illique
1555 2119 1680 2151 denun-

205 2177 288 2210 tiant
301 2178 396 2210 hodie
413 2183 541 2210 mortem
557 2189 624 2210 esse
640 2178 830 2209 obeundam.
876 2177 991 2218 Neque
1014 2177 1130 2208 deinde
1153 2176 1324 2207 admodum
1349 2178 1559 2206 commoratus
1586 2172 1681 2205 ‘rediit

205 2234 245 2265 ad
273 2244 342 2270 nos,
353 2233 512 2275 jussitque
535 2233 661 2264 intrare.
706 2232 819 2274 Itaque
848 2232 1042 2263 introeuntes
1068 2231 1144 2273 [60]
1168 2231 1327 2262 Socratem
1351 2229 1480 2271 quidem
1499 2227 1678 2260 invenimus

204 2287 411 2329 compedibus
426 2287 522 2329 paulo
538 2292 611 2318 ante
627 2287 762 2318 solutum
774 2298 783 2326 3
807 2285 1012 2327 Xanthippen
1026 2295 1096 2316 vero
1110 2283 1211 2327 (nosti
1223 2282 1401 2325 mulierem)
1413 2281 1505 2324 juxta
1516 2281 1678 2313 sedentem

203 2351 398 2384 puerumque
414 2341 482 2383 ejus
494 2342 638 2373 manibus
654 2346 824 2372 tenentem.
869 2341 950 2378 Quae
964 2351 1021 2371 nos
1037 2350 1107 2371 cum
1124 2339 1264 2374 vidisset,
1273 2337 1392 2380 ejulare
1403 2337 1511 2379 coepit,
1523 2341 1556 2368 et
1569 2336 1677 2379 qualia

204 2395 350 2427 mulieres
377 2395 490 2432 solent,
506 2396 678 2428 exclamare
691 2408 699 2427 :
724 2396 752 2426 O
781 2395 938 2431 Socrates,
965 2395 1078 2437 inquit,
1095 2403 1256 2435 nunquam
1279 2392 1414 2434 amplius
1438 2390 1619 2423 affabuntur
1642 2395 1675 2422 te

204 2449 252 2481 tui
266 2450 441 2487 familiarem
458 2461 561 2492 neque
579 2456 611 2481 tu
626 2450 709 2482 illos.
755 2450 800 2481 At
814 2450 957 2481 Socrates
980 2448 1140 2480 Critonem
1166 2447 1311 2483 intuitus,
1332 2457 1351 2478 o
1368 2445 1472 2486 Crito,
1485 2444 1602 2486 inquit,
1615 2445 1671 2476 de-

204 2504 301 2535 ducat
313 2503 383 2546 quis
399 2504 479 2535 hanc
495 2505 634 2535 domum.
679 2503 721 2535 Et
735 2503 820 2534 illam
834 2503 962 2546 quidem
991 2502 1179 2534 reduxerunt
1201 2501 1329 2543 quidam
1346 2498 1485 2532 Critonis
1497 2498 1677 2536 domestici,

202 2557 426 2590 vociferantem
442 2562 535 2600 atque
550 2558 764 2600 plangentem.
810 2557 952 2589 Socrates
975 2561 1078 2587 autem
1102 2556 1214 2587 sedens
1240 2555 1273 2586 in
1290 2554 1402 2586 lectIca
1417 2552 1571 2584 contraxit
1584 2552 1624 2583 ad
1640 2562 1675 2584 se

202 2623 285 2648 crus,
301 2622 457 2654 manuque
474 2612 646 2654 perfricuit,
662 2617 756 2654 atque
773 2611 853 2642 inter
869 2610 1043 2642 srIcandum
1069 2610 1113 2641 sic
1141 2609 1246 2652 inquit
1260 2621 1267 2640 :
1293 2609 1396 2646 Quam
1411 2606 1488 2639 mira
1502 2606 1636 2642 videtur,
1653 2616 1674 2637 o

203 2667 272 2704 viri,
289 2667 355 2698 lroec
370 2677 417 2698 res
433 2677 511 2702 esse,
529 2677 623 2708 quam
649 2666 814 2697 nominant
837 2663 979 2696 homines
994 2664 1202 2705 voluptatem,
1216 2673 1373 2705 quamque
1387 2661 1464 2693 miro
1491 2659 1675 2692 naturaliter

203 2732 236 2753 se
250 2721 344 2753 habet
360 2721 454 2752 modo
477 2721 517 2752 ad
542 2721 682 2753 dolorem
703 2721 816 2763 ipsum,
832 2719 885 2762 qui
909 2718 978 2761 ejus
1004 2718 1176 2751 contrarius
1199 2729 1266 2750 esse
1289 2718 1434 2748 videtur:
1457 2714 1576 2758 quippe
1598 2724 1671 2748 cum

201 2775 294 2807 simul
310 2775 430 2807 homini
445 2775 554 2807 adesse
569 2775 682 2807 nolint.
707 2779 846 2806 attamen
865 2773 891 2806 si
915 2773 984 2815 quis
1010 2772 1208 2815 prosequitur
1224 2771 1374 2814 capitque
1388 2770 1532 2806 alterum,
1548 2778 1670 2811 semper

199 2829 296 2862 ferme
311 2830 440 2861 alterum
452 2839 578 2871 quoque
591 2830 733 2871 accipere
749 2828 872 2871 cogitur
886 2840 894 2868 3
916 2827 1007 2870 quasi
1023 2839 1061 2859 ex
1076 2828 1188 2859 eodem
1206 2826 1322 2859 vertice
1333 2825 1397 2857 sint
1410 2824 1503 2856 arnbo
1511 2832 1666 2856 connexa.

198 2883 344 2916 Arbitror
359 2884 503 2926 equidem
522 2884 691 2926 AEsopum,
706 2884 731 2915 si
746 2884 814 2915 haec
830 2882 1110 2919 animadvertisset,
1127 2881 1262 2913 fabulam
1279 2880 1374 2911 fuisse
1385 2879 1560 2911 facturum:
1578 2877 1667 2909 vide-

198 2938 275 2970 licet
291 2938 396 2970 Deum
411 2939 524 2981 ipsum,
540 2936 610 2971 cum
627 2938 696 2980 ipsa
711 2939 790 2970 inter
815 2949 847 2970 se
875 2937 1049 2980 pugnantia
1065 2936 1159 2968 vellet
1183 2935 1352 2968 conciliare
1375 2942 1478 2974 neque
1503 2932 1535 2963 id
1562 2931 1666 2964 facere

198 2999 317 3038 posset,
329 2994 362 3027 in
378 3004 474 3026 unum
488 2994 597 3026 saltem
623 3003 729 3026 eorum
752 2994 858 3036 apices
879 2992 1101 3035 conjunxisse,
1126 2995 1352 3034 proptereaque
1372 2987 1549 3030 cuicunque
1578 2986 1667 3019 adest
