1846 3268
146 291 247 342 499]
743 279 1002 320 GORGIAS.
1537 266 1616 323 2'15

146 393 243 426 istud.
287 391 325 424 In
349 389 439 422 bello.
458 392 563 420 autem
588 384 736 418 vidistine
758 395 897 426 unquam
914 383 1011 414 virum
1037 381 1208 414 timidum?
1254 381 1340 415 CAL.
1364 383 1510 421 Quidni?
1555 387 1614 419 So.

148 447 235 486 Quid
250 446 341 478 vero?
363 454 433 476 cum
450 442 632 474 recederent
658 440 775 476 hostes,
790 437 852 469 utri
868 437 1055 468 videbantur
1081 436 1137 467 tibi
1164 436 1261 478 magis
1285 437 1445 478 gaudere:
1471 439 1615 472 timidine

147 511 189 533 an
213 500 331 532 fortes?
375 498 461 530 Cn..
484 494 618 536 Utrique
648 492 726 524 mihi
758 491 854 534 magis
884 492 1044 533 gaudere:
1067 491 1117 523 vel
1147 491 1256 522 saltem
1290 502 1398 533 prope.
1445 492 1502 523 So.
1525 492 1615 524 Nihil

147 555 249 586 refert.
272 553 411 595 gaudent
423 549 519 591 igitur
542 554 575 580 et
602 547 729 578 timidi?
776 545 863 578 cst.
887 545 1096 586 Magnopere.
1141 544 1196 576 So.
1219 545 1262 576 Et
1275 545 1448 582 dementes,
1465 551 1499 577 ut
1514 557 1614 589 appa-

147 613 204 640 ret.
248 607 333 639 CAL.
357 605 400 637 Et
422 603 484 636 isti.
527 603 584 633 So.
607 601 689 634 Cum
715 611 788 632 vero
819 601 924 631 hostes
949 600 1134 638 adventant,
1161 598 1261 630 soline
1287 599 1398 630 dolent
1434 600 1547 636 timidi,
1574 612 1616 633 an

147 661 239 694 etiam
265 659 380 691 fortes?
426 658 512 689 CAL.
536 655 681 697 Utrique.
726 654 784 685 So.
805 653 892 684 Num
920 652 1083 684 similiter?
1130 652 1217 684 Cn..
1249 653 1342 685 Forte
1371 655 1470 696 magis
1499 655 1613 688 timidi.

148 715 204 747 So.
231 712 430 746 Abeuntibus
455 716 560 742 autem
586 719 692 740 nonne
719 708 816 750 magis
841 707 1002 749 gaudent?
1049 706 1135 738 cix..
1158 706 1263 739 Forte.
1308 708 1366 740 So,
1387 708 1506 740 Nonne
1519 709 1617 751 igitur

148 768 259 800 dolent
272 772 367 808 atque
383 765 523 807 gaudent
537 762 754 805 imprudentes
766 767 861 802 atque
878 760 1060 802 prudentes,
1077 759 1242 802 timidique
1258 766 1291 792 et
1303 761 1397 793 fortes
1412 762 1566 803 similiter,
1581 768 1617 794 ut

147 822 216 864 ipse
231 821 303 853 ais:
326 819 424 860 magis
441 824 544 850 tamen
562 816 665 848 timidi
690 827 785 858 quam
809 815 929 846 fortes?
974 814 1062 847 Cn..
1085 814 1148 846 Aio
1174 814 1333 857 equidem.
1379 816 1434 847 So.
1459 816 1617 849 Verunta-

149 886 220 907 men
236 875 404 917 prudentes
419 873 548 915 quidem
577 876 610 902 et
631 871 726 902 sortes
751 869 826 901 boni
853 873 939 911 sunt,
954 868 1058 900 timidi
1078 879 1150 900 vero
1175 874 1270 911 atque
1292 869 1505 911 imprudentes
1531 873 1617 905 mali.

149 930 236 962 Cn..
259 927 309 959 Ita
331 932 389 959 est.
434 927 490 958 So.
514 925 727 963 Quamobrem
756 933 846 965 aeque
876 922 1017 964 gaudent
1046 927 1141 964 atque
1172 923 1282 954 dolent
1313 928 1346 955 et
1371 924 1446 955 boni
1474 929 1506 955 et
1531 925 1617 958 mali.

148 983 234 1016 Cu..
258 981 433 1013 Assentior.
478 980 532 1011 So.
555 978 609 1010 An
636 989 709 1020 ergo
725 989 815 1020 aeque
832 977 906 1008 boni
922 976 1057 1019 malique
1074 982 1147 1008 sunt
1166 977 1210 1014 hi,
1227 978 1280 1019 qui
1307 977 1382 1008 boni
1409 983 1480 1009 sunt
1503 984 1536 1011 et
1560 979 1617 1021 qui

150 1036 247 1068 mali?
272 1047 311 1068 an
336 1035 441 1077 potius
468 1034 543 1065 boni
567 1035 733 1069 duntaxat,
748 1031 803 1074 qni
831 1031 904 1063 boni
928 1035 1014 1072 sunt,
1040 1031 1112 1062 mali
1130 1042 1214 1068 vero,
1231 1031 1285 1073 qui
1301 1032 1399 1064 mali?
1445 1033 1532 1065 Cn..
1556 1035 1618 1067 Per

149 1091 275 1127 Jovem,
287 1090 392 1121 nescio
406 1088 483 1132 quid
499 1087 651 1119 involvas.
695 1086 752 1119 So.
776 1086 828 1116 An
843 1085 966 1127 ignoras
989 1084 1104 1116 dixisse
1125 1090 1156 1116 te
1171 1085 1271 1116 bonos
1286 1086 1436 1117 bonorum
1453 1089 1618 1129 praesentia

150 1155 219 1176 esse
234 1146 344 1181 bonos,
359 1143 456 1174 malos
471 1153 544 1173 vero
562 1141 710 1172 malorum
723 1141 734 1171 ,³
779 1140 871 1171 Bona
886 1145 989 1170 autem
1007 1139 1184 1180 voluptates
1198 1149 1278 1179 esse,
1294 1140 1374 1170 mala
1385 1151 1455 1172 vero
1472 1142 1617 1175 dolores?

151 1198 237 1230 Cn..
259 1197 428 1239 Equidem.
473 1196 530 1228 So.
554 1195 671 1226 Nonne
696 1194 789 1235 igitur
814 1194 861 1224 his
886 1193 941 1235 qui
966 1193 1164 1224 oblectantur
1189 1194 1337 1224 assistunt
1363 1194 1456 1232 bona,
1470 1195 1619 1228 videlicet

150 1251 351 1294 voluptates?
375 1250 543 1292 siquidem
561 1249 769 1280 oblectantur.
816 1248 902 1279 CAL.
925 1247 1012 1284 Quid
1025 1247 1191 1289 prohibet?
1236 1247 1292 1278 So.
1317 1247 1401 1278 Num
1416 1250 1618 1290 prwseutibus

152 1306 241 1337 bonis
268 1305 341 1337 boni
366 1309 439 1336 sunt
459 1303 515 1346 qui
542 1302 761 1335 delectantur?
807 1302 893 1333 Car..
918 1301 1010 1332 Sunt.
1055 1301 1110 1334 So.
1134 1300 1175 1331 Et
1200 1301 1379 1332 dolentibus
1402 1308 1508 1334 assunt
1524 1305 1616 1342 mala,

149 1359 269 1391 scilicet
292 1357 352 1401 ipsi
383 1357 529 1389 dolores?
575 1357 662 1388 Cn..
684 1355 818 1387 Assunt.
863 1354 921 1388 So.
946 1354 1103 1386 Malorum
1130 1365 1203 1386 vero
1226 1355 1401 1387 assistentia
1427 1357 1524 1388 malos
1549 1369 1618 1390 esse

149 1413 229 1445 dicis
243 1413 299 1455 qui
320 1412 394 1443 mali
418 1416 502 1443 sunt.
525 1421 631 1442 nonne
656 1410 760 1441 adhuc
784 1409 886 1441 dicis?
932 1409 1019 1441 CAL.
1042 1408 1211 1452 Equidem.
1256 1409 1314 1441 So.
1337 1410 1421 1442 Boni
1443 1421 1517 1453 ergo
1543 1418 1619 1445 sunt

148 1466 205 1510 qui
219 1467 369 1509 gaudent,
383 1466 456 1497 mali
476 1475 548 1497 vero
564 1464 618 1506 qui
634 1464 754 1496 dolent.
801 1464 887 1496 CM..
910 1463 1065 1495 Maxime.
1112 1463 1168 1496 So.
1194 1464 1236 1495 Et
1259 1463 1314 1506 qui
1337 1464 1448 1506 magis,
1474 1464 1617 1499 nimirum

149 1521 268 1564 magis:
293 1521 388 1564 quive
403 1520 518 1560 minus,
532 1519 612 1551 ethi
628 1518 748 1550 minus:
773 1523 806 1550 et
815 1518 871 1560 qui
880 1517 1006 1560 pariter,
1019 1529 1120 1560 aeque.
1165 1518 1249 1550 Car..
1272 1517 1333 1550 Ita.
1378 1519 1435 1551 So.
1458 1519 1491 1551 N
1495 1521 1615 1568 unquid

149 1576 194 1608 ais
209 1576 253 1608 ita
268 1576 404 1618 gaudere
429 1579 526 1617 atque
552 1573 659 1605 dolere
686 1573 856 1614 prudentes
881 1577 916 1604 ut
940 1572 1156 1615 imprudentes
1182 1583 1347 1615 rursusque
1372 1574 1498 1605 timidos
1522 1580 1618 1617 atque

148 1629 271 1661 fortes?
294 1640 335 1661 an
361 1629 458 1670 magis
483 1628 577 1660 etiam
603 1627 754 1658 timidos?
801 1626 887 1659 CAL.
909 1626 986 1660 Aio.
1031 1627 1088 1658 So.
1111 1626 1242 1669 Reputa
1267 1627 1361 1669 igitur
1390 1638 1454 1660 uns.
1482 1639 1617 1669 mecum,

148 1684 226 1726 quid
243 1684 334 1715 nobis
347 1694 385 1715 ex
399 1682 448 1714 his
472 1693 543 1724 quae
567 1691 717 1714 concessa
741 1685 814 1712 sunt
839 1681 973 1712 eveniat.
1017 1681 1075 1712 Bis
1089 1681 1175 1713 enim
1189 1686 1284 1723 atque
1297 1687 1354 1719 ter,
1369 1682 1532 1723 pulchrum
1547 1694 1618 1716 esse

149 1739 266 1778 ferunt,
280 1748 318 1769 ea
332 1748 404 1780 quae
416 1736 549 1779 pulchra
563 1740 637 1767 sunt
651 1735 756 1767 dicere
771 1739 866 1777 atque
890 1735 987 1778 [499]
1013 1735 1220 1774 considerare.
1264 1736 1390 1768 Bonum
1406 1737 1533 1778 quidem
1548 1748 1616 1770 esse

149 1793 336 1835 prudentem
363 1791 539 1832 fortemque
563 1801 630 1821 esse
656 1789 803 1827 diximus,
827 1789 952 1821 necne?
997 1788 1084 1822 cin.
1106 1789 1266 1823 Diximus,
1311 1790 1369 1822 So·
1391 1790 1516 1832 Malum
1543 1803 1616 1825 vero

149 1840 499 1888 imprudentem‘atque
525 1844 692 1876 timidum?
738 1844 824 1876 Cn..
846 1844 986 1875 Prorsus.
1030 1844 1087 1877 So.
1110 1843 1236 1876 Bonum
1266 1849 1371 1876 autem
1397 1855 1500 1878 rursus
1528 1858 1616 1890 eum,

150 1899 206 1942 qui
221 1900 381 1942 gaudeat?
426 1898 514 1931 Cn..
536 1898 598 1930 Ita.
641 1898 698 1930 So.
720 1897 845 1930 Malum
861 1909 933 1930 vero
948 1909 1032 1936 eum,
1048 1898 1104 1941 qui
1119 1899 1247 1930 doleat?
1293 1899 1380 1932 cir..
1401 1899 1542 1932 Necesse
1557 1907 1616 1934 est.

150 1955 207 1987 So.
229 1954 349 1986 Dolere
360 1964 434 1986 vero
444 1958 538 1995 atque
553 1952 652 1984 laetari
663 1953 778 1983 bonurn
791 1951 971 1995 malumque
982 1952 1124 1985 similiter
1138 1963 1146 1985 :
1164 1953 1243 1985 forte
1255 1953 1350 1985 etiam
1362 1954 1460 1996 magIs
1473 1955 1589 1987 malum
1604 1956 1615 1986 ?

151 2009 237 2043 Car..
261 2009 365 2042 Certe.
410 2008 467 2039 So.
489 2006 638 2039 Similiter
653 2017 726 2049 ergo
741 2007 811 2049 quis
826 2007 926 2038 bonus
940 2006 977 2038 fit
990 2011 1024 2039 et
1039 2007 1137 2039 malus
1149 2007 1232 2039 bono
1246 2007 1258 2039 ἓ
1281 2008 1329 2039 vel
1347 2008 1453 2050 potius
1468 2009 1535 2051 ipse
1552 2021 1617 2042 ma-

150 2063 200 2095 lus
213 2063 249 2094 fit
263 2062 382 2094 bonus?
427 2060 482 2093 An
507 2072 570 2092 non
594 2061 663 2093 haec
686 2067 719 2092 et
734 2061 894 2103 superiora
908 2061 963 2094 illa
976 2067 1159 2103 sequuntur,
1185 2062 1211 2094 si
1234 2063 1304 2104 quis
1317 2063 1492 2104 voluptaria
1507 2065 1618 2098 eadem

151 2128 219 2150 esse
234 2117 348 2149 dixerit
371 2121 467 2159 atque
491 2116 599 2155 bona?
623 2127 662 2147 an
689 2127 752 2147 non
774 2116 948 2148 necessario
973 2117 1040 2148 baec
1066 2122 1250 2158 sequuntur,
1266 2128 1285 2148 o
1312 2117 1482 2150 Callicles?
1529 2118 1617 2152 Cn..

150 2171 343 2204 Jamdudum
367 2179 398 2202 te
425 2170 578 2207 ausculto,
599 2170 755 2211 Socrates,
772 2171 891 2212 tibique
917 2171 1073 2208 concede,
1089 2171 1268 2212 observans,
1284 2171 1309 2202 si
1325 2173 1394 2213 quis
1409 2173 1457 2204 vel
1468 2172 1545 2214 joco
1561 2173 1618 2204 ali-

152 2225 230 2267 quid
245 2225 299 2255 tibi
323 2225 455 2262 dederit,
470 2225 502 2256 id
531 2235 696 2266 puerorum
725 2236 807 2256 more
834 2225 980 2256 libentius
997 2230 1027 2256 te
1043 2225 1196 2266 accipere.
1242 2226 1342 2262 Quasi
1356 2237 1429 2257 vero
1444 2226 1619 2259 existimare

153 2279 280 2316 debeas,
297 2278 344 2310 vel
369 2289 416 2310 me
433 2278 481 2310 vel
506 2278 602 2310 alium
626 2290 805 2320 quenquam
830 2290 893 2309 non
919 2278 1058 2309 arbitrari
1081 2279 1157 2309 alias
1184 2279 1362 2321 voluptates
1376 2290 1443 2311 esse
1459 2281 1617 2320 meliores,

153 2332 229 2364 alias
245 2343 316 2364 vero
331 2333 508 2364 deteriores.
554 2333 609 2364 So.
633 2332 712 2373 Hui,
728 2332 793 2370 hui,
805 2344 824 2364 o
848 2332 1010 2372 Callicles,
1027 2343 1120 2374 quam
1143 2338 1264 2363 astutus
1289 2344 1324 2364 es
1339 2335 1345 2363 Ξ
1372 2345 1419 2364 me
1435 2335 1523 2376 quasi
1540 2347 1618 2377 pue.

154 2397 220 2418 rum
243 2387 333 2423 ludis,
355 2387 545 2429 quandoque
571 2397 634 2417 uno
662 2387 755 2418 modo
782 2398 932 2422 asserens,
967 2388 1158 2428 quandoque
1184 2386 1285 2426 aliter,
1308 2398 1419 2429 meque
1443 2389 1619 2431 decipiens.

154 2439 258 2482 Atqui
281 2451 344 2472 non
368 2441 536 2471 arbitrabar
558 2442 598 2472 ab
624 2441 715 2472 initio
742 2440 821 2472 ultro
846 2441 1017 2483 deceptum
1045 2441 1081 2472 iri
1106 2442 1161 2472 abs
1187 2446 1229 2478 te,
1245 2452 1316 2473 cum
1332 2441 1374 2472 sis
1388 2441 1518 2474 amicus.
1535 2454 1619 2475 nunc

155 2499 258 2525 autem
275 2505 322 2525 me
339 2494 469 2525 nimium
485 2494 623 2525 fefellisti
637 2505 645 2526 :
669 2499 777 2536 atque,
793 2499 828 2525 ut
840 2495 976 2534 videtur,
991 2495 1254 2536 quemadmodum
1272 2500 1360 2526 vetus
1387 2496 1481 2527 habet
1498 2508 1622 2538 prover-

156 2548 253 2584 bium,
266 2548 438 2579 necessario
454 2548 606 2584 adducor,
624 2554 659 2579 ut
681 2549 827 2590 praesenti
853 2554 934 2581 sorte
951 2560 1006 2591 pro
1025 2549 1138 2580 viribus
1166 2550 1245 2581 bene
1269 2555 1351 2590 utar,
1366 2556 1398 2580 et
1412 2552 1498 2592 quod
1515 2557 1547 2582 tu
1564 2553 1621 2583 das

154 2600 320 2642 accipiam.
365 2599 422 2631 Est
447 2605 564 2638 autem,
580 2606 617 2632 ut
630 2602 766 2639 videtur,
781 2603 868 2644 quod
891 2614 975 2635 nunc
1002 2603 1106 2639 affers,
1131 2602 1301 2644 ejusmodi,
1319 2604 1516 2646 voluptatum
1543 2606 1619 2636 alias

155 2655 284 2696 quidem
308 2655 404 2685 bonas
428 2664 507 2695 esse,
532 2654 607 2685 alias
622 2666 695 2686 vero
723 2656 830 2688 malas.
853 2657 986 2687 nonne?
1032 2656 1119 2688 CAL.
1142 2656 1255 2689 Procul
1281 2658 1390 2690 dubio.
1436 2658 1494 2691 So.
1519 2660 1620 2690 Bonae

156 2719 228 2739 vero
254 2718 358 2739 nonne
382 2718 454 2749 quae
469 2707 581 2739 utiles:
605 2709 694 2740 malae
718 2714 822 2741 autem
848 2721 919 2752 quae
942 2710 1067 2741 noxiae?
1113 2711 1199 2742 CAL.
1224 2710 1273 2741 tta
1297 2717 1392 2744 certe.
1437 2713 1494 2744 So.
1517 2712 1620 2744 Utiles

154 2767 258 2794 autern
275 2773 344 2804 quae
361 2762 434 2792 boni
446 2761 564 2803 aliquid
576 2763 731 2794 afferunt:
754 2764 855 2795 noxiae
870 2775 941 2795 vero
953 2775 1023 2806 quae
1037 2765 1109 2796 mali
1121 2764 1288 2796 nonnihil?
1335 2765 1421 2798 Cn„
1445 2766 1623 2810 Assentior·

155 2816 212 2849 So.
235 2815 319 2846 Num
341 2815 437 2857 igitur
462 2816 539 2846 tales
561 2816 653 2852 dicis,
670 2817 755 2847 velut
769 2817 801 2847 in
817 2828 946 2859 corpore
962 2829 1040 2860 quas
1056 2819 1150 2849 modo
1165 2818 1358 2856 dicebamus,
1372 2820 1488 2851 edendi
1506 2821 1618 2852 biben-

155 2870 250 2911 dique
266 2869 467 2910 voluptates?
515 2868 668 2911 Nunquid
695 2881 733 2901 ex
757 2871 805 2902 his
830 2871 894 2902 illae
920 2882 991 2914 quae
1008 2872 1219 2904 valetudinem
1244 2878 1395 2915 praestant
1417 2875 1541 2915 corpori
1563 2882 1621 2907 aut

155 2924 246 2954 robur
260 2929 315 2954 aut
329 2923 422 2954 aliam
437 2924 595 2966 quandam
610 2924 748 2966 corporis
765 2926 921 2964 virtutem,
937 2926 1027 2957 bonae
1039 2932 1130 2958 sunt:
1147 2937 1217 2969 quae
1231 2938 1302 2959 vero
1315 2928 1489 2967 contrariae,
1506 2929 1620 2960 malae?

157 2976 241 3008 Cn..
265 2977 406 3009 Prorsus.
450 2978 507 3009 So.
530 2977 573 3007 Et
588 2978 710 3010 dolores
727 2979 836 3010 eodem
854 2985 947 3020 pacto
962 2980 1014 3011 alii
1031 2981 1199 3017 bonisunt,
1215 2981 1267 3012 alii
1280 2980 1372 3012 mali?
1419 2979 1505 3011 Cn..
1531 2980 1620 3012 Nihil
