1846 3268
149 307 247 358 239}
743 304 1022 344 SOPHISTA.
1527 306 1602 344 351

145 411 231 444 Tira.
254 409 471 443 Necessarium
483 414 543 441 est·
557 409 695 440 omnino.
740 408 806 439 Ηο.
827 408 942 449 Neque
958 407 990 439 id
1005 407 1257 445 concedendum,
1272 407 1430 438 hominem
1453 407 1547 439 talem
1564 408 1613 439 di-

147 476 216 497 cere
228 466 362 507 quidem
371 464 506 507 aliquid,
522 464 577 495 scd
593 474 657 494 non
674 474 771 494 unum
794 462 884 504 quid,
899 462 931 493 id
955 466 1002 492 est
1025 461 1102 492 nihil
1117 462 1232 494 dicere.
1276 461 1363 492 Tne.
1389 460 1487 503 Atqui
1504 472 1610 503 neque

148 519 235 560 loqui
250 519 402 551 dicendus
417 524 465 550 est
479 518 544 554 illc,
559 517 615 559 qui
629 522 760 549 conatur
777 527 842 547 non
859 527 914 547 ens
930 515 1074 557 proferre.
1097 516 1181 546 unde
1207 525 1306 547 sermo
1334 519 1504 550 extremum
1519 515 1613 546 dubi-

148 573 275 607 tationis
293 572 431 606 haberet.
456 570 553 613 [238]
588 571 652 604 Ho.
677 570 829 602 Nondum
850 580 997 611 magnum
1017 570 1077 601 hoc
1102 568 1202 601 dicas.
1224 574 1325 601 exstat
1350 569 1434 600 enirn
1460 569 1613 610 adhuc,o

149 627 251 663 beate,
267 625 348 672 circa
363 626 430 656 haec
446 624 678 656 dubitationum
702 625 835 657 maxima
859 628 953 665 atque
976 623 1087 665 prima,
1102 633 1173 664 quae
1194 623 1277 654 circa
1298 623 1400 664 ipsius
1422 622 1612 665 principium

148 678 274 711 accidit.
317 679 404 710 Tne.
429 679 502 716 Quo
529 684 623 720 pacto
646 679 678 709 id
705 677 805 715 dicas,
820 678 959 718 declara,
981 677 1105 715 amabo,
1127 687 1231 718 neque
1257 682 1289 708 te
1312 677 1448 719 pigeat„
1475 677 1544 709 Ηο.
1568 677 1608 708 Ei

148 743 223 765 sane
250 732 334 774 quod
361 737 421 769 est,
435 731 558 774 aliquid
580 733 710 764 alterum
734 741 840 763 eorum
863 741 934 772 quae
958 735 1044 771 sunt,
1057 730 1239 772 contingere
1254 735 1371 772 potest.
1414 731 1440 762 T
1443 742 1501 764 nn.
1523 731 1614 763 Nihil

150 786 304 827 probibet.
348 785 415 818 Ho.
439 785 477 816 Ei
493 796 565 817 vero
580 786 666 826 quod
683 796 748 816 non
763 790 822 822 est,
838 783 1000 826 aliquidne
1016 795 1053 815 ex
1068 784 1116 815 his
1140 794 1210 826 quae
1234 789 1318 821 sunt,
1340 784 1449 816 adesse
1474 795 1613 826 unquam

148 850 239 881 posse
253 839 417 871 dicemus?
461 839 548 871 Tne.
571 839 793 880 Nequaquam.
837 838 905 871 Ηο.
929 837 1115 874 Universum
1131 848 1326 869 numerorum
1343 848 1442 879 genus
1451 838 1484 868 in
1499 839 1612 869 ordine

149 903 267 931 eorum,
281 903 353 935 quae
369 898 454 935 sunt,
471 893 639 935 ponimus?
683 893 772 926 Tne.
797 891 903 928 Certe,
920 891 946 923 si
969 892 1063 923 modo
1090 891 1174 922 aliud
1198 891 1366 933 quicquam
1389 892 1421 922 in
1437 903 1475 923 eo
1491 903 1615 934 ponen-

151 947 237 979 dum.
281 947 348 979 Ηο.
371 947 477 984 Quare
505 957 563 978 nec
587 957 785 978 numerorum
807 945 1039 977 multitudinem
1063 955 1166 986 neque
1189 956 1286 976 unum
1301 955 1365 977 non
1382 945 1446 976 enti
1461 946 1614 977 adhibea-

152 1011 231 1033 mus.
274 1000 363 1033 ΤΗΕ.
389 1000 480 1032 Haud
507 1006 591 1033 recte
619 1000 849 1036 adhiberemus,
864 1003 900 1029 ut
923 998 1001 1029 ratio
1026 998 1117 1029 nobis
1142 998 1293 1030 ostendit.
1338 998 1406 1030 Ηο.
1430 999 1615 1041 Ωιιοιρεειο

151 1053 245 1094 igitur
259 1053 307 1084 vel
325 1064 377 1085 ore
388 1054 536 1095 proferret
551 1054 718 1095 quisquam
734 1052 782 1083 vel
796 1052 986 1093 cogitatione
999 1052 1279 1092 comprehenderet
1293 1062 1343 1089 ea,
1359 1063 1430 1094 quae
1446 1058 1613 1091 nonsunt,

151 1108 202 1138 vel
217 1118 280 1138 non
295 1118 362 1149 ens,
376 1118 512 1139 seorsum
535 1117 554 1138 a
576 1107 727 1138 numero?
772 1106 859 1138 Tne.
884 1106 958 1142 Qua
980 1105 1123 1136 rationo?
1170 1105 1236 1136 Ho.
1260 1106 1414 1142 Quotiens
1436 1117 1503 1138 non
1527 1106 1615 1146 entia

152 1161 295 1198 dicimus,
311 1171 416 1192 nonne
442 1161 562 1193 numeri
587 1159 821 1191 multitudinem
848 1165 1003 1190 tentamus
1029 1160 1215 1201 apponere?
1259 1159 1345 1192 Tne.
1370 1159 1501 1201 Utique.
1546 1161 1615 1192 Ho.

155 1215 310 1253 Quotiens
324 1220 428 1246 autem
450 1225 514 1246 non
537 1226 604 1252 ens,
619 1225 727 1246 unum.
773 1213 861 1245 Tim.
885 1213 1093 1245 Manifestum
1117 1213 1149 1243 id
1173 1213 1310 1254 quidem.
1356 1213 1422 1246 Ηο.
1447 1213 1616 1246 Enimvero

153 1279 256 1310 neque
266 1267 386 1310 justum
401 1279 504 1310 neque
519 1273 638 1302 rectum
654 1278 721 1300 esse
748 1268 893 1304 diximus,
907 1272 942 1298 ut
967 1267 1038 1309 quis
1061 1276 1123 1297 non
1148 1267 1214 1298 enti
1230 1278 1285 1299 ens
1301 1266 1471 1309 adjungere
1487 1268 1618 1301 audeat.

152 1322 239 1354 ΤΗΕ.
261 1321 344 1353 Vera
358 1321 503 1363 loqueris.
549 1321 616 1352 Ηο.
639 1320 927 1361 Animadvertisnc,
944 1320 1029 1362 qnod
1052 1331 1155 1362 neque
1180 1320 1308 1361 proferri
1333 1331 1435 1362 neque
1450 1326 1533 1360 recte
1547 1322 1615 1353 dici

152 1386 255 1417 neque
271 1375 400 1417 cogitari
414 1385 476 1406 non
493 1385 550 1406 ens
563 1376 735 1407 secundum
750 1374 886 1416 seipsum
909 1380 1024 1415 potest,
1042 1375 1095 1405 sed
1120 1374 1332 1416 incogitabile,
1346 1375 1568 1417 ineffabileque
1583 1381 1617 1406 et

152 1429 326 1460 irrationale
340 1428 468 1460 existit?
510 1429 604 1461 Tne„
620 1428 774 1462 Penitus.
806 1428 874 1461 Ηο.
897 1427 1052 1470 Nunquid
1077 1428 1171 1469 paulo
1194 1434 1266 1459 ante
1283 1428 1432 1460 mentitus
1446 1440 1525 1465 sum,
1541 1440 1614 1461 cum

153 1482 217 1514 dixi
232 1483 395 1514 maximam
419 1482 502 1514 circa
526 1482 603 1513 illud
626 1482 854 1514 dubitationem
884 1493 933 1513 me
959 1482 1140 1516 illaturum?
1189 1481 1277 1515 Tim.
1298 1482 1404 1514 Aliam
1428 1483 1531 1515 adhuc
1555 1483 1616 1514 ista

155 1536 302 1578 majorem
323 1537 478 1568 adducere
504 1537 689 1578 possumus?
734 1537 800 1569 Ho-
825 1537 913 1574 Quid
936 1547 1021 1573 vero,
1037 1547 1056 1567 o
1079 1536 1207 1568 mirifice
1233 1536 1426 1574 adolescens,
1442 1547 1482 1568 an
1498 1548 1562 1568 non
1576 1549 1616 1569 ex

154 1590 202 1622 his
217 1601 287 1632 quae
302 1590 387 1622 dicta
402 1594 485 1627 sunt,
503 1590 602 1627 vides,
618 1591 703 1632 quod
718 1601 781 1621 nou
799 1601 854 1622 ens
870 1590 965 1621 tantis
989 1601 1073 1627 eum,
1088 1590 1144 1632 qui
1165 1589 1267 1630 ipsum
1290 1591 1461 1632 redarguit,
1476 1591 1617 1632 offundit

152 1643 298 1681 tenebris,
322 1648 359 1674 ut
379 1653 451 1675 cum
479 1643 611 1685 primum
637 1644 886 1685 redargutionem
909 1644 1098 1685 aggreditur,
1126 1643 1250 1674 sibimet
1271 1644 1426 1675 adversari
1459 1646 1615 1687 cogatur?

154 1698 240 1729 Tris.
263 1697 328 1729 Dic
343 1697 465 1730 clarius.
510 1697 575 1729 Ho.
600 1697 695 1728 Haud
707 1702 833 1739 oportet
844 1697 956 1728 clarius
971 1697 1088 1738 aliquid
1105 1696 1136 1726 in
1147 1707 1197 1727 me
1208 1697 1415 1730 considerare.
1459 1698 1617 1740 Equidem

156 1761 226 1782 cum
242 1750 474 1792 supposuissem
490 1760 553 1781 non
570 1761 625 1781 ens
642 1761 699 1782 uec
714 1751 804 1781 unius
818 1761 878 1781 nec
894 1750 1060 1782 multorum
1077 1760 1143 1781 esse
1160 1750 1328 1793 particeps,
1345 1756 1448 1783 tamen
1463 1758 1496 1783 et
1518 1752 1615 1794 paulo

155 1809 227 1836 ante
241 1810 275 1836 et
294 1815 379 1836 nunc
400 1804 494 1835 etiam
519 1815 615 1835 unum
637 1804 741 1846 ipsum
764 1803 893 1845 protuli,
907 1804 982 1834 dum
1005 1804 1065 1835 hoc
1088 1804 1190 1845 ipsum
1213 1814 1276 1834 non
1299 1815 1354 1836 ens
1370 1806 1615 1846 pronuntiarem.

155 1859 353 1902 percipisne?
397 1858 484 1889 Tne.
506 1857 665 1900 PercipiO.
710 1857 779 1890 Ηο.
803 1857 889 1894 Quin
905 1856 998 1888 etiam
1017 1857 1110 1898 paulo
1126 1867 1217 1898 supra
1232 1858 1451 1899 inexplicabile
1465 1860 1568 1902 ipsum
1585 1867 1619 1894 et

155 1913 315 1949 ineffabile
330 1917 362 1944 et
376 1912 552 1944 irrationale
566 1922 633 1944 esse
649 1911 726 1943 dixi.
750 1911 862 1942 tenes?
907 1911 996 1942 Tun.
1020 1911 1130 1942 Plane.
1175 1911 1241 1944 Ηο.
1265 1912 1315 1943 Αη
1331 1922 1408 1950 non,
1422 1913 1497 1945 durn
1512 1914 1616 1956 ipsum

156 1977 223 2002 esse
241 1966 407 2008 praedicare
433 1967 474 1997 de
496 1965 550 1997 illo
573 1975 712 2005 conarer,
738 1964 836 2006 [239]
860 1964 1014 1996 contraria
1035 1964 1245 2006 superioribus
1271 1966 1485 2007 proferebam?
1528 1968 1618 2002 Tan.

156 2020 290 2054 Videris.
335 2021 404 2052 Ηο.
426 2019 544 2051 Nonne
568 2029 640 2051 cum
666 2019 727 2050 hoc
750 2018 797 2063 illi
824 2017 963 2055 attribui,
977 2018 1067 2060 quasi
1095 2020 1136 2050 de
1161 2029 1224 2050 uno
1250 2019 1373 2051 locutus
1388 2022 1484 2053 sum?
1526 2022 1618 2055 Tne.

121 2092 123 2094 ·
156 2074 291 2117 Absque
303 2074 415 2106 dubio.
459 2073 525 2107 Ho.
548 2073 650 2104 Immo
667 2071 890 2113 etirrationale
905 2072 980 2103 dum
996 2072 1144 2109 dicerem,
1160 2073 1441 2115 inexplicabileque
1456 2080 1488 2106 et
1503 2075 1615 2108 ineffa-

154 2128 217 2160 bile
231 2127 428 2169 singulariter
442 2127 688 2169 pronuntiarem,
703 2126 837 2168 perinde
860 2135 897 2157 ac
920 2125 945 2156 si
969 2136 1066 2156 unum
1088 2130 1180 2162 esset,
1196 2126 1290 2157 verba
1312 2127 1352 2158 de
1374 2128 1434 2160 hoc
1449 2128 1618 2163 faciebam.

155 2181 244 2215 Tne.
268 2180 411 2218 Quidni?
458 2180 523 2212 Ηο.
546 2180 692 2211 Diximus
715 2190 802 2217 sane,
818 2179 843 2210 si
867 2179 960 2210 modo
983 2179 1053 2220 quis
1077 2183 1161 2210 recte
1187 2179 1273 2221 loqui
1288 2180 1431 2218 voluerit,
1454 2192 1558 2224 neque
1581 2187 1620 2214 ut

158 2243 253 2267 unum
269 2245 371 2277 neque
385 2239 420 2266 ut
433 2234 531 2265 multa
545 2234 749 2266 determinare
764 2235 867 2276 ipsum
883 2233 1009 2270 debere,
1024 2243 1127 2275 neque
1143 2233 1269 2264 omnino
1285 2233 1386 2275 ipsum
1402 2246 1524 2268 vocare.
1544 2246 1618 2268 nam

157 2289 191 2320 in
213 2299 276 2319 una
303 2289 439 2330 quadam
465 2287 570 2329 specie
596 2287 810 2329 appellatione
828 2286 1010 2328 hujusmodi
1036 2291 1214 2328 poneretur.
1258 2287 1346 2319 Tun.
1367 2288 1507 2320 Prorsus.
1550 2289 1618 2330 Ηο.

158 2342 210 2374 De
225 2353 274 2374 me
287 2341 383 2384 igitur
397 2342 467 2383 quis
483 2342 613 2373 ulterius
628 2341 741 2373 dixerit
756 2342 767 2372 ?
791 2341 906 2373 etenim
929 2346 962 2372 et
983 2351 1076 2382 supra
1091 2345 1124 2372 et
1147 2351 1232 2372 nunc
1254 2352 1304 2372 me
1318 2342 1351 2373 in
1366 2343 1425 2374 hac
1440 2354 1547 2385 pugna
1561 2346 1619 2376 ad-

115 2410 123 2416 -·
157 2406 261 2427 versus
283 2407 347 2427 non
369 2406 425 2427 ens
446 2396 647 2428 succubuisse
670 2395 853 2437 comperiet.
877 2395 963 2436 apud
988 2405 1080 2436 quem
1109 2395 1150 2426 de
1169 2405 1233 2426 non
1249 2400 1321 2427 ente
1336 2396 1515 2438 loquentem
1532 2398 1620 2430 nulla

120 2467 125 2471 -
158 2454 243 2482 reeta
259 2450 376 2482 locutio
392 2450 554 2492 reperitur.
577 2450 631 2481 sed
655 2451 695 2482 de
719 2455 750 2481 te
769 2449 849 2491 jarn,
866 2449 892 2480 si
915 2448 1031 2491 placet,
1048 2449 1291 2481 consideremus.
1334 2449 1424 2484 Tim.
1447 2451 1534 2489 Quid
1548 2452 1621 2484 ais?

160 2504 234 2535 He«
251 2503 386 2541 Conare,
401 2514 471 2545 age,
485 2504 566 2534 bene
591 2510 624 2535 et
646 2514 807 2546 generose,
831 2503 882 2546 (es
906 2504 988 2535 enim
1001 2502 1159 2545 juvenis‚)
1169 2508 1202 2534 et
1217 2503 1303 2534 omni
1317 2504 1430 2536 mentis
1445 2506 1621 2538 attentione

156 2561 275 2588 rectum
291 2567 462 2588 sermonem
479 2557 519 2588 de
534 2568 598 2588 non
613 2563 686 2589 ente
701 2557 851 2599 proferre,
866 2557 915 2588 illi
930 2568 989 2588 nec
1006 2557 1172 2588 essentiam
1187 2567 1247 2589 nec
1262 2567 1358 2588 unum
1381 2568 1484 2599 neque
1500 2561 1621 2592 numeri

116 2628 118 2630 >
158 2610 390 2641 multitudinem
406 2610 568 2643 adhibens.
612 2610 699 2642 Tne.
723 2611 826 2648 Quam
843 2611 1025 2643 temerarius
1047 2621 1158 2647 essem,
1174 2611 1200 2642 si
1223 2612 1370 2649 eandem,
1384 2617 1492 2653 quatu
1507 2624 1622 2646 succu-

157 2664 263 2705 buisti,
278 2674 414 2706 pugnam
431 2665 626 2705 aggrederer.
672 2665 740 2697 Ηο.
762 2665 846 2706 Ergo
862 2665 888 2696 si
904 2665 962 2702 vis,
979 2670 1011 2696 te
1033 2675 1071 2696 ac
1094 2675 1143 2695 me
1165 2665 1447 2707 praetermittamus,
1462 2671 1495 2697 et
1518 2668 1622 2699 donec

157 2718 290 2759 aliquem
319 2719 396 2750 recti
419 2718 767 2759 sermonis,compotem
793 2718 1021 2756 nanciscamur,
1047 2719 1188 2750 dicamus
1210 2719 1348 2760 interim,
1362 2719 1533 2760 sophistam
1555 2731 1620 2761 prae

159 2771 269 2803 ceteris
282 2776 405 2803 versute
431 2772 600 2802 admodum
623 2773 762 2806 obscuris
785 2783 853 2805 sese
875 2772 917 2807 in,
935 2772 1060 2803 latebris
1081 2771 1267 2805 occuluisse.
1310 2772 1399 2804 Tne.
1421 2772 1463 2803 Et
1488 2774 1621 2805 maxime

144 2825 298 2868 quidem.
343 2825 410 2857 Ηο.
433 2825 658 2857 Verumtamen
674 2826 700 2857 si
715 2826 912 2867 phantastica
927 2827 1062 2867 quadam
1079 2831 1143 2856 arte
1159 2825 1278 2867 pollere
1294 2826 1466 2869 sophistam
1482 2837 1620 2858 asserue-

158 2879 265 2917 rimus,
286 2878 379 2910 facile
394 2889 432 2910 ex
447 2880 507 2910 hoc
525 2890 582 2910 usu
598 2879 747 2920 loquendi
764 2880 910 2910 adversus
937 2890 993 2910 nos
1019 2879 1214 2911 occasionem
1230 2885 1353 2921 nactus,
1378 2880 1411 2910 in
1432 2880 1619 2911 contrarium

162 2942 316 2964 sermones
329 2937 437 2964 vertet.
459 2943 530 2964 nam
546 2933 622 2964 dum
638 2933 738 2974 ipsum
756 2933 989 2965 simulacrorum
1012 2938 1169 2965 auctorem
1186 2933 1376 2975 vocabimus,
1391 2933 1466 2974 quid
1490 2933 1621 2964 maxime

161 2985 357 3017 simulacrum
373 2985 524 3026 dicamus,
541 2986 753 3028 interrogabit.
801 2986 1014 3028 Cogitandum
1040 2987 1191 3029 protinus,
1205 2986 1378 3024 Theaetete,
1394 2986 1468 3027 quid
1493 2985 1535 3016 ita
1551 2996 1621 3027 per-
