1846 3268
196 284 275 324 140
800 276 1069 318 PLAToms
1599 277 1668 333 [32

194 387 324 420 miserit.
369 386 428 418 Me
442 394 514 417 vero
527 394 596 416 esse
612 382 718 420 talem,
734 387 770 414 ut
784 392 803 413 a
817 382 879 414 deo
892 380 1017 415 civitati
1034 380 1168 412 tributus
1183 378 1280 413 foisse
1293 377 1412 419 videar,
1434 379 1508 414 hinc
1536 380 1669 424 potestis

195 442 453 474 animadvertere.
497 437 573 470 Non
589 439 760 469 humanum
773 441 860 468 certe
873 436 906 468 id
922 446 990 468 esse
1004 434 1144 473 videtur,
1160 434 1248 477 quod¹
1260 446 1320 476 ego
1335 445 1406 466 mea
1419 434 1547 477 quidem
1563 431 1671 468 omnia

195 496 325 528 omnino
342 493 542 536 neglexerim,
558 497 653 534 atque
668 491 703 522 in
718 492 778 523 hac
794 490 838 522 rei
853 489 1012 522 familiaris
1026 489 1225 532 negligentia
1251 494 1299 520 tot
1323 499 1422 522 annos
1443 487 1510 530 jam
1525 498 1671 531 perseve-

193 560 271 588 rem,
286 554 387 581 vestro
402 557 524 589 semper
538 547 677 578 intentus
699 546 797 582 bono,
824 546 898 577 dum
923 543 1064 587 singulos
1087 544 1181 585 adeo,
1206 548 1354 585 tanquam
1378 549 1477 585 pater,
1499 547 1555 574 aut
1576 542 1670 577 frater

195 610 272 637 natu
287 604 400 645 major,
415 603 565 642 suadens,
580 610 685 632 curam
702 598 824 631 virtutis
840 599 966 633 habere.
1012 598 1108 637 Quod
1123 597 1150 630 si
1165 608 1259 639 quam
1276 609 1333 640 pro
1348 597 1452 630 officio
1466 607 1536 629 meo
1553 606 1670 631 merce·

196 659 269 690 dem
283 658 468 698 reciperem,
483 656 650 686 humanam
666 654 825 695 quandam
852 653 886 684 id
909 652 1062 686 rationem
1089 653 1227 685 haberet.
1250 663 1335 684 nunc
1350 663 1434 688 vero.
1458 651 1544 694 quod
1568 656 1601 685 et
1615 661 1671 685 vos

196 712 291 754 plane
306 711 429 748 videtis,
444 715 640 743 accusatores
656 709 708 740 isti
725 708 798 745 mei,
814 718 995 751 quanquam
1011 707 1284 750 impudentissime
1304 706 1365 738 alia
1377 711 1486 739 contra
1499 716 1550 738 me
1565 706 1672 739 omnis

196 770 430 803 coacervarunt,
444 765 503 796 hoc
519 775 616 795 unum
629 769 734 795 tamen
749 763 841 794 solita
856 763 911 795 illa
927 761 1125 805 impudentia
1141 772 1340 804 nequaquam
1363 760 1432 793 ausi
1456 764 1530 793 sunt
1544 765 1672 802 perten-

196 823 275 857 tare,
292 825 451 861 testesque
464 819 625 855 adhibere,
639 819 694 860 qui
706 819 850 859 probent,
866 828 916 849 me
929 827 1070 859 unquam
1085 827 1142 858 pro
1157 816 1205 847 his
1222 816 1399 848 mercedem
1415 815 1510 848 ullam
1521 815 1673 856 exegisse.

197 878 253 904 ant
267 873 402 915 petisse„
440 871 546 914 Hujus
558 877 666 904 autem
682 872 726 903 rei
741 871 949 903 sufficientem
966 870 1066 908 vobis,
1083 875 1118 901 ut
1131 869 1272 906 arbitror,
1286 874 1397 902 testem
1410 868 1521 905 affero,
1534 879 1671 911 pauper-

196 931 292 958 tatem
310 936 421 958 meam.
467 927 529 958 Sed
545 926 650 956 forsan
664 925 831 956 absurdum
847 925 943 956 alicui
958 924 1057 955 videri
1072 928 1190 965 potest,
1206 933 1256 954 me
1271 923 1413 964 privatim
1425 923 1493 955 baec
1505 922 1670 955 consulere

196 981 338 1022 singulis,
354 980 446 1012 anxie
462 979 554 1010 nimis
568 979 813 1011 circumeuntem
828 989 838 1017 ;
863 978 989 1019 publice
1003 988 1077 1009 vero
1101 977 1133 1008 in
1149 977 1354 1009 concionibus
1369 987 1478 1010 ausum
1495 986 1559 1008 non
1573 975 1671 1008 fuisse

197 1036 258 1066 hoc
274 1035 358 1066 idem
373 1033 494 1065 civitati
509 1031 683 1065 consulere.
726 1031 833 1073 Hujus
855 1036 959 1063 autem
981 1041 1077 1063 causa
1093 1035 1153 1069 est,
1179 1031 1220 1062 de
1242 1041 1305 1072 qua
1327 1040 1412 1072 saepe
1428 1041 1478 1061 me
1492 1029 1607 1072 passim
1623 1030 1673 1062 di·

198 1093 323 1121 centem
338 1087 514 1124 audivistis,
541 1087 680 1118 divinum
697 1086 845 1118 videficet
866 1085 1018 1127 quiddam
1043 1090 1139 1127 atque
1164 1085 1372 1117 daemonicum
1396 1084 1432 1116 in
1445 1094 1524 1118 voce
1537 1083 1674 1125 quadam

200 1142 277 1174 mihi
292 1143 412 1173 adesse.
435 1142 527 1183 quod*
542 1141 670 1184 quidem
686 1140 820 1172 Melitus
836 1140 868 1171 in
883 1139 1085 1172 accusatione
1102 1139 1224 1172 derisit.
1247 1139 1303 1172 sed
1319 1138 1395 1170 mihi
1407 1137 1535 1181 quidem
1551 1138 1591 1170 ab
1603 1137 1674 1180 ipsa

200 1196 337 1238 pueritia
350 1197 410 1228 hoc
425 1196 526 1233 adest,
543 1206 603 1227 vox
618 1195 739 1226 scilicet
754 1195 912 1236 quaedam,
939 1204 1010 1236 quae
1025 1194 1151 1236 quoties
1165 1194 1212 1231 fit,
1237 1203 1285 1225 me
1300 1193 1446 1235 prohibet
1459 1202 1562 1234 agere.
1582 1192 1673 1234 quod

201 1256 326 1282 acturus
343 1261 440 1287 eram,
457 1255 609 1292 provocat
624 1259 696 1280 vero
712 1259 886 1290 nunquam.
909 1248 983 1285 hoc,
998 1248 1139 1289 inquam,
1155 1253 1215 1285 est,
1239 1247 1326 1289 quod
1342 1245 1418 1278 mihi
1432 1251 1598 1288 repugnet,
1611 1255 1677 1288 quo

201 1305 304 1336 minus
318 1315 369 1336 me
385 1305 425 1336 ad
441 1304 570 1344 publica
594 1303 764 1335 conferam.
810 1302 853 1333 Et
874 1306 958 1333 recte
984 1302 1154 1333 admodum
1178 1301 1253 1333 mihi
1268 1300 1422 1333 adversari
1438 1300 1572 1334 videtur.
1595 1309 1673 1333 oon-

201 1364 264 1391 stat
278 1359 373 1396 enim,
389 1370 408 1390 ο
424 1358 482 1390 viri
495 1358 718 1395 Athenienses,
744 1357 770 1388 si
786 1357 945 1400 quondam
968 1356 1095 1398 negotia
1111 1355 1240 1398 publica
1254 1365 1419 1397 aggressus
1436 1353 1578 1391 fuissem.
1589 1353 1674 1395 jarn-

201 1413 258 1444 diu
274 1413 349 1445 mihi
363 1413 460 1444 fuisse
476 1413 670 1454 pereundum
685 1423 693 1443 ε
716 1411 823 1454 itaque
837 1411 955 1443 nullam
972 1410 1020 1442 vel
1037 1410 1137 1447 vobis,
1152 1410 1201 1441 vel
1214 1410 1296 1443 mihi
1310 1409 1483 1441 attulissem
1495 1408 1675 1444 utilitatem.

202 1466 255 1499 Ne
271 1466 347 1497 mihi
360 1465 583 1503 succenseatis,
598 1476 666 1503 oro,
681 1475 753 1496 vera
763 1464 897 1498 dicenti.
920 1475 1014 1496 nemo
1030 1463 1113 1495 enim
1130 1464 1185 1496 diu
1201 1463 1304 1496 salvus
1318 1473 1387 1496 esse
1404 1467 1522 1505 potest,
1546 1461 1624 1504 [32]
1650 1461 1677 1495 ti

202 1526 258 1553 aut
274 1526 388 1558 vestro,
403 1525 458 1551 aut
473 1519 564 1551 alteri
578 1519 726 1562 cuiquam
741 1518 860 1561 populo
888 1518 1027 1559 legitime
1050 1518 1241 1556 adversetur,
1256 1528 1320 1560 quo
1336 1517 1436 1549 multa
1448 1515 1567 1559 injusta
1580 1521 1677 1558 atquo

202 1575 324 1618 iniqua,
339 1585 410 1618 quae
426 1574 494 1606 fieri
507 1574 611 1606 solent
625 1574 658 1605 in
674 1573 817 1611 civitate,
834 1572 1009 1615 prohibeat.
1033 1573 1088 1605 sed
1110 1582 1238 1605 necesse
1254 1577 1314 1610 est,
1338 1582 1409 1606 eum
1429 1571 1484 1614 qui
1502 1580 1609 1604 revera
1622 1579 1679 1612 pro

201 1629 329 1671 justitia
342 1634 478 1671 pugnat,
493 1628 520 1660 si
536 1628 631 1660 modo
646 1627 734 1660 brevi
747 1627 851 1658 salvus
867 1627 990 1658 futurus
1003 1625 1055 1664 sit,
1070 1625 1228 1668 privatum
1248 1627 1375 1668 degere,
1390 1635 1494 1667 neque
1507 1623 1680 1666 rempubli-

204 1694 273 1715 cam
295 1684 463 1725 attingere.
506 1682 630 1715 Horum
652 1681 800 1724 equidem
828 1690 942 1723 magna
956 1680 1044 1712 vobis
1058 1680 1185 1711 afferam
1200 1684 1404 1722 argumenta3
1426 1688 1491 1710 non
1505 1677 1600 1711 verba
1612 1676 1681 1719 qui-

204 1739 290 1775 dem,
304 1738 373 1776 sed,
388 1737 475 1779 quod
492 1747 546 1769 vos
563 1735 770 1774 muldfacisss,
785 1736 880 1768 facta.
925 1734 1046 1767 Audite
1058 1733 1138 1776 jam,
1153 1744 1225 1777 quae
1242 1733 1317 1765 mihi
1332 1732 1534 1775 contigerint,
1555 1736 1592 1767 ut
1609 1731 1680 1774 pla·

204 1792 276 1823 nius
289 1791 496 1833 perspiciatis,
507 1790 587 1822 nulli
604 1801 653 1822 me
669 1790 842 1833 quidquam
856 1794 965 1822 contra
974 1789 1132 1831 justitiam
1148 1789 1190 1820 ob
1206 1787 1311 1821 mortis
1325 1792 1444 1819 metum
1459 1795 1679 1821 concessurum

204 1846 314 1883 fu³sse,
339 1850 436 1887 atque
452 1855 517 1877 non
531 1845 775 1886 concedentem,
800 1843 892 1877 simul
918 1843 1015 1875 fuisse
1041 1844 1223 1885 periturum.
1269 1841 1417 1877 Referam
1434 1840 1523 1872 vobis
1533 1839 1683 1882 equidem

205 1901 337 1932 molesta
361 1900 506 1943 quaedam
533 1904 628 1941 atque
649 1898 830 1941 judicialia,
856 1908 929 1930 vera
954 1902 1070 1930 tamen.
1114 1897 1184 1938 Ego
1209 1898 1306 1934 enim,
1329 1906 1349 1926 o
1376 1894 1435 1926 viri
1459 1893 1683 1929 Athenienses,

205 1954 295 1987 nullo
320 1954 424 1987 adhuc
448 1954 576 1996 publico
602 1953 730 1985 functus
755 1963 825 1984 sum
851 1962 994 1992 munere,
1016 1951 1077 1983 nisi
1105 1951 1192 1991 quod
1213 1951 1254 1981 ad
1277 1949 1443 1982 consilium
1458 1958 1526 1981 sum
1550 1947 1682 1979 electus.

206 2009 342 2051 contigit
355 2013 474 2050 autem,
489 2007 603 2039 tribum
632 2017 734 2037 meam
748 2005 961 2036 Antiocheam
982 2015 1021 2036 eo
1043 2008 1183 2046 tempore
1210 2003 1387 2045 praesidere‚
1411 2012 1475 2044 quo
1490 2011 1545 2032 vos
1569 2001 1680 2035 decem

205 2063 278 2095 illos
290 2062 443 2094 exercitus
457 2062 567 2102 duces,
581 2060 657 2103 quia
671 2059 777 2092 navali
793 2069 900 2101 pugna
914 2059 1119 2099 interemptos
1134 2069 1198 2090 non
1212 2057 1420 2100 susceperint,
1432 2057 1581 2088 damnare
1589 2053 1684 2089 simul

207 2128 317 2149 omnes
332 2115 530 2159 properastis,
546 2115 664 2156 injuste
677 2114 822 2157 quidem,
848 2117 885 2145 ut
899 2112 1023 2145 cunctis
1044 2118 1157 2155 postea
1170 2113 1261 2144 vobis
1277 2117 1387 2143 notum
1402 2111 1473 2143 fuit.
1514 2110 1605 2145 Tunc
1619 2119 1680 2151 ego

209 2171 293 2203 aolus
303 2182 340 2203 ex
357 2171 505 2203 omnibus
520 2169 676 2213 praefectis
690 2179 739 2201 me
753 2168 841 2200 vobis
856 2167 1005 2210 opposui,
1020 2178 1061 2199 ne
1073 2167 1152 2210 quid
1165 2167 1298 2209 ageretis
1307 2171 1419 2210 praeter
1434 2166 1532 2208 leges,
1542 2164 1683 2206 meisque

208 2225 364 2267 suffragiis
380 2224 490 2257 restiti.
535 2223 610 2262 Quo
625 2223 658 2255 in
675 2227 828 2265 tempore,
853 2232 926 2254 cum
943 2227 1079 2255 oratores
1098 2221 1191 2253 multi
1207 2221 1306 2263 parati
1323 2226 1428 2252 essent
1440 2219 1563 2252 deferre
1577 2229 1683 2253 meum

208 2292 337 2318 nomen,
353 2286 448 2323 atque
462 2280 497 2311 in
507 2270 665 2322 judicium
681 2278 816 2318 trahere,
831 2286 948 2318 vosque
962 2276 1027 2318 ipsi
1049 2276 1170 2318 ingenti
1185 2276 1268 2308 idem
1284 2276 1420 2309 clamore
1429 2273 1584 2318 juberetis
1597 2285 1606 2314 ς
1629 2283 1684 2307 cx-

207 2336 358 2377 istimavi,
373 2342 516 2377 oportere
529 2340 580 2366 me
594 2333 693 2375 magis
707 2343 764 2375 pro
787 2332 858 2374 lege
878 2336 974 2375 atque
993 2330 1122 2372 justitia
1139 2331 1242 2363 subire
1264 2330 1449 2373 periculum,
1471 2339 1566 2371 quam
1576 2327 1682 2361 vobis·

209 2401 282 2423 cum
296 2390 424 2427 sentire.
434 2399 499 2420 non
512 2387 720 2420 sentientibus
733 2386 833 2429 justa,
848 2387 890 2419 ob
905 2390 1021 2418 metum
1036 2386 1168 2418 carceris
1183 2390 1238 2417 aut
1252 2385 1370 2417 mortis.
1413 2383 1457 2415 Et
1467 2384 1536 2417 haec
1551 2381 1680 2425 quidem

210 2444 294 2475 facta
309 2448 394 2484 sunt,
407 2443 535 2475 civitate
551 2443 654 2474 adhuc
671 2442 729 2474 sub
745 2442 888 2473 libertate
902 2439 1013 2483 ,populi
1031 2439 1213 2472 constituta.
1236 2444 1403 2482 postquam
1420 2448 1492 2471 vero
1507 2437 1547 2469 ad
1564 2446 1682 2478 pauco.-

209 2507 278 2529 rum
295 2496 469 2538 potentiam
485 2497 655 2528 deventum
670 2500 731 2537 est,
747 2506 850 2528 rursus
864 2494 991 2536 triginta
1005 2494 1063 2532 illi,
1086 2494 1143 2535 qui
1158 2493 1382 2535 rempublicam
1403 2495 1612 2534 occuparunt,
1628 2501 1683 2526 νοτ

210 2556 319 2583 cantes
343 2561 392 2582 me
414 2561 479 2582 una
496 2561 567 2582 cum
589 2551 659 2583 aliis
681 2556 816 2592 quatuor
837 2549 872 2581 in
893 2548 1041 2586 Tholum‚
1059 2547 1222 2589 jusserunt
1243 2547 1395 2578 Leontem
1418 2545 1622 2578 Salaminium
1643 2555 1683 2579 ex

211 2604 371 2636 Salamine
386 2605 555 2642 adducere,
581 2615 644 2647 quo
659 2604 712 2637 ille
727 2609 911 2643 necaretur;
933 2602 1040 2645 qualia
1055 2602 1206 2633 videlicet
1228 2601 1327 2632 multa
1346 2601 1402 2638 illi,
1426 2605 1461 2632 et
1482 2599 1552 2631 aliis
1574 2597 1680 2632 multis

211 2669 250 2690 eo
266 2664 407 2701 tempore
422 2659 624 2696 mandabant,
641 2663 676 2691 ut
689 2658 865 2700 complures
881 2657 1061 2690 criminibus
1083 2655 1146 2687 suis
1168 2655 1375 2688 involverent.
1419 2654 1512 2688 Tunc
1535 2663 1596 2695 ego
1616 2661 1683 2686 non

211 2713 314 2745 verbis
328 2713 469 2755 quidem.
485 2713 540 2744 sed
555 2723 587 2744 re
602 2713 681 2754 ipsa,
703 2723 807 2744 rursus
828 2712 966 2749 ostendi,
991 2710 1068 2742 nihil
1091 2710 1230 2748 omnino,
1257 2709 1400 2754 quamvis
1421 2708 1512 2740 dictu
1535 2705 1683 2739 rusticius

210 2767 365 2804 videatur,
379 2777 486 2798 curare
501 2772 630 2798 mortem
644 2777 653 2807 ς
675 2767 755 2798 illud
773 2777 845 2799 vero
861 2767 989 2798 omnino
1005 2775 1124 2802 curare,
1140 2775 1180 2797 ne
1195 2764 1273 2807 quid
1289 2763 1439 2806 injustum
1455 2772 1535 2795 neve
1548 2760 1680 2803 impium

211 2821 358 2854 facerem.
412 2820 471 2852 Me
497 2831 570 2852 vcro
596 2826 738 2863 potestas
762 2821 818 2853 illa
844 2820 987 2853 terribilis
1007 2829 1205 2862 nequaquam
1232 2819 1276 2850 ita
1297 2815 1479 2854 conterruit,
1504 2819 1543 2850 ut
1563 2813 1683 2857 injuste

213 2874 334 2916 aliquid
349 2874 494 2908 facerem.
538 2875 603 2906 Sed
632 2875 685 2906 ubi
701 2875 803 2908 'rholo
819 2875 934 2918 egressi
955 2886 1073 2912 sumus,
1096 2874 1207 2916 reliqui
1222 2878 1357 2915 quatuor
1371 2871 1404 2903 in
1419 2869 1609 2903 Salaminam
1627 2868 1686 2902 ad-

212 2934 377 2962 ventantes
389 2934 518 2971 captum
533 2929 686 2962 Leontem
705 2930 860 2962 duxerunt
875 2942 883 2961 :
909 2940 969 2971 ego
985 2940 1058 2961 vero
1074 2930 1201 2962 domum
1215 2925 1301 2959 abivi
1315 2937 1323 2957 ε
1346 2935 1384 2959 ac
1400 2925 1504 2958 forsan
1519 2927 1687 2965 proptera}

215 2994 264 3016 me
278 2982 326 3017 illi
349 2982 591 3021 interfecissent,
619 2983 678 3018 nisi
703 2983 788 3016 brevi
813 2994 918 3018 eorum
943 2987 1083 3026 potestas
1106 2981 1257 3017 dissoluta
1279 2979 1400 3013 fuisset.
1446 2978 1552 3028 Atque
1574 2977 1685 3013 horum
