1846 3268
167 255 259 306 185]
764 252 989 292 LAcHES.
1572 257 1623 294 73

159 359 370 398 chinameuto,
385 359 439 402 qui
454 358 518 390 telo
527 358 643 390 falcem
655 358 796 391 addidit.
813 368 851 390 eo
864 358 1018 400 siquidem
1033 358 1215 401 dimicante,
1229 359 1292 391 salx
1307 359 1395 390 navis
1406 370 1439 390 se
1452 359 1617 391 fulcimen-

159 414 200 445 tis
212 415 378 457 implicuit.
421 413 579 445 Trahebat
592 417 698 447 autem
713 412 877 450 Stesileus,
899 418 934 444 ut
956 412 1138 454 explicaret,
1159 423 1262 455 neque
1286 417 1427 454 poterat:
1452 413 1539 443 navis
1561 422 1617 443 na-

159 479 230 500 vem
243 468 402 500 transibat.
425 467 478 498 ille
492 471 596 498 nutem
610 466 727 497 interea
742 475 854 497 navem
869 476 960 497 cursu
974 466 1191 508 comitabatur,
1200 467 1320 498 hastam
1334 465 1512 498 continens.
1537 464 1618 497 Cum

159 532 231 554 vero
245 521 332 553 navis
345 531 456 552 navem
466 520 532 562 jam
550 519 703 556 transiret,
730 529 864 560 eumque
879 520 1000 550 hastam
1016 524 1174 551 tenentem
1189 520 1369 560 attraheret,
1392 519 1432 549 ad
1447 523 1618 550 extremum

158 574 214 606 teli
235 575 333 617 [184]
357 585 451 606 manu
465 573 606 606 devenit.
653 572 751 604 Risus
764 583 839 614 ergo
854 583 890 604 ac
906 572 1054 615 strepitus
1066 573 1170 615 ampla
1194 573 1226 605 in
1251 573 1322 604 navi
1338 572 1480 604 concitus
1494 572 1535 603 ob
1549 571 1619 603 Ste-

157 628 225 660 silei
239 627 378 660 habitum
394 632 427 661 et
440 628 481 659 ob
496 627 528 658 id
542 627 684 669 insuper,
709 626 785 668 quia
807 627 847 658 ad
863 637 1013 658 summam
1029 627 1098 668 quis
1113 637 1225 659 navem
1247 626 1336 668 jacto
1351 626 1457 667 lapi-de
1471 625 1504 658 in
1521 625 1619 667 pedes

157 681 227 724 ejus
240 681 358 724 coegit,
382 687 418 712 ut
438 683 558 713 hastam
581 680 763 713 dimitteret.
787 685 863 712 tunc
885 690 960 711 sane
973 685 1006 712 et
1021 679 1078 721 illi,
1100 680 1155 722 qui
1176 680 1291 712 triremi
1305 680 1511 721 vehebantur,
1532 679 1618 710 haud

157 734 287 768 ulterius
300 735 396 767 risum
408 735 567 767 continere
583 739 764 777 potuerunt,
787 744 858 766 cum
882 733 952 776 ejus
973 733 1141 766 telifalcem
1162 734 1216 765 illa
1229 734 1303 765 navi
1317 744 1497 775 suspensam
1514 732 1617 764 intue-

155 793 270 820 rentur.
313 787 406 820 Forte
420 788 552 830 alicujus
568 789 636 820 brec
652 787 744 830 pretii
760 792 844 825 sunt,
870 793 904 819 ut
919 787 1028 819 Nicias
1046 787 1175 819 asserit:
1199 793 1410 819 verumtamen
1432 797 1480 823 ea,
1502 786 1617 827 quibus

154 841 293 880 interfui,
308 842 382 873 talin
397 841 540 884 quasdam
556 847 639 873 sunt.
662 842 875 883 quamobrem,
899 846 935 872 ut
956 842 988 872 in
1009 841 1164 883 principio
1187 841 1266 882 dixi,
1287 841 1353 872 sive
1367 839 1535 881 disciplina
1550 840 1617 870 haec

155 901 214 936 est,
237 906 345 937 pamm
368 896 516 938 prodest:
541 895 607 927 sive
633 906 698 926 non
722 901 782 935 est,
805 896 861 926 sed
886 895 1034 926 simulant
1061 894 1116 936 qui
1140 895 1222 926 hanc
1248 894 1441 935 profitentur,
1466 893 1550 924 haud
1570 901 1617 924 res

155 949 261 980 studio
273 949 370 991 digna
391 948 528 980 videtur.
571 948 622 979 Ita
637 958 712 980 sane
727 948 870 989 arbitror,
892 947 919 979 si
939 948 1008 990 quis
1025 946 1153 979 timidus
1166 947 1347 979 facultatem
1361 948 1442 978 hanc
1457 950 1617 987 sequatur,

154 1002 351 1034 audaciorem
364 1003 406 1034 ob
421 1003 502 1034 hanc
518 1002 679 1039 effectum,
694 1001 855 1033 clariorem
872 1001 937 1032 sore
951 1010 1044 1043 quam
1066 1000 1169 1033 fuerit.
1215 1000 1270 1031 Sin
1292 1005 1397 1031 autern
1421 998 1510 1031 fortis
1533 998 1618 1040 quis·

154 1056 238 1097 piam
253 1066 321 1087 eam
333 1061 483 1097 sectetur,
499 1057 697 1088 observatum
713 1056 754 1086 ab
768 1054 958 1092 hominibus,
985 1055 1011 1086 si
1035 1064 1143 1095 parum
1166 1054 1242 1097 quid
1257 1054 1389 1091 aberret,
1413 1062 1540 1094 magnas
1564 1061 1617 1084 ca·

153 1109 286 1141 hinnite
300 1110 487 1142 subi-turum.
510 1110 668 1141 invidiosa
685 1119 821 1151 namque
842 1108 982 1140 scientiae
1007 1107 1101 1147 hujus
1126 1107 1287 1148 professio.
1309 1106 1467 1149 quocirca,
1482 1104 1543 1136 nisi
1557 1105 1616 1136 vir-

153 1168 222 1194 tute
235 1163 345 1195 mirum
359 1163 391 1194 in
406 1164 532 1195 modum
549 1163 660 1195 ceteris
675 1168 813 1205 praestet,
838 1162 894 1204 qui
918 1162 1000 1194 hanc
1022 1162 1081 1192 sibi
1096 1161 1257 1193 scientiam
1272 1161 1424 1200 vindicat,
1439 1159 1536 1191 vitare
1551 1167 1616 1189 non

153 1217 271 1258 poterit
283 1216 360 1258 quin
373 1216 521 1248 ridiculus
539 1217 703 1248 habeatur.
750 1214 916 1257 Ejusmodi
931 1215 1055 1246 videtur
1068 1214 1156 1252 mihi,
1181 1214 1382 1257 Lysimacho,
1406 1212 1500 1254 hujus
1522 1211 1618 1243 disci-

152 1269 249 1311 plinae
259 1269 409 1303 studium.
453 1269 590 1311 Oportet
605 1274 722 1308 autem,
738 1274 774 1300 ut
789 1270 828 1300 ab
843 1268 933 1299 initio
959 1268 1115 1306 dicebam,
1139 1278 1335 1310 summopere
1356 1268 1441 1298 hunc
1456 1266 1616 1297 Socratem

152 1323 326 1361 obsecrare,
341 1328 376 1354 nt
390 1323 472 1356 circa
487 1323 683 1365 propositam
699 1322 906 1364 quaestionem
922 1332 978 1353 sua
999 1333 1039 1354 ex
1061 1322 1217 1353 sententia
1236 1320 1390 1354 consulat.
1436 1319 1498 1351 Lv.
1520 1318 1614 1360 Rogo

152 1376 311 1419 equidem,
326 1377 478 1409 Socrates.
493 1377 612 1408 etenim
626 1376 831 1408 discernentis
848 1375 1012 1417 cujusdam
1029 1375 1214 1407 senteutiam
1235 1373 1424 1407 consultatio
1443 1373 1511 1404 haec
1531 1371 1615 1404 desi-

152 1431 250 1462 derat.
271 1441 344 1462 nam
359 1430 384 1462 si
398 1430 532 1462 invicem
547 1429 581 1461 hi
603 1429 837 1470 convenissent,
861 1429 962 1460 minus
984 1429 1139 1471 ejusmodi
1160 1428 1390 1461 consultatione
1411 1437 1491 1468 opus
1516 1426 1614 1457 foret:

152 1489 319 1527 postquam·
331 1494 403 1516 vero
419 1484 552 1522 Laches,
570 1489 605 1514 ut
619 1483 731 1526 cernis,
754 1488 788 1515 et
810 1482 921 1515 Nicias
937 1482 1102 1520 dissident,
1128 1487 1254 1525 praestat
1275 1482 1383 1514 audire
1404 1490 1500 1519 nunc,
1523 1479 1614 1521 cujus

151 1538 218 1579 ipse
233 1538 395 1570 sententias
411 1538 515 1579 potius
530 1538 718 1579 suffrageris.
763 1537 820 1569 So.
844 1536 930 1574 Quid
947 1547 1031 1574 vero,
1047 1536 1234 1579 Lysimache
1247 1537 1258 1567 ἓ
1282 1536 1366 1567 hisce
1382 1540 1416 1566 tu
1431 1532 1615 1572 adhaerebis,

151 1591 179 1623 si
199 1591 303 1633 plnres
324 1595 462 1623 nostrum
491 1591 688 1623 laudabunt?
734 1590 797 1624 Lv.
821 1591 981 1628 Quidnam
994 1590 1080 1622 aliud
1105 1589 1176 1632 quis
1199 1594 1283 1632 agat,
1309 1600 1328 1621 o
1350 1588 1513 1621 Socrates?
1557 1587 1614 1618 So.

151 1644 316 1687 Numquid
330 1650 364 1677 et
378 1650 423 1683 tu,
438 1645 588 1687 Melesia‚
601 1645 740 1689 similiter
755 1644 893 1676 faceres?
921 1655 957 1676 ac
981 1644 1009 1675 si
1023 1644 1065 1676 de
1079 1643 1300 1676 exercitatione
1329 1643 1387 1674 filii
1410 1640 1614 1678 consultares,

151 1709 227 1730 num
242 1699 381 1740 pluribus
395 1704 534 1730 nostrum
559 1699 653 1731 fidem
678 1704 852 1741 praestares,
869 1709 909 1730 an
934 1699 1040 1740 potius
1054 1697 1114 1735 illi,
1135 1698 1190 1739 qui
1215 1698 1273 1728 sub
1296 1697 1398 1739 perito
1421 1694 1614 1728 exercitandi

152 1752 486 1794 magistrodidicisset,
501 1763 596 1795 seque
619 1752 830 1784 exercuisset?
874 1752 949 1784 Mn.
972 1751 1026 1784 Illi
1050 1751 1172 1789 merito,
1195 1751 1349 1782 Socrates.
1392 1750 1447 1781 So.
1470 1748 1539 1790 Ipsi
1552 1748 1613 1780 ita-

152 1816 215 1847 que
240 1805 388 1848 mtjorem
417 1806 510 1838 fidem
535 1807 698 1838 adhiberes
724 1806 792 1843 uni,
821 1816 915 1848 quam
943 1805 1034 1837 nobis
1061 1810 1206 1847 quatuor.
1252 1804 1326 1836 ΜΕ.
1358 1803 1511 1834 Forsitan.
1556 1802 1613 1833 So.

150 1859 292 1891 Scit-‚ntis
303 1859 400 1897 enim,
415 1870 481 1891 non
493 1860 707 1898 multitudine,
718 1860 863 1902 judicare
875 1865 1010 1902 oportet,
1026 1859 1111 1901 quod
1124 1864 1206 1891 recte
1217 1863 1265 1890 est
1276 1857 1495 1899 judicandum.
1540 1855 1613 1888 Ma.

152 1913 265 1946 Procul
280 1914 388 1947 dubio.
434 1914 491 1947 So.
513 1914 631 1946 Nonne
651 1914 685 1946 id
705 1913 738 1945 in
765 1913 872 1956 primis
896 1913 1159 1947 considerandum
1181 1917 1241 1950 est,
1263 1912 1289 1943 si
1311 1912 1381 1954 quis
1396 1911 1476 1942 inter
1489 1920 1546 1941 nos
1561 1914 1611 1940 est

151 1966 268 2008 peritus
285 1977 323 1999 ea
333 1967 366 1998 in
381 1978 424 2004 re,
449 1967 547 2010 [185]
571 1968 611 1999 de
625 1978 688 2010 qua
700 1978 784 2000 nunc
800 1968 1024 2000 deliberamus:
1049 1977 1090 1999 an
1106 1967 1194 1998 non?
1217 1972 1250 1998 et
1264 1966 1291 1997 si
1305 1965 1375 2007 quis
1385 1964 1455 1996 talis
1468 1963 1611 1996 invenia-

150 2026 209 2058 tur,
225 2020 268 2052 illi
284 2021 487 2059 credendum,
503 2021 660 2054 sententia
683 2027 855 2054 ceterorum
877 2021 1075 2064 postposita?
1099 2021 1126 2052 si
1140 2020 1257 2058 nullus,
1280 2019 1360 2051 alius
1374 2018 1503 2063 quidam
1517 2016 1611 2048 nobis

147 2073 405 2116 investigandus?
450 2074 505 2107 An
519 2075 601 2108 circa
615 2075 763 2118 exiguum
777 2075 929 2117 quiddam
952 2085 1036 2107 nunc
1062 2074 1232 2116 periculum
1256 2073 1359 2105 subire
1374 2071 1519 2108 censetis,
1541 2070 1610 2113 ipse

149 2131 244 2169 atque
258 2127 475 2170 Lysimachus,
502 2129 605 2171 potius
631 2140 725 2171 quam
749 2129 832 2161 circa
845 2135 909 2161 rem
935 2129 1094 2171 quandam
1110 2132 1276 2160 vestrarum
1292 2126 1522 2169 possessionum
1545 2134 1611 2156 om-

148 2181 235 2213 nium
250 2181 501 2223 pretiosissimam
515 2183 527 2214 ?
571 2183 595 2215 F
597 2183 657 2214 iliis
668 2193 804 2225 namque
816 2183 906 2216 bonis
922 2183 970 2215 vel
993 2183 1085 2214 malis
1109 2182 1242 2219 effectis,
1269 2180 1413 2212 universa
1427 2180 1538 2210 domus
1553 2187 1610 2219 pa-

149 2239 238 2266 terna
262 2236 373 2267 eodem
396 2237 492 2268 modo
507 2236 738 2278 gubernabitur,
760 2247 823 2279 quo
850 2242 883 2268 et
908 2236 965 2268 filii
990 2236 1098 2268 affecti
1117 2240 1220 2268 erunt.
1264 2235 1337 2267 ΜΕ.
1359 2233 1444 2266 Vera
1465 2231 1611 2274 loqueris.

148 2287 206 2320 So.
230 2287 407 2330 Diligenter
431 2289 524 2331 igitur
550 2290 624 2321 huic
646 2290 691 2322 rei
718 2290 960 2332 invigilandum.
1007 2290 1079 2321 Mn.
1102 2288 1219 2320 Valde.
1264 2288 1321 2319 So.
1344 2286 1491 2324 Quonam
1516 2285 1610 2326 igitur

149 2346 240 2382 pacto
255 2342 340 2383 quod
355 2343 449 2374 modo
475 2343 618 2375 dicebam
638 2344 966 2381 consideravissemus,
991 2343 1018 2374 si
1042 2342 1182 2374 invenire
1197 2341 1413 2379 voluissemus,
1439 2339 1511 2382 quis
1537 2349 1613 2370 nos-

148 2399 228 2426 trum
242 2395 422 2427 maximein
436 2398 585 2428 certando
599 2397 783 2429 artificiosus
798 2398 967 2429 evaderet?
991 2406 1097 2428 nonne
1111 2406 1184 2428 eum
1202 2395 1382 2437 perscrutati
1391 2404 1540 2431 essemus,
1554 2392 1610 2435 qui

148 2452 182 2479 et
195 2448 319 2486 didicit,
333 2454 367 2481 et
379 2451 528 2492 exercuit,
541 2451 594 2483 cui
609 2452 758 2483 videlicet
772 2451 879 2482 idonei
901 2450 994 2492 hujus
1015 2451 1058 2482 rei
1076 2454 1283 2492 praeeeptores
1298 2448 1492 2480 exstiterint?
1536 2448 1608 2480 Mn.

147 2500 199 2532 Ita
211 2502 358 2543 equidem
373 2503 512 2535 arbitror.
553 2505 610 2538 So.
632 2505 685 2536 An
701 2516 765 2537 non
780 2506 863 2547 prius
877 2506 989 2543 etiam,
1012 2505 1090 2547 quid
1112 2504 1190 2536 illud
1212 2503 1265 2541 sit,
1287 2503 1378 2545 cujus
1404 2507 1610 2545 praeceptores

148 2554 366 2596 indagata—mus
380 2557 391 2587 ἓ
436 2557 510 2590 Miz.
533 2558 600 2596 Qui
614 2559 717 2592 isthuc
733 2560 779 2591 ais
795 2560 807 2590 ?
853 2560 910 2591 SO.
933 2559 986 2591 Sic
999 2558 1111 2590 clarius
1125 2558 1204 2590 sorte
1219 2558 1386 2600 percipies.
1401 2567 1473 2588 non
1486 2556 1610 2588 videtur

147 2606 228 2638 inter
242 2618 299 2640 nos
313 2609 346 2639 iu
362 2609 515 2652 principio
530 2613 721 2651 constitisse,
746 2613 823 2656 quid
837 2613 918 2644 illud
933 2613 987 2650 sit,
1011 2612 1044 2643 in
1059 2621 1122 2654 quo
1138 2611 1354 2654 perquirimus,
1379 2611 1449 2653 quis
1470 2615 1610 2641 nostrum

147 2659 188 2691 sit
211 2661 428 2704 peritissimus,
453 2668 487 2695 et
510 2664 604 2706 hujus
629 2666 727 2708 gratia
755 2671 962 2708 praeceptores
991 2665 1148 2703 habuerit,
1177 2665 1247 2707 quis
1275 2675 1351 2696 non.
1395 2663 1455 2695 Νι.
1491 2663 1609 2697 Nonne

146 2714 371 2755 quaerebamus,
401 2727 422 2747 o
450 2717 605 2756 Socrates,
634 2725 736 2751 utrum
760 2725 906 2762 oporteat
930 2720 1051 2752 discere
1077 2719 1293 2751 adolescentes
1330 2718 1422 2749 armis
1447 2716 1608 2755 dimicare,

146 2768 271 2800 necne?
315 2769 370 2803 So.
393 2770 444 2802 Ita
458 2781 592 2813 prorsus,
618 2783 638 2804 o
657 2760 763 2806 Nicia.
786 2775 841 2806 sed
868 2784 940 2806 cum
963 2774 1003 2804 de
1028 2772 1189 2804 oculorum
1208 2772 1330 2804 medela
1349 2771 1461 2814 quaerit
1479 2771 1609 2813 aliquis,

147 2818 367 2855 adhibendane
382 2824 434 2862 sit,
450 2834 491 2855 an
505 2835 582 2864 non,
596 2831 672 2858 tunc
686 2827 727 2858 de
742 2827 866 2859 medela
881 2832 986 2869 putas,
1003 2837 1044 2858 an
1058 2827 1098 2858 de
1111 2826 1222 2864 oculis,
1234 2825 1427 2858 consultari?
1471 2824 1531 2856 Νι.
1553 2823 1608 2856 Dc

146 2874 257 2908 oculis.
302 2876 358 2909 So.
381 2877 425 2908 Et
447 2879 575 2920 quando
597 2879 757 2921 quaeritur,
782 2885 884 2913 utrum
909 2880 1040 2912 froenum
1069 2890 1152 2923 equo
1181 2880 1408 2916 adhibendum,
1437 2888 1549 2914 necne,
1575 2881 1608 2908 et

146 2929 286 2969 quando,
302 2935 377 2962 tunc
391 2942 455 2964 non
468 2933 508 2964 de
519 2933 628 2972 freno,
639 2934 695 2967 sed
709 2934 749 2967 de
759 2945 842 2977 equo
854 2934 971 2978 potius,
982 2934 1199 2968 consultatur?
1239 2933 1271 2965 N
1275 2945 1299 2966 1.
1322 2933 1449 2965 Verum.
1479 2931 1538 2962 So.
1561 2929 1607 2961 Ut

234 2982 321 3015 Plat.
348 2984 401 3016 Tr.
870 2980 915 3020 ‘1.
1489 2983 1521 3014 K
