1846 3268
196 255 268 304 95]
825 254 1043 296 PHAEDO.
1575 260 1654 300 449

192 369 300 406 neque⁴
310 362 407 406 magis
422 373 524 405 neque
548 361 650 394 minus
675 372 742 394 esse
764 367 1042 404 contemperatam.
1088 361 1144 394 Est
1165 362 1233 394 ita?
1281 364 1360 397 Snu.
1384 363 1452 397 Est.
1498 366 1553 398 So.
1576 365 1658 404 Quae

189 428 262 449 vero
279 428 381 459 neque
396 417 493 458 magis
507 426 610 458 neque
621 416 723 448 minus
739 421 907 458 temperata
923 421 982 454 est,
1003 421 1146 458 potestne
1168 417 1307 459 pluribus
1321 418 1564 460 paucioribusve
1588 430 1657 462 gra-

190 471 282 503 dibus
309 471 464 513 particeps
490 469 704 501 consonantiae
726 471 816 502 esse?
840 481 878 501 an
905 470 1008 512 potius
1031 471 1144 512 aeque?
1190 470 1268 502 Sim.
1294 471 1401 512 AEque
1431 472 1547 512 potius.
1595 473 1655 504 So.

192 524 394 567 Quapropter
407 524 521 563 anima,
536 523 563 554 si
578 524 702 565 quidem
720 534 821 565 neque
837 524 934 565 magis
950 534 1051 564 neque
1077 523 1178 554 minus
1205 524 1266 555 alia
1288 534 1381 566 quam
1408 524 1469 555 alia
1485 526 1656 556 secundnm

191 578 302 609 animae
317 583 458 609 naturam
474 577 578 608 anima
600 582 659 618 est,
675 582 904 619 consequenter
926 588 1029 619 neque
1053 577 1150 618 magis
1172 588 1275 619 neque
1290 579 1392 609 minus
1407 584 1455 610 est
1475 566 1660 620 temperata)

191 630 270 662 Sm-
292 630 362 672 Est,
377 636 413 663 ut
427 630 516 664 dicis.
562 631 619 663 So.
643 631 724 663 Cum
741 642 813 662 vero
829 632 872 662 sic
888 630 1002 663 affecta
1018 631 1069 668 sit,
1085 630 1182 662 nihilo
1198 631 1296 673 magis
1312 632 1527 663 consonantiae
1542 637 1590 663 est
1606 632 1658 664 vel

189 684 391 716 dissonantiae
416 685 583 727 particeps.
628 685 707 716 Suu.
730 684 840 716 Nihilo
863 684 972 726 magis.
1018 685 1074 716 So.
1098 684 1252 716 Praeterea
1267 695 1337 717 cum
1353 686 1397 717 ita
1413 690 1591 728 comparata
1607 686 1658 723 sit,

189 748 265 769 nuru
283 738 353 780 plus
366 739 486 781 aliquid
502 739 663 781 pravitatis
678 738 726 770 vel
745 738 865 769 virtutis
881 738 942 770 alia
963 749 1056 780 quam
1069 738 1130 770 alia
1145 739 1311 780 possidet?
1335 740 1360 770 si
1378 740 1505 781 quidem
1522 740 1657 781 pravitas

192 793 388 824 dissonantia
402 798 462 834 est,
476 793 572 824 virtus
589 803 661 824 vero
681 792 900 824 consonantia.
943 792 1023 824 Suu.
1047 792 1141 824 Certe
1168 793 1238 835 plus
1261 792 1353 824 nihil.
1398 793 1451 826 So.
1475 793 1657 830 Quinimmo

189 848 362 879 secundum
379 851 504 884 rectam,
521 846 659 885 simmia,
675 847 825 879 rationem
842 847 928 878 nulla
943 857 1074 889 usquam
1099 845 1174 888 [94]
1200 847 1303 878 anima
1317 847 1473 889 pravitate
1488 847 1546 878 erit
1560 847 1657 879 affec-

188 905 233 938 ta,
249 901 276 932 si
290 900 384 932 fuerit
399 901 622 932 consonantia:
647 902 773 943 quando
788 901 916 943 quidem
932 901 1138 933 consonantia
1154 911 1226 932 vera
1241 902 1411 933 secundum
1426 902 1472 939 id,
1483 901 1568 944 quod
1579 911 1656 933 con-

189 954 335 986 sonantia
358 959 418 992 est,
447 965 606 996 nunquam
632 955 668 986 fit
690 955 891 987 dissonantiae
929 955 1096 997 particeps.
1151 955 1230 987 Sua.
1254 955 1426 997 Nunquam
1453 959 1550 988 certe.
1602 954 1656 987 So.

190 1007 304 1050 Neque
320 1007 413 1050 igitur
438 1009 552 1046 anima,
568 1019 639 1051 quas
663 1010 790 1040 omnino
815 1009 854 1040 sit
875 1009 990 1047 anima,
1005 1009 1156 1051 pravitate
1172 1009 1336 1042 inficietur.
1382 1009 1461 1042 Sim.
1484 1008 1556 1046 Quo
1572 1008 1655 1040 enim

191 1063 286 1094 modo
302 1074 358 1105 per
373 1074 411 1095 ea
426 1073 495 1104 quae
512 1063 598 1094 dicta
614 1069 698 1100 sunt,
713 1063 746 1094 id
762 1063 828 1095 fieri
853 1064 981 1104 posset?
1027 1063 1083 1094 So.
1106 1062 1177 1095 Hac
1199 1063 1295 1105 igitur
1316 1062 1437 1094 ratione
1458 1072 1566 1093 omnes
1588 1062 1657 1093 ani-

189 1117 315 1148 malium
332 1118 470 1148 omniurn
487 1117 598 1148 animae
623 1118 714 1149 bonae
738 1117 878 1149 similiter
903 1122 1004 1155 erunt,
1020 1117 1045 1148 si
1068 1117 1239 1149 secundum
1262 1117 1374 1148 animae
1396 1117 1493 1158 ipsius
1515 1120 1656 1146 naturam

189 1170 328 1202 similiter
351 1171 463 1202 animae
488 1171 560 1203 sint.
604 1171 682 1203 Suu.
706 1171 791 1203 Mihi
816 1172 957 1213 quidem,
986 1171 1139 1208 Socrates,
1165 1171 1209 1202 ita
1233 1171 1367 1203 videtur.
1421 1170 1477 1203 So.
1500 1168 1656 1211 Nunquid

186 1228 272 1256 recte
286 1225 332 1256 sic
349 1224 405 1256 tibi
419 1225 481 1257 dici
497 1226 631 1262 videtur,
649 1230 743 1268 atque
757 1226 825 1258 haec
841 1226 941 1268 sequi,
960 1225 985 1256 si
1003 1235 1074 1257 vera
1090 1230 1172 1257 esset
1188 1225 1241 1256 illa
1258 1225 1385 1267 positio,
1399 1224 1532 1255 animam
1545 1233 1656 1255 conso-

187 1277 327 1310 nantiam
344 1279 433 1311 esse?
480 1279 559 1312 Sua.
583 1279 682 1311 Nullo
706 1280 811 1312 modo.
857 1280 913 1312 So.
938 1279 1026 1317 Quid
1046 1280 1140 1311 vero?
1165 1290 1202 1311 ex
1226 1280 1380 1316 omnibus,
1397 1288 1466 1321 quae
1480 1278 1513 1309 in
1528 1277 1654 1308 homine

187 1337 272 1369 sunt,
287 1332 414 1364 aliudne
431 1339 540 1374 praeter
555 1334 692 1365 animum
708 1334 815 1366 asseris
841 1334 1009 1375 dominari,
1027 1333 1185 1376 praecipue
1210 1333 1394 1375 prudentem
1409 1333 1420 1364 ?
1464 1332 1543 1363 Sim.
1566 1331 1656 1362 Nihil

188 1384 286 1418 aliud.
331 1386 386 1418 So.
411 1386 523 1418 Utrum
538 1388 675 1429 corporis
690 1386 974 1430 perturbationibus
988 1387 1222 1428 indulgentem,
1235 1397 1274 1417 an
1289 1387 1394 1428 potius
1408 1384 1654 1427 repugnantem?

188 1438 273 1471 Dico
285 1445 389 1472 autem
407 1441 468 1472 tale
483 1441 632 1483 quiddam
647 1454 654 1472 ε
681 1442 779 1473 veluti
793 1441 819 1472 si
842 1442 899 1472 sub
923 1445 1001 1472 aestu
1019 1441 1086 1472 sitis
1102 1446 1207 1482 angat,
1223 1440 1341 1472 interea
1356 1445 1459 1471 tamen
1475 1439 1654 1470 adversatur

187 1493 321 1531 animus,
337 1494 525 1537 retrahitque
540 1494 572 1526 in
587 1495 788 1537 contrarium,
803 1505 843 1526 ne
858 1495 964 1526 bibat:
990 1493 1195 1536 similiterque
1207 1494 1232 1525 si
1245 1499 1365 1536 premat
1379 1493 1488 1530 famem
1503 1502 1543 1524 ne
1557 1492 1651 1524 edat:

187 1545 221 1577 in
237 1546 368 1590 aliisque
385 1558 477 1590 quam
494 1548 632 1590 plurimis
644 1549 780 1580 animum
793 1549 933 1580 vIdemus
945 1548 1082 1590 corporis
1094 1548 1258 1580 affectibus
1269 1551 1505 1589 repugnantem.
1521 1546 1649 1577 nonne?

189 1600 270 1633 Sua.
293 1601 335 1632 Et
349 1602 476 1643 quidem
502 1602 644 1634 maxime.
687 1603 746 1636 So.
769 1603 886 1634 Nonne
909 1603 941 1633 in
969 1602 1177 1644 superioribus
1192 1602 1327 1634 confessi
1342 1611 1447 1632 sumus
1463 1600 1608 1636 animam,
1625 1598 1653 1630 si

191 1656 399 1687 consonantia
413 1656 516 1693 suerit,
533 1667 692 1698 nunquam
713 1657 939 1689 dissonaturam
965 1657 1025 1698 his,
1040 1657 1154 1698 quibus
1174 1656 1346 1687 intenditur
1360 1655 1409 1687 vel
1425 1654 1588 1686 remittitur
1602 1653 1654 1685 vel

189 1707 355 1751 evibratur‚
370 1709 419 1741 vel
436 1710 647 1752 quodcunque
664 1710 748 1742 aliud
767 1710 925 1752 patiantur
947 1710 1013 1747 illa,
1028 1721 1066 1742 ex
1081 1710 1193 1752 quibus
1213 1710 1282 1752 ipsa
1296 1709 1469 1749 conflatur3
1491 1708 1545 1740 sed
1561 1717 1651 1739 secu-

189 1767 288 1794 turam
316 1762 414 1801 illam,
439 1774 599 1806 nunquam
626 1775 697 1796 vero
722 1765 907 1796 ducturam?
952 1764 1032 1798 Suu.
1055 1763 1203 1796 Confessi
1225 1773 1340 1795 sumus.
1384 1762 1440 1795 So.
1466 1762 1553 1800 Quid
1578 1771 1651 1792 vero

187 1817 296 1848 nunc?
319 1827 425 1849 nonne
447 1823 556 1850 contra
578 1818 704 1850 omnino
729 1818 850 1850 videtur
872 1829 976 1860 agere,
992 1823 1147 1861 quatenns
1171 1828 1209 1849 ea
1230 1819 1320 1850 ducit
1345 1816 1461 1854 omnia,
1477 1826 1515 1847 ex
1538 1814 1651 1857 quibus

186 1869 300 1901 dixerit
325 1871 437 1913 aliquis
463 1871 562 1914 ipsam
582 1873 743 1909 constitui,
760 1878 854 1915 atque
879 1873 973 1904 ferme
998 1872 1142 1903 omnibus
1169 1882 1224 1914 per
1250 1881 1372 1903 omnem
1389 1870 1482 1902 vitam
1498 1874 1653 1911 repugnat

188 1924 355 1966 multisque
371 1925 548 1956 dominatur
563 1927 687 1958 modis?
711 1926 867 1958 interdurn
883 1926 1014 1968 rigidius
1029 1927 1165 1969 quodam
1183 1937 1255 1958 cum
1273 1924 1428 1967 supplicio
1445 1923 1579 1964 puniens
1597 1932 1652 1963 per

186 1978 415 2020 gymnasticam
430 1984 525 2021 atque
548 1980 751 2018 medicinam,
773 1980 928 2012 interdurn
944 1991 1017 2012 vero
1042 1980 1147 2012 mitius
1172 1980 1328 2021 castigaus
1350 1976 1569 2010 comminando
1594 1979 1650 2006 aut

186 2032 345 2063 monendo
359 2033 506 2064 adversus
521 2033 711 2075 cupiditates
726 2039 759 2066 et
781 2035 843 2066 iras
868 2040 963 2076 atque
989 2034 1126 2075 timores,
1142 2039 1290 2075 tanquam
1318 2033 1413 2064 altera
1435 2031 1580 2074 quaedam
1602 2039 1649 2060 res

186 2091 295 2118 contra
310 2085 436 2118 alteram
449 2087 592 2130 loquens,
608 2089 871 2130 quemadmodum
885 2089 1040 2120 Homerus
1055 2088 1149 2119 tradit
1162 2088 1195 2119 in
1208 2087 1354 2130 Odyssea
1370 2098 1377 2117 ι

445 2162 526 2194 Tum
543 2168 652 2206 pectus
667 2164 809 2206 pulsans,
824 2174 878 2196 cor
893 2163 936 2195 sic
952 2163 1063 2195 affatur
1074 2162 1196 2200 Ulixes,

449 2216 520 2248 Hoc
534 2227 660 2260 quoqne
674 2228 728 2250 cor
742 2218 856 2260 perfer,
871 2228 1004 2260 namque
1018 2224 1050 2250 et
1065 2217 1203 2260 graviora
1217 2217 1326 2250 tulisti.

190 2291 243 2322 An
260 2297 351 2334 putas
367 2292 539 2324 Homerum
554 2294 622 2326 haec
639 2294 764 2332 dixisse,
777 2299 926 2339 tanquam
938 2294 1097 2325 harmonia
1114 2293 1260 2336 quaedam
1275 2293 1327 2331 sit,
1343 2302 1379 2324 ac
1395 2291 1477 2329 talis,
1491 2294 1527 2322 ut
1539 2299 1650 2331 corpo·

186 2346 228 2378 ris
245 2347 439 2388 passionibus
463 2347 655 2390 subjiciatur,
671 2359 734 2380 non
760 2354 863 2380 autem
891 2349 987 2381 ducat
1013 2354 1107 2390 atque
1133 2347 1337 2379 dominetur?
1359 2356 1399 2377 an
1427 2344 1542 2387 potius,
1561 2342 1655 2385 quasi

187 2401 339 2442 quiddam
355 2401 448 2443 longe
470 2402 606 2433 divinius
629 2413 722 2445 quam
745 2403 906 2434 harmonia
930 2403 971 2434 sit
994 2402 1138 2438 animus?
1182 2402 1262 2434 Suu.
1285 2400 1435 2432 Divinius
1459 2409 1515 2440 per
1537 2397 1650 2429 Jovem

188 2455 263 2485 mihi
286 2455 411 2487 videtur
431 2456 630 2498 significasse.
675 2457 731 2489 So.
754 2456 829 2488 Non
856 2467 941 2498 ergo,
957 2456 1003 2487 vir
1028 2457 1159 2498 optime,
1173 2460 1256 2487 recte
1279 2453 1469 2486 harmoniam
1485 2461 1551 2482 esse
1581 2449 1651 2481 ani-

190 2518 271 2539 mam
295 2509 480 2540 diceremus.
494 2505 550 2542 ‘sic
573 2511 666 2548 enim,
683 2516 719 2541 ut
743 2515 884 2552 apparet,
909 2509 983 2552 [95]
1007 2520 1110 2553 neque
1133 2508 1269 2540 Homero
1293 2507 1401 2539 divino
1427 2505 1533 2548 poetae
1547 2513 1651 2544 neque

190 2561 373 2603 nobisipsis
388 2564 645 2596 consentiremus.
690 2564 769 2597 Suu.
793 2564 846 2596 Sic
861 2569 919 2596 est.
963 2564 1019 2597 So.
1047 2563 1126 2606 Age,
1142 2562 1332 2594 harmoniam
1357 2560 1536 2593 Thebanam
1564 2556 1649 2592 satis,

189 2620 225 2646 ut
241 2616 374 2654 videtur,
385 2616 452 2658 jam
478 2617 680 2658 placavimus.
703 2619 855 2651 rationem
871 2629 942 2651 vero
967 2618 1149 2655 Cadmeam,
1165 2628 1186 2649 o
1210 2616 1323 2653 Cebes,
1338 2623 1474 2657 quonam
1497 2615 1590 2654 pacto
1617 2612 1650 2639 et

189 2680 251 2711 qua
266 2670 385 2702 ratione
403 2671 618 2712 placabimus?
664 2672 725 2705 ΟΕ.
747 2668 795 2706 Tu
811 2672 898 2710 mihi,
914 2673 1068 2709 Socrates,
1086 2671 1165 2702 viam
1186 2671 1366 2701 inventurus
1383 2666 1505 2700 videris.
1534 2673 1647 2704 nempe

188 2724 340 2755 rationem
357 2725 436 2756 hanc
451 2725 597 2757 adversus
612 2725 805 2758 harmoniam
820 2726 962 2768 mirifice,
977 2729 1086 2767 praeter
1098 2723 1281 2766 opinionem
1297 2726 1444 2756 nostram,
1455 2715 1648 2759 excogitasti.

191 2777 273 2810 cum
288 2778 370 2809 enim
395 2779 533 2810 audirem
560 2779 720 2811 Simmiam
736 2781 944 2817 dubitantem,
962 2779 1052 2810 valde
1067 2777 1253 2814 admirabar,
1270 2776 1297 2808 si
1313 2776 1381 2818 quis
1397 2771 1563 2805 rationibus
1578 2769 1647 2811 ejus

190 2832 328 2866 resistere
345 2838 460 2874 posset·
503 2833 615 2875 Itaque
632 2844 760 2865 summas
775 2835 851 2865 mihi
866 2834 927 2865 fuit
942 2832 1152 2870 admirationi,
1168 2832 1271 2874 ipsum
1292 2840 1350 2861 nec
1373 2828 1503 2870 primum
1518 2825 1646 2867 quidem

191 2886 329 2927 potuisse
344 2887 491 2918 orationis
506 2892 566 2918 tuae
581 2887 733 2931 impeturn
756 2889 918 2920 sustinere.
963 2888 1163 2929 Quapropter
1178 2896 1242 2917 non
1258 2883 1432 2918 admirarer,
1448 2880 1475 2911 si
1489 2879 1646 2911 Cadmeus

193 2950 320 2983 quoque
345 2951 444 2973 sermo
469 2941 552 2974 idem
575 2947 744 2986 pateretur.
788 2943 843 2976 So.
868 2942 995 2975 Parcius
1018 2942 1088 2981 ista,
1105 2941 1185 2974 bone
1201 2940 1266 2981 vir3
1289 2948 1330 2970 ne
1346 2930 1646 3019 quainvidiznobis

283 2994 372 3028 Plat.
398 2997 453 3030 Tr.
898 2996 927 3029 1.
1485 2990 1503 3021 3
