1846 3268
250 261 330 300 292
864 252 1132 294 PLA‘roms
1625 255 1722 308 [279

256 363 343 400 dam,
361 362 418 405 qui
440 361 602 394 scientiam
629 360 747 391 habens
774 359 833 391 hac
852 358 924 400 ipsa
938 358 1072 390 scientia
1086 357 1310 399 rem-eandem,
1323 356 1472 399 quotiens
1485 357 1520 390 fit
1536 358 1585 390 vel
1599 358 1726 397 dicitur,

256 416 412 459 agnoscit.
435 416 534 458 magis
551 419 654 447 autem
674 412 798 456 proprie
814 412 951 455 cogitare
963 418 999 444 et
1017 412 1262 444 animadvertere
1275 412 1336 443 hoc
1357 422 1452 454 quam
1467 412 1589 445 discere
1601 418 1729 451 vocant,

256 470 415 502 interdum
433 470 526 501 etiarn
543 469 674 500 discere.
720 467 758 498 Id
774 477 847 498 vero
862 471 893 498 te
909 466 1012 507 latuit,
1028 471 1062 497 ut
1085 465 1140 496 isti
1162 470 1384 506 monstrarunt,
1400 467 1483 497 idern
1506 466 1654 498 videlicet
1667 475 1726 498 no-

252 533 326 556 men
343 523 504 556 contrariis
519 524 558 554 ab
570 521 748 554 hominibus
761 521 956 557 attributum,
970 520 1082 552 scienti
1093 519 1234 562 quidem,
1249 525 1282 552 et
1294 520 1456 552 nescienti.
1500 519 1607 552 Simile
1619 525 1723 553 autem

253 577 349 619 hujus
372 581 419 608 est
441 582 473 608 et
496 575 588 618 illud,
611 576 697 617 quod
724 575 755 605 in
776 575 916 606 secunda
937 574 1114 616 quaestione
1138 579 1380 616 proposuerunt,
1403 574 1630 617 interrogantes
1653 579 1723 607 utra

253 631 379 662 discant
402 631 557 667 homines,
574 640 612 661 an
635 640 706 672 quae
729 629 899 666 seranum
925 638 996 670 quae
1018 628 1176 660 nesciunt.
1222 626 1302 660 Haec
1324 629 1431 661 omnia
1452 628 1519 660 ludi
1545 629 1675 672 quidam
1690 629 1724 660 in

257 684 433 726 disciplinis
455 689 550 716 sunt:
577 689 768 726 quapropter
793 683 901 714 ludere
922 688 1026 714 tecum
1048 682 1126 713 istos
1148 682 1303 714 existimo.
1349 683 1474 714 Ludum
1489 687 1592 715 autem
1608 684 1668 716 hac
1683 684 1724 715 de

257 749 352 770 causa
369 749 533 780 nuncupo,
550 738 624 780 quia
639 742 672 770 et
686 738 713 769 si
728 737 799 779 quis
815 737 914 768 multa
937 736 1060 779 generis
1083 736 1176 778 hujus
1189 736 1238 768 vel
1261 737 1367 768 omnia
1391 738 1525 774 noverit,
1540 747 1639 768 rerum
1655 736 1726 780 qui—

255 793 327 824 dem
343 797 469 824 naturas
481 792 580 823 nihilo
595 792 702 823 minus
714 791 869 834 intelliget
883 802 891 823 ς
916 791 1024 822 ludere
1041 795 1144 822 tamen
1161 801 1198 822 ex
1214 789 1283 832 ipsa
1298 789 1459 822 nominum
1474 789 1653 822 differentia
1668 790 1725 822 ad·-

256 857 363 878 versus
377 847 520 878 homines
535 847 662 889 poterit,
679 845 769 888 quasi
794 843 958 886 interjecto
982 855 1069 877 crure
1096 850 1308 886 prosternens,
1322 854 1430 876 eorum
1446 854 1531 876 more
1545 845 1600 886 qui
1615 845 1725 877 sedere

254 901 434 935 volentibus
449 900 554 932 furtim
570 899 718 932 subsellia
732 900 929 938 subtrahunt,
944 903 978 930 et
991 898 1122 930 effusius
1137 898 1251 936 rident,
1272 908 1344 930 cum
1360 897 1470 929 vident
1483 898 1620 941 aliquem
1643 898 1727 930 ceci·

254 954 339 986 disse
363 954 522 996 supinum.
568 953 647 985 Haec
662 953 758 995 igitur
773 958 806 984 et
821 958 854 984 tu
872 963 927 995 pro
950 953 1034 984 ludis
1060 952 1247 994 quibusdam
1263 951 1384 983 abistis
1399 952 1520 994 accipe.
1563 951 1726 994 Deinceps

256 1013 363 1040 autem
379 1009 459 1040 seria
473 1007 531 1039 tibi
552 1007 603 1039 isti
618 1008 808 1046 tractabunt,
823 1017 946 1049 egoque
968 1007 1009 1038 ab
1033 1006 1106 1044 illis,
1121 1017 1192 1049 quae
1208 1006 1427 1048 promiserunt,
1439 1015 1607 1049 exposcam
1621 1016 1629 1037 :
1653 1016 1727 1049 pro-

257 1062 409 1094 miserunt
426 1073 517 1104 porro
531 1073 564 1093 se
579 1060 819 1093 exhortatoriam
836 1060 1023 1102 sapientiam
1039 1065 1231 1092 ostensuros.
1275 1060 1371 1092 Nunc
1395 1065 1500 1092 autem
1524 1060 1600 1091 mihi
1615 1060 1726 1092 viden-

253 1121 304 1147 tur
319 1121 446 1158 putasse
463 1117 548 1159 prius
565 1121 667 1149 tecum
683 1126 752 1147 esse
773 1115 960 1157 jocandum.
1005 1114 1086 1146 Satis
1110 1125 1185 1157 ergo
1208 1115 1373 1152 hactenus,
1389 1125 1408 1146 o
1428 1113 1630 1158 Euthydeme
1644 1113 1727 1146 Dio-

255 1170 492 1212 nysodoreque,
509 1170 597 1202 vobis
619 1169 660 1201 sit
680 1169 794 1200 lusum.
840 1168 1009 1200 Ostendite
1033 1168 1100 1210 jam
1117 1169 1203 1211 quod
1221 1168 1373 1211 sequitur.
1396 1171 1493 1200 restat
1505 1178 1619 1211 nempe
1635 1172 1670 1199 ut
1683 1168 1725 1199 ad

255 1223 379 1255 virtutis
404 1229 436 1254 et
459 1223 623 1265 sapientia?
648 1223 787 1254 studium
808 1224 893 1254 hunc
920 1222 1192 1254 adolescentulum
1218 1223 1434 1255 exhortemini.
1479 1222 1599 1255 Verum
1624 1222 1725 1265 primo

252 1277 324 1320 ipse
339 1278 499 1320 exemplar
513 1278 672 1319 quoddam
689 1282 722 1309 et
736 1277 899 1308 formulam
923 1277 1149 1308 exhortationis
1165 1277 1260 1315 illius,
1275 1287 1369 1319 quam
1391 1277 1529 1319 postulo,
1544 1277 1632 1308 vobis
1646 1285 1725 1318 prae—

254 1331 374 1363 finiam.
398 1333 483 1375 quod
501 1332 526 1363 si
542 1331 656 1364 rustice
671 1337 704 1363 et
714 1332 846 1363 absurde.
865 1331 1062 1374 praescribere
1078 1332 1199 1373 videor,
1214 1342 1254 1363 ne
1270 1330 1439 1363 derideatis
1454 1331 1595 1363 obsecro.
1628 1329 1723 1361 -Nam

254 1385 421 1427 sapientias
437 1391 545 1418 vestrae
569 1386 738 1418 audiendae
763 1386 914 1417 aviditate
939 1386 1075 1428 percitus
1095 1385 1233 1428 ineptias
1253 1396 1338 1417 nunc
1357 1395 1444 1417 meas
1458 1385 1624 1417 ostendere
1638 1384 1727 1416 vobis

255 1439 371 1478 audeo.
420 1439 542 1471 Audite
566 1440 662 1482 igitur
686 1440 754 1471 sine
777 1440 839 1471 risu
856 1451 910 1471 vos
931 1444 964 1471 et
986 1440 1146 1482 discipuli.
1189 1439 1239 1470 Tu
1265 1444 1369 1471 autem
1398 1439 1487 1480 mihi,
1509 1438 1645 1471 Axiochi
1668 1438 1728 1481 fili,

256 1494 426 1537 responde,
442 1500 545 1525 utrum
559 1504 667 1526 ornnes
682 1495 763 1526 bene
776 1505 878 1536 agere,
894 1495 954 1526 hoc
969 1499 1034 1537 est,
1044 1495 1125 1526 bene
1140 1494 1244 1526 vivere
1257 1493 1431 1535 cupiamus.
1477 1492 1532 1524 An
1545 1492 1624 1524 sorte
1639 1503 1728 1535 quae»

259 1548 319 1579 stio
346 1548 426 1586 liaec,
442 1554 476 1579 ut
501 1547 719 1585 formidabam,
735 1559 773 1579 ex
798 1558 905 1579 eorum
930 1558 1058 1579 numero
1083 1553 1142 1586 est,
1167 1558 1238 1590 quae
1262 1547 1395 1579 ridicula
1419 1547 1514 1579 sunt?
1560 1546 1728 1581 Dementia

255 1601 340 1633 enim
356 1602 490 1633 hominis
506 1607 554 1633 est
577 1602 647 1634 lraec
672 1601 748 1633 talia
770 1602 802 1633 in
827 1603 1071 1634 controversiam
1093 1603 1224 1634 trahere.
1247 1611 1319 1633 nam
1345 1601 1416 1643 quis
1435 1606 1484 1633 est
1497 1600 1657 1633 hominum
1671 1600 1727 1644 qui

256 1656 339 1687 bene
355 1656 458 1687 vivere
473 1667 538 1687 non
553 1657 686 1698 cupiat?
733 1656 812 1688 Cm.
836 1656 952 1688 Neruo.
977 1657 1074 1699 [279]
1099 1658 1154 1689 So.
1178 1655 1263 1697 Age,
1282 1661 1448 1698 postquam
1462 1656 1543 1687 bene
1556 1655 1731 1692 visere'vo-

256 1709 371 1748 lunius,
387 1719 451 1752 quo
469 1715 562 1752 pacto
579 1711 638 1742 hoc
653 1702 776 1752 assequi
796 1721 959 1752 possumus
974 1711 985 1741 ?
1031 1710 1186 1752 Nunquid
1215 1709 1242 1741 si
1266 1711 1349 1741 bona
1375 1709 1474 1742 multa
1497 1709 1589 1741 nobis
1602 1709 1726 1741 adsint?

254 1762 312 1794 An
326 1763 463 1806 ineptior
477 1770 536 1806 est,
557 1764 612 1807 qui
639 1765 678 1796 (le
698 1765 758 1796 boc
783 1765 941 1806 ambigit?
963 1770 1089 1797 constat
1107 1765 1191 1796 enim
1208 1764 1252 1795 ita
1266 1774 1346 1797 esse.
1390 1764 1467 1796 Cu.
1490 1763 1626 1796 Constat
1637 1773 1726 1796 sane.

254 1817 311 1849 So.
335 1817 428 1849 Bona
443 1828 514 1849 vero
525 1822 567 1850 'ex
579 1818 664 1850 omni
682 1830 780 1850 rerum
796 1829 910 1861 genere
925 1830 1070 1861 quaenam
1086 1819 1182 1850 sunt?
1205 1829 1245 1849 an
1262 1818 1342 1850 forte
1357 1828 1461 1861 neque
1476 1818 1507 1849 id
1522 1819 1655 1850 arduum
1677 1822 1727 1850 est

254 1869 400 1912 inventu,
415 1882 520 1913 neque
536 1873 576 1904 ab
590 1873 728 1914 eleganti
743 1873 870 1915 ingenio
886 1873 1094 1904 dubitandum
1109 1874 1120 1904 ?
1166 1873 1311 1910 Quilibet
1329 1872 1414 1903 enim
1438 1872 1557 1904 diceret
1577 1882 1644 1905 csse
1667 1873 1728 1904 bo·

254 1934 331 1955 num
347 1925 476 1956 divitem
491 1937 582 1958 esse:
607 1927 741 1958 nonne?
790 1928 867 1959 (ἔω.
891 1927 1045 1959 Maxime.
1089 1927 1146 1959 So.
1171 1925 1226 1957 An
1241 1936 1306 1957 non
1329 1931 1362 1957 et
1383 1936 1493 1958 sanum
1517 1936 1586 1958 csse
1607 1931 1640 1958 et
1654 1926 1728 1970 pul·

257 1978 380 2019 chrum,
396 1980 570 2021 ceterisque
596 1980 733 2021 corporis
756 1980 883 2011 dotibus
906 1980 990 2011 frui?
1035 1980 1112 2012 Cu.
1137 1980 1242 2012 Certe.
1286 1980 1344 2012 So.
1367 1980 1455 2017 Quin
1468 1980 1563 2011 etiam
1578 1980 1729 2012 nobilitas

256 2032 381 2073 generis
396 2037 428 2063 et
445 2033 596 2074 potentiae
613 2039 646 2064 et
660 2034 794 2065 honores
809 2034 841 2064 in
857 2044 913 2065 sua
933 2034 1049 2078 cuique
1072 2034 1212 2072 civitate,
1235 2039 1309 2064 sunt
1332 2034 1439 2065 bona?
1484 2034 1562 2066 Cu.
1586 2034 1628 2066 Et
1653 2034 1726 2068 ista.

256 2085 314 2118 So.
339 2086 420 2123 Quae
446 2092 595 2128 proeterea
625 2088 708 2119 bona
733 2089 874 2119 restant?
920 2089 954 2120 Si
985 2089 1152 2120 dixerimus
1178 2088 1428 2130 temperantiam,
1449 2086 1617 2130 justitiam,
1637 2088 1726 2120 forti-

254 2140 398 2172 tudinem
413 2152 482 2172 esse
499 2143 592 2179 bona,
608 2142 751 2184 nunquid
768 2143 876 2175 recte?
921 2143 999 2176 C111.
1022 2143 1192 2175 Dubitaret
1205 2143 1285 2174 forte
1300 2143 1467 2185 quispiam.
1509 2141 1566 2174 So.
1587 2142 1637 2174 Tu
1653 2153 1726 2175 vero

255 2194 332 2235 quid
357 2194 429 2225 ais?
474 2195 552 2228 ΟΜ.
576 2196 668 2227 Bona
693 2196 835 2237 profecto
861 2196 1010 2229 dicenda.
1055 2196 1112 2229 So.
1144 2196 1337 2238 Sapientiam
1363 2207 1434 2228 vero
1456 2206 1520 2239 quo
1547 2196 1582 2228 in
1609 2205 1724 2239 genere

254 2246 450 2279 locabimus?
485 2248 690 2286 honorumue,
717 2260 756 2281 an
781 2250 894 2281 aliter?
940 2250 1018 2282 Cu.
1042 2250 1081 2281 In
1113 2251 1265 2282 bonomm
1292 2261 1427 2293 genere..
1464 2251 1522 2283 So.
1555 2251 1649 2293 Vide,
1681 2261 1723 2284 ne

255 2301 334 2342 quid
346 2303 496 2334 bonorum
513 2303 633 2335 ratione
644 2304 749 2346 aliqua
759 2303 889 2346 dignum
901 2305 1181 2346 praetermittamus.
1226 2305 1304 2337 Cn.
1329 2305 1414 2336 Mihi
1425 2314 1500 2336 sane
1510 2304 1632 2336 nullum
1645 2315 1724 2348 pras·

254 2354 422 2388 termisisse
435 2356 588 2391 videmur.
633 2354 724 2390 Tunc
741 2360 919 2390 recordatus
934 2359 1075 2401 inquam,
1089 2359 1254 2396 Videmus-5
1274 2369 1293 2390 o
1306 2359 1425 2396 Clinia,
1440 2358 1609 2390 maximum
1623 2360 1722 2391 bono·

252 2419 320 2441 rum
337 2410 476 2442 omnium
492 2412 716 2453 postposuisse.
762 2414 849 2451 Quid
874 2413 955 2445 hoc?
979 2414 1060 2455 petit
1084 2413 1147 2444 ille.
1192 2413 1400 2450 Felicitatem,
1425 2413 1567 2455 inquam,
1590 2414 1651 2445 hoc
1673 2418 1722 2445 est

252 2473 354 2495 rerum
370 2465 626 2498 consecutionem
642 2468 682 2499 ad
699 2473 818 2505 votum,
832 2478 926 2510 quam
951 2467 1000 2499 vel
1024 2467 1247 2509 imperitissimi
1269 2467 1411 2499 homines
1433 2477 1586 2499 summum
1602 2468 1719 2500 bonum

252 2523 450 2560 nuncupant.
473 2519 556 2550 Vera
571 2520 719 2562 loqueris,
736 2522 790 2553 ait.
812 2522 903 2554 Tunc
917 2533 977 2564 ego
993 2533 1094 2554 rursus
1118 2522 1300 2564 poenitentia
1318 2526 1431 2558 motus.
1447 2522 1567 2559 Ferme,
1583 2522 1724 2564 inquam,

251 2571 358 2610 risum,
389 2583 408 2603 o
438 2572 556 2615 Clinia,
586 2575 763 2617 hospitibus
793 2577 1030 2610 concitavimus.
1087 2577 1324 2614 Quamobrem?
1380 2576 1437 2610 So.
1459 2577 1620 2614 Quoniam
1647 2586 1721 2609 eum

252 2624 434 2658 felicitatem
458 2627 492 2658 in
518 2630 731 2670 superioribus
756 2632 962 2673 posuerimus,
990 2632 1084 2663 modo
1107 2631 1219 2663 iterum
1249 2632 1361 2662 eadem
1386 2631 1427 2662 de
1453 2641 1487 2662 re
1507 2631 1722 2673 loquebamur&

253 2678 342 2716 Quid
357 2680 469 2712 istud?
515 2681 700 2715 Ridiculum
717 2695 819 2727 porro,
842 2686 928 2727 quod
951 2690 1025 2716 ante
1049 2685 1188 2727 positum
1210 2690 1269 2722 est,
1286 2694 1388 2724 rursus
1403 2693 1589 2727 proponere,
1613 2684 1723 2727 bisque

252 2733 363 2765 eadem
379 2744 551 2768 recensere.
590 2737 663 2774 Qua
678 2739 799 2771 ratione
814 2739 846 2770 id
864 2739 933 2771 ais?
970 2739 1144 2782 Sapientia,
1159 2739 1298 2781 inquam,
1311 2738 1382 2780 ipsa
1393 2736 1528 2770 felicitas
1542 2743 1612 2770 est:
1635 2739 1723 2780 quod

252 2787 380 2830 quidem
397 2799 474 2830 puer
488 2789 590 2832 quivis
613 2790 781 2835 intelligat.
828 2794 924 2831 Quod
947 2794 1001 2825 ille
1018 2799 1122 2826 tamen
1138 2794 1180 2825 ob
1204 2793 1357 2835 puerilem
1373 2792 1540 2824 ruditatem
1554 2791 1723 2824 admiratus

251 2845 311 2874 est.
327 2842 390 2873 sed
414 2853 476 2884 ego
501 2843 650 2876 affectum
675 2845 744 2887 ejus
772 2857 978 2889 cognoscens,
1005 2848 1088 2880 hunc
1115 2847 1148 2879 in
1173 2848 1300 2879 modum
1326 2846 1533 2889 interrogavi:
1555 2845 1686 2884 Nonne,
1701 2853 1721 2877 o

252 2894 369 2934 Clinia,
395 2897 492 2935 nosti,
515 2899 601 2940 quod
627 2899 720 2941 periti
746 2901 891 2934 tibicines
915 2902 1035 2945 optime
1061 2902 1201 2934 omnium
1226 2901 1378 2944 quicquid
1405 2901 1446 2932 ad
1468 2899 1614 2932 tibiarum
1629 2910 1720 2932 nsum

250 2948 399 2990 pertinet,
414 2954 671 2994 consequuntur?
716 2953 872 2988 Assensus
887 2962 945 2989 est.
991 2956 1032 2989 Et
1047 2957 1161 2989 eruditi
1176 2955 1367 2999 grammatici
1379 2955 1465 2997 quod
1476 2955 1517 2987 ad
1533 2954 1639 2987 literas
1654 2958 1720 2987 tum
