1846 3268
649 649 1234 718 CONVIVIUM.

210 960 561 998 APOLLODORUS,
584 959 854 991 FAMILIARIS
877 959 1192 1000 APOLLODORK,
1209 960 1418 999 GLAUCO,
1442 961 1689 995 ARISTODE-

261 1026 369 1068 MUS,
392 1023 636 1061 SOCRATES,
659 1023 863 1061 AGATHO,
886 1024 1128 1063 PHAEDRUS,
1152 1024 1421 1063 PAUSANIAS,
1445 1025 1606 1058 ERYXI.

375 1089 576 1129 MACHUS,
601 1088 961 1131 ARISTOPHANES,
983 1090 1195 1128 DIOTIMA,
1220 1090 1509 1123 ALCIBIADES.

214 1329 312 1372 [1⁷2]
333 1327 475 1361 Vror-ton
493 1326 570 1358 mihi
585 1326 617 1358 in
640 1326 701 1364 his,
716 1336 786 1368 quae
810 1324 932 1368 petitis,
947 1325 1024 1358 satis
1048 1325 1284 1368 praemeditatus
1306 1337 1385 1359 esse.
1406 1326 1473 1360 heri
1494 1327 1590 1368 enim,
1609 1339 1680 1361 eum

214 1383 309 1414 domo
325 1392 361 1413 ex
378 1381 511 1413 Phaiero
524 1380 556 1411 in
572 1381 679 1412 urbem
695 1380 837 1416 redirem,
849 1379 977 1421 quidam
994 1380 1068 1411 mihi
1093 1385 1187 1411 notus
1208 1391 1227 1411 a
1250 1381 1336 1423 tergo
1353 1392 1402 1412 me
1421 1380 1591 1422 aspiciens,
1605 1383 1685 1414 emi·

215 1447 273 1466 nus
289 1434 433 1467 vocavit:
458 1439 492 1465 et
513 1434 594 1465 inter
607 1434 786 1465 vocandum
804 1432 942 1474 jocatus,
959 1433 988 1464 O
1015 1433 1178 1471 Phaleree,
1194 1433 1308 1475 inquit,
1330 1434 1538 1476 Apollodore,
1552 1445 1608 1467 cur
1622 1446 1686 1467 non

214 1489 402 1531 exspectas?
448 1487 518 1530 Ego
534 1492 639 1518 autem
655 1487 848 1529 exspectavi.
890 1486 972 1518 Tum
987 1486 1039 1518 ille
1055 1499 1062 1518 :
1087 1487 1274 1524 Quaerebam
1299 1492 1329 1518 te
1352 1488 1460 1529 modo,
1471 1489 1579 1520 audire
1594 1490 1684 1531 cupi-

215 1553 285 1580 cns,
300 1542 355 1583 qui
381 1541 422 1572 de
447 1551 552 1572 amore
573 1551 730 1572 sermones
745 1540 845 1571 habiti
861 1540 981 1571 suntin
997 1551 1035 1571 ea
1051 1550 1152 1578 coeua,
1167 1541 1207 1571 ad
1230 1551 1323 1582 quarn
1345 1540 1507 1583 Agathou,
1531 1542 1686 1580 Socrates,

213 1595 397 1628 Alcibiades
422 1594 630 1636 nonnullique
655 1593 707 1626 aiii
730 1599 956 1627 convenerunt.
1017 1593 1142 1626 Retulit
1165 1594 1292 1636 quidem
1318 1594 1393 1625 mibi
1407 1600 1440 1627 et
1454 1594 1534 1626 alius
1549 1595 1689 1637 quidam,

215 1651 272 1692 qui
286 1660 305 1681 a
319 1649 470 1681 Phoenice
485 1649 630 1691 Philippi
645 1649 710 1680 filio
726 1649 901 1686 audiverat,
916 1648 1102 1690 addiditque
1129 1652 1159 1679 te
1174 1648 1264 1681 scire.
1287 1658 1392 1679 verum
1408 1648 1484 1679 nihil
1500 1648 1576 1680 certi
1591 1659 1629 1680 ea
1643 1650 1686 1681 de

217 1714 251 1735 re
265 1703 374 1735 afferre
400 1707 536 1745 poterat.
581 1702 687 1740 Quare
710 1707 744 1733 tu
768 1702 844 1734 mihi
867 1702 993 1734 reseras.
1017 1707 1072 1734 tua
1093 1702 1177 1733 enim
1204 1701 1345 1739 interest,
1362 1712 1518 1734 semones
1533 1703 1627 1735 amici
1643 1703 1690 1735 tui

218 1768 351 1789 narrare.
395 1756 435 1788 Id
461 1762 566 1788 autem
593 1756 726 1797 primurn
750 1756 848 1793 dicas,
872 1756 941 1798 ipse
964 1756 1094 1798 affuisti,
1109 1766 1181 1788 curn
1210 1755 1418 1797 disputarent,
1434 1765 1476 1786 an
1500 1757 1588 1788 non?
1631 1756 1687 1788 Re

219 1820 304 1852 vera,
317 1809 547 1851 inquam,certi
562 1809 642 1840 nibil
656 1809 798 1840 retulisse
813 1809 870 1840 tibi
890 1809 946 1840 ille
968 1809 1103 1847 videtur,
1126 1809 1150 1840 si
1180 1809 1309 1851 quidem
1324 1809 1511 1841 convenisse
1525 1809 1596 1841 illos
1608 1809 1692 1841 invi-

219 1875 290 1897 cem
312 1874 413 1905 nuper
434 1863 603 1899 exisfimas,
618 1868 654 1894 ut
678 1874 738 1905 ego
764 1863 911 1895 interesse
937 1863 1105 1905 potuerim.
1149 1862 1376 1894 Existimabam
1405 1863 1565 1905 equidem,
1589 1863 1694 1906 inquit

219 1919 286 1950 ine.
329 1917 411 1948 Tum
434 1927 493 1958 ego
512 1928 519 1948 :
543 1916 711 1948 Undenam
734 1916 818 1948 istud
841 1916 984 1948 audieras
1001 1917 1048 1948 vel
1074 1915 1298 1958 conjectabas?
1343 1916 1467 1955 Nescis,
1493 1927 1513 1948 o
1535 1916 1694 1955 Glaucon,

224 1971 331 2003 multis
348 1971 416 2012 jam
432 1970 522 2001 annis
547 1971 609 2002 huc
626 1969 826 2012 Agathonem
849 1981 914 2003 non
936 1971 1126 2003 accessisse?
1170 1970 1218 2001 Ex
1235 1981 1273 2002 eo
1289 1980 1361 2002 vero
1377 1975 1528 2012 tempore,
1541 1981 1606 2013 quo
1620 1982 1692 2003 cum

221 2025 349 2057 Socrate
360 2023 474 2056 versari
499 2024 623 2055 assidue
645 2023 739 2066 coepi,
755 2023 886 2066 ejusque
909 2029 975 2056 tum
1000 2024 1086 2056 dicta
1110 2030 1177 2055 tum
1203 2025 1287 2055 sacta
1311 2023 1495 2066 diligentius
1517 2025 1694 2066 observare,

221 2079 362 2111 nondum
379 2083 439 2110 tres
463 2078 537 2109 anni
551 2078 680 2111 fluxere.
725 2078 829 2109 Antea
846 2090 931 2120 vero,
955 2089 1147 2122 quocunque
1173 2077 1272 2120 [1⁷3]
1296 2077 1511 2119 contingebat,
1534 2079 1693 2120 oberrans,

222 2132 466 2174 existimansque
490 2131 608 2174 aliquid
630 2142 734 2174 agere,
749 2133 887 2164 omnium
913 2132 1100 2164 miserrimus
1126 2142 1233 2164 eram:
1258 2132 1389 2173 perinde
1414 2142 1451 2164 ac
1474 2137 1507 2163 tu
1524 2142 1621 2170 nunc,
1635 2132 1692 2174 qui

223 2186 389 2229 quodlibet
417 2186 573 2228 agendum
598 2196 706 2218 censes
728 2187 832 2228 potius
857 2197 950 2229 quam
978 2187 1282 2229 philosophandum.
1326 2185 1379 2218 Ne
1407 2186 1561 2224 mordeas,
1589 2187 1695 2230 inquit

221 2240 297 2272 ine:
322 2241 378 2272 sed
402 2250 465 2282 quo
489 2240 523 2270 in
552 2245 693 2282 tempore
721 2240 900 2272 convivium
927 2241 1117 2272 celebratum
1143 2245 1203 2279 est,
1219 2250 1338 2272 enarra.
1383 2239 1436 2271 Ad
1461 2240 1529 2272 haec
1553 2240 1694 2283 inquam,

223 2294 311 2325 Dum
326 2293 416 2335 pueri
430 2294 534 2325 adhuc
548 2304 697 2332 essemus,
711 2294 743 2325 in
759 2294 860 2336 primo
876 2295 1034 2337 tragoediae
1050 2295 1221 2327 certamine
1237 2293 1397 2326 victoriam
1415 2294 1587 2335 reportavit
1607 2294 1694 2337 Aga-

223 2349 321 2378 thou:
347 2346 492 2389 sequenti
507 2351 612 2378 autem
628 2346 679 2379 die
696 2347 767 2389 p‘ost
792 2348 927 2390 palmam
955 2358 1103 2390 sacraque
1120 2347 1259 2379 victoriae
1281 2347 1381 2389 gratia
1402 2347 1570 2386 celebrata,
1585 2353 1693 2389 parato

224 2400 369 2432 convivio
385 2401 556 2442 disputatio
570 2401 715 2432 instituta
732 2402 804 2434 fuit.
851 2401 966 2434 Grau.
989 2402 1134 2444 Longum
1153 2407 1236 2433 certe
1259 2401 1291 2432 id
1315 2406 1449 2442 tempus.
1471 2401 1526 2432 sed
1549 2401 1620 2444 quis
1633 2402 1692 2434 tibi

224 2453 385 2485 narravit?
406 2454 548 2496 nunquid
574 2455 643 2496 ipse
663 2455 830 2487 Socrates?
876 2455 989 2488 A12011.
1014 2455 1089 2487 Non
1115 2466 1170 2497 per
1192 2454 1327 2486 Jovem:
1351 2453 1445 2485 immo
1472 2454 1568 2493 idem,
1583 2455 1638 2497 qui
1663 2461 1696 2487 et

225 2508 382 2548 Phoenici,
395 2507 614 2540 Aristodemus
628 2509 754 2550 quidam
771 2509 1008 2552 Cydatheueus‚
1025 2509 1079 2551 qui
1102 2509 1216 2550 exiguo
1233 2518 1363 2550 corpore
1379 2514 1445 2539 erat
1457 2512 1491 2540 et
1505 2508 1598 2539 nudis
1612 2518 1695 2540 sem-

224 2572 280 2604 per
303 2562 436 2603 pedibus
459 2562 535 2592 ibat.
557 2563 700 2593 interfuit
728 2563 813 2594 enim
843 2563 1070 2606 disputationi:
1095 2563 1217 2605 quippe
1237 2562 1291 2604 qui
1315 2561 1448 2592 maxime
1473 2561 1625 2603 omnium,
1638 2562 1694 2604 qui

225 2620 300 2646 tunc
325 2620 424 2652 erant,
439 2615 612 2653 Socratem,
627 2621 663 2647 ut
686 2616 766 2649 mihi
783 2617 915 2655 videtur,
936 2621 1063 2648 amaret.
1108 2617 1196 2654 Quin
1218 2616 1311 2648 ctiam
1339 2616 1499 2648 Socratem
1525 2616 1627 2658 ipsum
1652 2616 1694 2647 de

223 2668 394 2706 nonnullum
410 2678 480 2710 quae
496 2669 549 2700 ille
565 2670 723 2711 retulerat,
737 2675 938 2712 percontatus
955 2681 1043 2710 sum3
1067 2670 1122 2712 qui
1146 2670 1176 2701 in
1201 2670 1364 2702 referendo
1388 2680 1460 2702 cum
1482 2669 1537 2700 illo
1559 2679 1695 2701 consen·

226 2723 336 2755 tiebat.
381 2721 495 2753 Grau.
520 2722 585 2754 Cur
608 2734 681 2765 ergo
707 2724 783 2756 mihi
809 2735 874 2756 non
896 2724 1012 2756 refers?
1036 2729 1112 2766 apta
1129 2723 1262 2766 quidem
1274 2723 1323 2754 via
1338 2729 1396 2761 est,
1410 2732 1480 2765 quae
1496 2723 1584 2754 ducit
1598 2723 1630 2753 in
1647 2733 1695 2754 ur·

227 2777 310 2813 bern,
331 2779 364 2807 et
378 2775 417 2818 ad
434 2775 626 2808 audiendum
649 2777 764 2820 pariter
787 2783 820 2809 et
842 2778 883 2810 ad
909 2778 1090 2810 dicendum.
1135 2777 1245 2809 Aron.
1268 2777 1321 2809 Sic
1336 2777 1443 2819 itaque
1459 2776 1692 2808 intereundum

227 2831 268 2861 de
283 2829 345 2860 inis
357 2829 451 2861 verba
474 2829 614 2861 fecimus.
637 2837 839 2874 quapropter,
867 2832 1131 2875 quemadmodum
1161 2842 1179 2862 a
1202 2831 1358 2874 principio
1384 2830 1462 2871 dixi,
1483 2829 1516 2861 in
1541 2829 1588 2860 liis
1603 2829 1694 2860 rebus

227 2885 302 2916 satis
318 2883 550 2925 praemeditatus
561 2894 638 2917 sum.
690 2886 785 2922 Quod
802 2887 826 2917 si
843 2887 952 2918 iterum
970 2886 1057 2917 vobis
1074 2885 1226 2917 recenseri
1241 2886 1308 2917 haec
1323 2884 1428 2922 vultis,
1449 2883 1558 2914 iterum
1587 2892 1694 2914 reccu-

227 2938 314 2971 sebo.
338 2947 410 2969 nam
423 2938 567 2978 quotiens
584 2938 633 2970 vel
650 2939 718 2980 ipse
736 2939 775 2971 dc
794 2939 994 2982 phiiosophia
1011 2949 1182 2971 sermonem
1200 2939 1300 2970 habeo
1316 2937 1365 2968 vc!
1390 2937 1531 2968 dicentes
1547 2935 1624 2967 alios
1639 2946 1695 2973 au·
