1846 3268
228 266 322 321 179]
800 265 1132 306 couvrvmivr.
1615 272 1690 310 401

224 382 288 404 rem
304 377 419 414 tamen,
432 375 552 403 tanturn
570 370 702 403 talemve
719 369 838 410 Deum,
853 369 957 402 nullus
984 379 1121 412 unquam
1145 380 1183 402 ex
1206 374 1253 400 tot
1279 369 1382 412 poetis
1407 370 1531 403 laudem
1555 371 1691 414 aliquam

225 427 392 469 scripserit.
414 426 501 469 atqui
515 426 540 458 si
553 426 611 464 vis,
625 425 741 467 inquit,
757 435 775 456 ο
792 424 1014 468 Eryximache,
1029 435 1181 467 quaerere,
1201 423 1344 455 invenies
1369 424 1510 466 profecto
1530 426 1694 467 Sophistas

222 482 356 513 disertos
378 481 480 513 soluta
501 480 640 511 oratione
665 479 833 511 Herculem
857 479 997 521 aliosque
1023 479 1178 515 laudasse,
1194 478 1459 520 quemadmodum
1488 479 1690 521 peritissimus

226 534 390 568 Prodicus.
413 543 600 577 quamquam
613 535 676 566 hoc
701 534 804 564 miuus
828 532 924 565 alicui
939 532 1050 563 mirum
1066 532 1164 563 videri
1179 532 1275 563 debet
1291 543 1298 563 ε
1323 532 1379 564 sed
1394 543 1454 575 ego
1469 532 1533 576 legi
1547 533 1694 575 quando-

227 600 289 633 que
304 589 454 632 sapientis
467 588 525 620 viri
547 588 671 625 librum,
686 588 719 619 in
735 599 799 630 quo
815 587 860 618 sal
876 588 915 618 ad
930 587 1030 619 victus
1045 586 1214 618 utilitatem
1230 587 1315 618 miris
1341 587 1487 618 laudibus
1502 587 1671 619 extollebat
1687 599 1695 618 ι

227 643 350 685 aliaque
365 642 459 685 hujus
475 642 596 686 generis
612 643 710 674 multa
725 642 859 684 reperire
876 641 951 673 licet
973 641 1119 672 laudibus
1144 641 1311 673 celebrata.
1357 641 1396 672 In
1411 640 1459 673 his
1475 641 1581 684 itaque
1597 642 1695 674 studi-

226 708 281 730 ose
296 698 421 735 versari,
437 697 582 729 Amorem
599 707 684 735 vero,
700 702 821 728 tantum
847 696 952 733 deum,
969 705 988 727 a
1013 695 1101 726 nullo
1128 696 1232 727 adhuc
1258 695 1289 726 in
1316 695 1401 727 hunc
1412 723 1414 726 .
1426 705 1525 738 usque
1541 697 1623 728 diem
1639 707 1697 739 pro

228 751 382 793 dignitate
397 752 528 790 laudari,
543 752 598 783 sed
612 762 712 794 usque
727 750 898 787 contemni,
912 749 964 782 cui
980 759 1044 780 non
1056 748 1270 791 gravissimum
1281 748 1428 780 videtur?
1473 749 1558 781 Mihi
1569 750 1698 792 quidem

228 804 328 837 oratio
344 805 411 837 haec
427 805 552 836 Phaedri
565 815 637 836 vera
651 805 787 836 videtur.
833 803 940 842 Quare
966 808 998 834 et
1018 803 1091 835 huic
1115 813 1228 834 munus
1249 802 1282 835 id
1305 803 1446 835 conferre
1471 804 1699 847 gratificarique

229 859 346 902 cupio:
369 863 402 891 et
423 859 528 891 Deum
555 860 639 891 hunc
663 858 809 890 honorari
836 867 854 888 a
879 857 970 890 nobis
985 858 1101 889 decens
1126 867 1194 889 esse
1220 867 1346 889 censeo.
1392 856 1488 895 Quod
1512 857 1537 888 si
1564 862 1596 890 et
1611 858 1699 889 vobis

229 914 364 951 videtur,
379 924 518 956 congrua
532 913 708 956 disputatio
726 912 806 944 inter
821 922 879 943 nos
894 910 1022 953 orietur,
1036 911 1228 943 laudandum
1253 911 1373 954 quippe
1398 911 1547 944 Amorem
1562 912 1601 944 ab
1618 922 1698 944 uno-

230 978 357 1011 quoque
373 973 509 999 nostrum
526 978 581 1010 pro
596 967 712 999 viribus
727 966 857 998 arbitror
870 966 910 997 ad
925 966 1083 997 dexteram
1097 965 1227 996 alterum
1243 965 1322 996 alios
1337 966 1487 1009 deinceps
1508 966 1576 998 aliis
1590 976 1699 998 succe-

230 1023 350 1054 dendo.
372 1022 504 1064 incipiat
518 1027 621 1053 autem
637 1022 803 1062 Phaedrus,
817 1031 888 1052 cum
904 1024 937 1052 et
953 1020 1071 1062 primus
1085 1020 1194 1051 sedeat
1208 1025 1240 1051 et
1256 1019 1350 1062 hujus
1371 1020 1412 1052 sit
1427 1020 1575 1052 sermonis
1590 1020 1702 1052 inven-

228 1082 290 1108 tor.
334 1076 414 1108 Tum
442 1077 595 1114 Socrates,
610 1076 728 1108 Nullus
755 1075 824 1112 tibi,
842 1085 861 1106 o
879 1073 1100 1117 Eryximache,
1122 1078 1321 1116 repugnaret.
1345 1085 1405 1116 ego
1431 1074 1515 1106 enim
1541 1075 1597 1117 qui
1619 1075 1700 1107 istuc

231 1141 405 1174 renuerem,
420 1142 490 1164 cum
506 1131 583 1163 nihil
601 1135 711 1173 praeter
725 1129 876 1162 amatoria
891 1129 968 1161 scire
985 1128 1153 1170 profitear?
1177 1139 1236 1160 nec
1252 1128 1345 1160 etiam
1361 1128 1511 1171 Agathon
1534 1135 1567 1161 et
1582 1129 1702 1162 Pausa-

229 1186 297 1217 nias
313 1186 570 1224 adversabuntur,
586 1190 618 1217 et
629 1185 858 1227 Aristophanes
875 1184 972 1215 multo
989 1183 1104 1221 minus,
1119 1183 1210 1225 cujus
1228 1194 1320 1214 omne
1331 1184 1467 1215 studium
1481 1183 1564 1216 circa
1572 1184 1700 1226 Diony·

231 1239 310 1271 sium
324 1240 543 1283 Veneremque
559 1245 719 1280 versatur;
743 1250 801 1271 nec
818 1238 897 1270 alius
913 1238 997 1270 ullus
1013 1248 1133 1278 eorum,
1148 1248 1227 1280 quos
1243 1248 1328 1269 nunc
1343 1238 1478 1272 intueor.
1511 1238 1701 1280 Quanquam

233 1302 297 1325 non
313 1304 403 1336 aequa
417 1305 481 1325 sors
495 1295 587 1326 nobis
603 1295 727 1336 obtigit,
743 1293 798 1336 qui
815 1293 943 1325 extremi
969 1292 1202 1323 discumbimus.
1226 1302 1298 1323 nam
1321 1292 1346 1323 si
1372 1293 1488 1333 priores
1510 1293 1587 1325 scite
1602 1294 1702 1325 abun-

234 1348 337 1390 deque
353 1349 497 1386 dixerint,
514 1353 562 1380 sat
577 1348 667 1380 nobis
683 1349 752 1380 erit.
799 1347 919 1379 Verum
941 1343 1092 1378 Phaedrus
1109 1346 1255 1377 felicibus
1271 1346 1418 1388 auspiciis
1429 1347 1496 1389 jam
1512 1346 1701 1385 exordIatur‚

233 1401 444 1444 Amoremque
469 1403 613 1434 honoret.
658 1401 716 1433 His
743 1410 863 1438 omnes,
889 1410 960 1442 quae
987 1401 1129 1431 Socrates
1155 1400 1287 1437 dixerat,
1315 1410 1485 1442 assensere,
1499 1401 1702 1444 similiterque

228 1455 402 1497 jusserunt.
426 1456 484 1498 [17
487 1457 523 1499 8]
548 1456 679 1498 Singula
691 1466 764 1487 vero
780 1455 970 1497 singulorum
983 1454 1070 1486 dicta
1084 1464 1142 1486 nec
1159 1453 1378 1486 Aristodemus
1390 1455 1537 1486 memoria
1551 1456 1678 1487 tenebat
1693 1467 1701 1494 ;

233 1520 293 1542 nec
309 1521 382 1552 ego,
395 1521 465 1553 quae
481 1510 534 1542 ille
550 1509 717 1547 recensuit,
731 1509 853 1552 singula
869 1514 975 1541 tenen.
999 1519 1105 1541 eorum
1122 1508 1216 1550 igitur
1230 1509 1403 1540 orationem
1421 1509 1509 1540 vobis
1523 1520 1608 1542 nunc
1623 1510 1703 1542 refe-

233 1574 310 1601 ram,
326 1564 380 1606 qui
394 1569 566 1595 memoratu
583 1564 680 1606 digna
702 1564 858 1595 dixerunt.
905 1562 1067 1604 Principio
1083 1562 1228 1594 dixerunt
1242 1562 1409 1594 Phaedrum
1425 1564 1509 1595 hunc
1524 1563 1557 1594 in
1574 1565 1702 1596 modum

232 1628 374 1650 exorsum
400 1618 508 1650 fuisse.
552 1618 689 1660 Magnus
716 1617 806 1649 Deus
829 1622 878 1649 est
893 1616 1001 1656 Amor,
1017 1622 1049 1648 et
1074 1617 1160 1659 apud
1185 1616 1275 1649 Deos
1300 1617 1506 1659 hominesque
1531 1617 1704 1656 mirandus,

187 1682 190 1684 ·
235 1681 305 1704 cum
323 1678 450 1715 propter
464 1673 526 1705 alia
542 1672 649 1710 multa,
667 1678 732 1704 tum
747 1671 879 1703 maxime
893 1675 1020 1714 propter
1035 1670 1104 1713 ejus
1126 1670 1289 1714 originem.
1311 1682 1382 1703 cum
1398 1671 1480 1703 enim
1496 1682 1533 1703 ex
1549 1672 1702 1714 antiquis-

236 1727 382 1759 simorum
405 1727 545 1759 Deorum
567 1737 696 1758 numero
721 1727 773 1765 sit,
787 1727 905 1758 honore
931 1726 1046 1768 dignus
1069 1731 1211 1768 apparet.
1256 1726 1295 1757 Id
1320 1730 1425 1757 autem
1452 1736 1490 1757 ex
1514 1736 1552 1757 eo
1567 1731 1702 1763 constat,

235 1782 322 1825 quod
338 1787 484 1824 parentes
500 1781 624 1813 Amoris
640 1791 658 1812 a
673 1781 761 1812 nullo
774 1780 821 1812 vel
839 1780 937 1823 poeta
953 1781 1002 1812 vel
1017 1780 1079 1812 alio
1095 1781 1206 1822 quovis
1221 1779 1369 1823 descripti
1385 1785 1469 1812 sunt.
1512 1780 1575 1812 Sed
1589 1780 1705 1812 Hesio-

239 1835 301 1866 dus
318 1834 475 1877 principio
492 1835 598 1868 Chaos
611 1836 767 1868 exstitisse
782 1835 830 1867 his
845 1835 948 1867 verbis
969 1834 1102 1867 asserit:
1128 1835 1229 1867 Terra
1252 1835 1356 1877 ampla
1378 1835 1562 1877 stabilisque
1583 1844 1704 1877 semper

237 1890 375 1922 omnium
387 1891 486 1927 sedes,
501 1894 595 1932 atque
608 1891 710 1922 Amor
720 1901 731 1923 .·
755 1894 829 1932 post
850 1889 955 1922 Chaos
970 1888 1119 1921 videlicet
1134 1899 1272 1920 asserens
1287 1889 1351 1920 duo
1365 1889 1432 1920 haec
1447 1888 1613 1931 exstitisse,
1626 1888 1703 1920 Ter·-

235 1953 301 1974 ram
316 1947 411 1986 atque
426 1943 584 1977 Amorem.
629 1943 832 1975 Parmenides
847 1947 953 1975 autem
968 1944 1009 1974 de
1039 1943 1240 1984 generatione
1265 1942 1348 1974 illius
1366 1942 1471 1984 inquit
1488 1954 1497 1976 :
1520 1944 1606 1976 Ante
1622 1944 1704 1976 Deos

235 2007 343 2031 omnes
358 1998 496 2040 primum
517 1998 688 2040 generavit
700 1998 859 2030 Amorem.
903 1996 1070 2029 Acusileus
1091 2007 1218 2039 quoque
1240 2007 1311 2029 cum
1333 1997 1474 2028 Hesiodo
1490 1997 1604 2028 sentire
1617 1997 1703 2028 vide-

237 2059 298 2084 tur.
344 2052 453 2095 Atque
479 2052 523 2084 ita
549 2052 675 2095 passim,
697 2050 846 2083 Amorem
870 2061 907 2083 ex
936 2051 1159 2093 antiquissimis
1182 2062 1261 2089 esse,
1284 2051 1477 2083 conceditur.
1523 2050 1603 2083 Cum
1630 2061 1703 2082 vero

236 2106 307 2138 talis
323 2106 374 2144 sit,
391 2107 592 2138 maximorum
614 2107 766 2138 bonorum
793 2105 885 2138 nobis
911 2111 960 2138 est
981 2116 1087 2138 causa.
1130 2106 1214 2138 Nam
1230 2106 1304 2149 quid
1321 2105 1431 2137 melius
1446 2105 1588 2137 accidere
1603 2106 1705 2148 possit

235 2159 430 2192 adolescenti
445 2171 539 2202 quam
554 2159 690 2203 optimus
699 2163 837 2200 amator-3
862 2165 917 2191 aut
926 2160 1068 2202 amatori,
1078 2171 1172 2202 quam
1185 2164 1304 2191 amatus
1320 2159 1468 2201 optimus,
1485 2169 1548 2190 non
1563 2159 1703 2191 invenio.

226 2213 313 2246 -Duo
329 2214 456 2256 quidem
471 2219 556 2258 sunt,
570 2225 642 2257 quae
657 2224 676 2245 a
697 2214 831 2257 pueritia
855 2224 911 2256 per
934 2225 1059 2245 omnem
1077 2213 1171 2245 vitam
1196 2214 1310 2246 ducere
1333 2213 1420 2244 illum
1440 2214 1569 2250 debent,
1594 2213 1649 2255 qui
1664 2213 1705 2245 sit

236 2268 383 2311 praeclare
399 2268 556 2301 victurus:
580 2268 613 2300 in
628 2269 719 2300 rebus
732 2264 882 2311 turpibus
894 2269 1094 2306 verecundis,
1110 2268 1248 2300 honestis
1265 2268 1415 2300 studium.
1438 2268 1506 2300 haec
1522 2273 1625 2299 autem
1646 2278 1703 2299 no-

235 2323 284 2357 bis
300 2333 403 2366 neque
418 2333 516 2365 genus
531 2333 632 2365 neque
647 2322 767 2354 divitiae
782 2333 886 2365 neque
900 2323 1034 2355 honores
1049 2327 1196 2365 praestare
1210 2322 1303 2354 citius
1320 2332 1357 2354 ac
1373 2321 1483 2353 melius
1498 2332 1591 2364 quam
1619 2332 1705 2353 amor

235 2382 379 2420 possunt.
401 2387 503 2420 neque
519 2378 636 2419 absque
652 2377 700 2408 his
714 2378 838 2408 duobus
853 2382 908 2408 aut
929 2377 1040 2409 civitas
1057 2387 1194 2419 unquam
1217 2382 1273 2407 aut
1298 2377 1434 2419 privatus
1451 2376 1632 2419 praeclarum
1647 2376 1704 2407 ali-

238 2430 317 2474 quid
332 2436 365 2464 et
381 2432 579 2473 magnificum
605 2431 756 2474 perficere
781 2431 906 2474 poterit.
950 2430 1065 2463 Assero
1081 2431 1228 2474 equidem
1243 2435 1424 2473 amatorem,
1440 2430 1467 2461 si
1482 2436 1570 2472 turpe
1585 2430 1703 2472 aliquid

238 2495 331 2527 agere
345 2485 393 2517 vel
410 2485 476 2527 pati
492 2485 531 2517 ab
546 2485 651 2528 aliquo
668 2497 723 2528 per
737 2486 895 2529 ignaviam
911 2497 969 2518 nec
988 2496 1161 2528 repugnare
1178 2490 1210 2517 et
1222 2484 1330 2517 ulcisci
1347 2486 1600 2527 deprehendatur
1616 2495 1670 2516 seu
1686 2495 1704 2514 a

238 2545 327 2581 patre
338 2540 404 2571 sive
420 2540 459 2571 ab
470 2539 578 2572 amicis
592 2540 658 2571 sive
674 2541 713 2571 ab
729 2540 791 2572 alio
807 2540 917 2583 quovis
932 2541 1072 2578 homine,
1088 2540 1171 2571 haud
1189 2545 1251 2571 tam
1267 2540 1465 2571 vehementer
1480 2540 1552 2581 angi
1568 2549 1662 2581 quam
1678 2539 1704 2569 si

234 2592 315 2624 forte
330 2593 369 2625 ab
385 2598 488 2625 amato
503 2594 799 2637 deprehenderetur.
844 2594 992 2626 Similiter
1015 2594 1247 2626 adolescentem
1272 2598 1347 2625 tunc
1374 2593 1505 2624 maxime
1521 2594 1703 2624 erubescere

239 2647 406 2690 cernimus,
420 2659 492 2680 cum
507 2654 626 2680 amator
639 2659 711 2681 eum
733 2654 826 2692 turpe
852 2649 930 2692 quid
946 2640 1192 2681 committentem
1209 2648 1355 2679 offendit.
1401 2647 1434 2679 Si
1450 2657 1512 2689 quo
1531 2651 1623 2689 pacto
1639 2645 1704 2676 fieri

240 2702 350 2735 civitas
365 2702 414 2733 vel
429 2702 580 2734 exercitus
595 2707 702 2744 posset
717 2703 828 2744 partim
844 2714 883 2735 ex
904 2704 966 2745 his,
986 2703 1040 2745 qui
1059 2707 1176 2740 amant,
1194 2702 1303 2744 partim
1319 2712 1358 2732 ex
1385 2701 1448 2742 his,
1470 2701 1525 2742 qui
1541 2704 1703 2738 amantur;

241 2767 335 2799 supra
348 2767 441 2799 quam
455 2755 518 2787 dici
533 2756 645 2798 possit,
660 2756 781 2788 fortiter
803 2762 931 2799 agerent
953 2757 1266 2798 administrarentque
1289 2755 1425 2798 singula,
1441 2755 1514 2785 dum
1538 2764 1593 2795 per
1618 2763 1704 2784 vere-

240 2810 388 2843 cundiam
404 2821 423 2842 a
438 2810 579 2851 turpibus
594 2809 787 2842 abstinerent
811 2816 845 2843 et
868 2812 908 2842 ad
931 2811 1075 2848 honesta,
1091 2810 1180 2853 quasi
1195 2810 1330 2853 quadam
1347 2808 1557 2845 aemulatione,
1572 2812 1704 2838 conten-

241 2865 352 2896 derent
365 2875 373 2895 ε
409 2863 506 2906 [179]
529 2863 669 2906 talesque
695 2865 838 2896 homines
868 2865 917 2897 vel
947 2866 1040 2907 pauci
1066 2875 1195 2896 numero
1226 2865 1397 2902 universos,
1427 2867 1462 2893 ut
1490 2862 1534 2892 ita
1561 2860 1704 2896 dixerim,

241 2918 382 2950 homines
410 2917 518 2960 proelio
542 2923 733 2960 superarent.
757 2924 875 2951 amator
891 2930 965 2951 sane
994 2919 1044 2951 vel
1068 2919 1208 2950 deserere
1233 2918 1372 2949 ordinem
1401 2916 1447 2947 vel
1469 2924 1551 2946 arma
1569 2914 1705 2956 abjicere

242 2968 345 3003 coram
360 2977 476 3012 amato,
489 2972 702 3005 vehementius
718 2982 811 3015 quam
834 2983 936 3006 coram
953 2972 1074 3006 cunctis
1090 2972 1157 3005 aliis
1179 2971 1359 3004 hominibus
1380 2971 1584 3002 erubesceret.
1608 2968 1703 2999 immo

330 3025 418 3058 Plat.
436 3026 492 3058 Tr.
1033 3027 1060 3059 I.
1551 3027 1568 3056 3
1594 3021 1619 3052 Ε
