1846 3268
197 255 276 293 182
663 250 888 292 INCERTI
926 252 1201 293 AUCTORIS
1564 256 1662 308 [144

196 365 281 394 reete
303 371 361 392 nos
388 359 487 403 loqui,
509 360 583 391 dum
609 359 653 391 sic
681 364 796 391 temere
820 359 1026 401 ignorantiam
1043 361 1275 403 vituperamus:
1299 361 1358 393 nisi
1383 362 1451 395 haec
1467 362 1674 405 adjiciamus,

196 426 342 459 quaenam
358 420 391 448 et
411 425 543 457 quorum
569 413 745 456 ignorantia
762 413 813 445 sit.
837 413 1023 455 quibusdam
1043 425 1177 457 namque
1193 419 1278 447 certo
1295 417 1389 447 modo
1405 416 1526 448 affectis
1548 417 1665 449 bonum

194 470 276 502 forte
291 475 338 502 est
350 469 540 512 ignorantia,
556 468 823 510 quemadmodum
840 467 910 499 aliis
925 469 1052 501 malum.
1099 469 1164 502 Ar..
1189 469 1278 508 Quid
1290 471 1334 502 ais
1347 471 1359 502 ?
1382 477 1470 503 estne
1485 472 1666 514 quicquam,

193 525 282 568 quod
295 523 391 557 alicui
410 524 697 566 quomodocunque
720 533 752 554 se
777 522 905 555 habenti
932 523 1072 566 ignorare
1093 523 1264 567 aliquando
1282 531 1406 567 praestet
1421 536 1515 568 quam
1531 536 1666 568 cognos-

194 580 288 613 cere?
331 579 388 611 So.
413 577 498 609 Mihi
513 586 588 609 sane
606 576 751 608 videtur:
776 577 833 608 tibi
860 577 997 610 minime.
1040 579 1103 611 AL.
1127 578 1202 610 Non
1223 590 1280 622 per
1305 580 1431 613 Jovem.
1475 581 1534 614 So,
1556 579 1666 612 Enim-

195 645 269 667 vero
284 643 344 665 nec
359 632 439 664 illud
455 636 486 663 te
503 631 650 664 adversus
666 637 796 664 matrem
821 636 958 674 patrasse
982 644 1121 676 unquam
1137 633 1217 666 velle
1239 633 1405 676 judicabo,
1420 635 1505 678 quod
1522 634 1666 666 Orestem

193 693 227 722 et
251 687 451 725 Alcmaeona,
465 691 498 719 et
521 686 546 718 si
570 686 625 728 qui
651 685 728 718 tales
753 687 852 728 suere,
867 687 1058 719 commisisse
1084 687 1198 719 ferunt.
1244 686 1309 721 An.
1334 689 1423 720 Bene
1448 688 1586 720 ominare
1612 698 1668 730 per

193 742 319 779 Jovem,
336 752 355 773 o
379 740 536 773 Socrates.
582 741 640 774 So.
669 740 742 772 Non
759 741 864 778 decet,
884 752 903 772 o
919 741 1116 779 Alcibiades,
1141 752 1225 779 eum,
1251 742 1306 783 qui
1327 742 1440 784 inquit,
1456 746 1488 773 te
1509 741 1594 774 nolle
1608 741 1668 773 ista

194 796 319 835 fecisse,
330 795 444 838 jubere
461 801 497 827 ut
511 796 594 827 bene
610 795 776 833 ominetur,
793 796 848 827 sed
875 795 980 838 potius
1003 795 1027 826 si
1054 796 1124 838 quis
1149 796 1303 827 contraria
1317 796 1447 829 diceret.
1493 796 1665 838 Postquam

195 851 317 884 facinus
335 856 399 882 tarn
413 850 603 882 horrendum
627 850 684 882 tibi
701 851 835 888 videtur,
850 855 886 882 ut
902 861 941 882 ne
966 851 1162 893 pronuntiari
1177 850 1305 893 quidem
1319 850 1411 883 facile
1425 851 1554 891 debeat,
1574 854 1667 892 putas

196 905 352 943 Orestem,
368 896 552 947 si'prudens
569 904 692 942 suisset,
711 910 743 936 et
768 904 845 947 quid
871 905 988 936 bonum
1013 905 1072 936 sibi
1097 906 1246 944 novisset,
1262 906 1362 937 scelus
1378 910 1500 936 tantum
1520 915 1666 936 ausurum

194 959 316 991 fuisse?
363 958 429 990 At..
452 958 528 990 Non
555 963 650 990 certe.
695 958 751 991 So.
776 958 890 1001 Neque
916 959 1024 996 alium,
1051 965 1086 990 ut
1115 959 1255 997 arbitror,
1279 958 1390 990 ullum.
1435 958 1500 990 At..
1523 957 1667 990 Nullum.

193 1014 249 1046 So.
272 1013 396 1046 Malum
412 1012 519 1055 igitur,
546 1017 582 1044 ut
598 1012 732 1050 videtur,
760 1013 937 1054 ignorantia
954 1013 1078 1055 optimi,
1104 1018 1137 1044 et
1162 1014 1247 1056 quod
1273 1012 1426 1054 optimum
1449 1018 1498 1044 est
1511 1012 1665 1054 ignorare.

194 1068 261 1102 Ax„
284 1067 369 1100 Mihi
396 1078 471 1099 sane
496 1067 629 1099 videtur.
674 1067 732 1100 So.
754 1066 872 1098 Nonne
897 1072 931 1098 et
955 1067 1019 1098 illis
1043 1073 1074 1098 et
1096 1066 1207 1099 ceteris
1232 1066 1400 1098 omnibus?
1444 1065 1510 1099 AL.
1542 1065 1667 1098 Fateor.

193 1123 250 1154 So.
275 1122 522 1155 Consideremus
545 1126 695 1164 praeterea
718 1126 750 1152 et
772 1122 836 1152 hoc
859 1121 935 1163 quid
963 1125 1147 1152 eventurum
1163 1125 1258 1158 esset,
1274 1121 1298 1152 si
1317 1120 1373 1151 tibi
1395 1130 1522 1163 quoque
1544 1120 1669 1152 adesset

193 1176 371 1219 ignorantia
395 1177 553 1219 quaedam,
577 1186 641 1219 qua
667 1174 821 1208 Periclem
846 1186 911 1207 non
939 1186 1156 1218 cognosceres,
1179 1175 1255 1207 dum
1281 1174 1452 1217 opinareris
1474 1173 1586 1206 melius
1598 1184 1667 1207 esse

192 1231 350 1264 Periclem
367 1236 432 1262 tum
449 1230 622 1262 interficere
636 1242 643 1261 ε
668 1241 704 1262 ac
719 1235 847 1272 sumpto
875 1230 981 1272 gladio
1004 1231 1044 1261 ad
1067 1230 1148 1262 fores
1164 1229 1248 1261 illius
1256 1234 1435 1272 ‘properans
1449 1229 1667 1271 interrogares,

194 1296 270 1317 num
295 1285 393 1328 [144]
414 1285 498 1317 intus
519 1285 571 1326 sit,
586 1284 695 1316 volens
717 1284 806 1315 illum
823 1285 988 1323 duntaxat,
1004 1295 1063 1316 nec
1086 1284 1182 1315 alium
1207 1293 1398 1326 quenquam,
1415 1283 1583 1315 occidere:
1607 1282 1667 1314 do-

194 1339 318 1372 mestici
340 1345 444 1371 autem
468 1339 555 1370 illum
581 1338 666 1370 intus
687 1349 754 1370 esse
781 1338 1018 1380 responderent.
1064 1337 1179 1380 Neque
1207 1342 1311 1369 tamen
1337 1336 1423 1378 dico,
1447 1341 1478 1368 te
1497 1337 1667 1379 quicquam

195 1393 378 1436 hujusmodi
391 1394 637 1436 concupiscere:
661 1394 715 1424 sed
743 1403 784 1424 an
800 1392 943 1424 videatur
968 1393 1038 1431 tibi,
1054 1393 1140 1434 quod
1164 1392 1291 1434 quidem
1312 1391 1388 1422 nihil
1405 1391 1562 1433 prohibet,
1577 1391 1668 1433 igno-

196 1449 278 1480 ranti
293 1447 369 1491 quid
386 1448 425 1479 sit
440 1448 609 1490 optimum,
623 1448 733 1479 adesse
749 1458 840 1489 posse
856 1447 1014 1478 interdum
1032 1447 1228 1487 opinionem,
1245 1452 1279 1478 ut
1289 1445 1417 1488 judices
1431 1445 1517 1488 quod
1533 1451 1582 1477 est
1597 1455 1668 1487 pes·

196 1502 321 1540 simum,
336 1512 562 1544 nonnunquam
579 1501 731 1543 optimum
747 1511 828 1533 esse.
871 1501 924 1531 An
940 1511 1004 1532 non
1020 1499 1079 1532 tibi
1095 1500 1242 1532 videtur?
1287 1501 1352 1532 At..
1376 1500 1514 1532 Omnino
1525 1500 1666 1542 quidem.

197 1557 255 1590 So.
278 1556 362 1598 Ergo
379 1556 404 1587 si
429 1557 557 1594 domum
582 1554 754 1597 ingressus,
772 1554 945 1596 vidensque
970 1554 1071 1592 illum,
1097 1554 1236 1597 opineris
1261 1555 1357 1586 alium
1373 1565 1451 1592 esse,
1473 1565 1547 1586 num
1561 1555 1665 1596 ipsum

195 1611 387 1654 perimeres?
431 1609 497 1641 An.
520 1609 595 1641 Non
612 1620 667 1651 per
680 1609 806 1647 Jovem,
823 1614 858 1640 ut
871 1609 948 1640 mihi
959 1609 1079 1641 videor.
1124 1610 1180 1642 So.
1205 1608 1281 1641 Non
1292 1610 1375 1641 enim
1388 1620 1482 1652 quem
1497 1619 1562 1642 sors
1573 1609 1667 1641 offer-

195 1671 255 1704 ret,
270 1666 326 1697 sed
341 1675 435 1708 quem
452 1669 616 1697 statueras.
641 1663 769 1694 nonne?
815 1663 879 1695 At„
902 1663 1062 1696 Profecto.
1108 1664 1165 1695 So.
1187 1663 1274 1695 Num
1289 1669 1322 1695 et
1337 1664 1362 1695 si
1385 1664 1564 1706 frequenter
1576 1664 1667 1695 inva-

195 1720 297 1758 deres,
313 1730 437 1762 semper
452 1724 556 1750 autem
572 1718 729 1760 ignorares
741 1716 907 1759 Periclem,
919 1728 1056 1760 unquam
1070 1717 1103 1748 in
1112 1728 1184 1750 eum
1196 1718 1325 1749 irrueres
1338 1717 1350 1748 ?
1394 1717 1460 1749 At„
1484 1717 1513 1748 N
1519 1727 1668 1760 unquam.

197 1775 254 1808 So‘.
277 1774 420 1806 Orestem
436 1785 509 1806 vero
533 1779 626 1816 putas
651 1782 788 1814 unquam
809 1782 919 1803 manus
933 1771 1091 1803 illaturum
1104 1772 1200 1804 fuisse
1218 1771 1320 1809 matri,
1335 1772 1438 1804 donec
1452 1782 1522 1804 eam
1539 1771 1668 1804 minime

197 1829 421 1871 cognovisset?
467 1829 533 1860 AL.
556 1827 632 1859 Non
656 1826 795 1858 arbitror.
839 1827 896 1859 So.
931 1826 1047 1869 Neque
1073 1827 1156 1859 enim
1183 1826 1248 1864 ille,
1273 1836 1471 1869 quaecunque
1495 1829 1670 1858 occurreret

197 1883 320 1921 mulier,
336 1883 392 1914 sed
408 1887 537 1914 matrem
552 1892 639 1913 suam
662 1882 816 1912 duntaxat
841 1891 953 1913 necare
977 1881 1169 1917 decreverat.
1211 1880 1274 1912 AL.
1296 1880 1379 1912 Sunt
1402 1881 1470 1912 haec
1485 1890 1567 1914 vera.
1609 1880 1666 1912 So.

195 1938 310 1980 Itaque
324 1937 503 1969 hominibus
518 1937 562 1968 sic
579 1936 712 1973 affectis,
727 1941 759 1967 et
775 1935 807 1966 in
823 1935 933 1967 iisdem
951 1934 1155 1977 opinionibus
1170 1934 1332 1977 involutis,
1343 1934 1576 1977 ignor-aretalia
1588 1944 1668 1977 prae-

195 1997 269 2024 stat.
314 1991 380 2024 AL.
405 1991 551 2023 Videtur.
597 1990 654 2023 So.
678 1988 777 2021 Vides
798 1988 878 2031 jam,
904 1989 990 2031 quod
1012 1989 1189 2032 ignorantia
1212 1990 1357 2031 quaedam
1378 1990 1556 2021 hominibus
1581 1995 1667 2022 certo

195 2046 333 2089 quodam
350 2046 445 2077 modo
461 2045 623 2087 dispositis
637 2044 754 2075 bonum
770 2044 921 2096 quiddam
944 2049 1015 2076 est:
1039 2054 1103 2075 non
1125 2049 1242 2082 autem,
1268 2051 1304 2076 ut
1326 2043 1385 2076 tibi
1401 2044 1576 2083 videbatur,
1602 2054 1666 2076 ma·

195 2101 284 2133 lum?
330 2100 398 2134 A11.
422 2099 579 2142 Apparet.
624 2098 681 2131 So.
705 2098 860 2130 Praeterea
876 2098 903 2130 si
919 2097 1063 2137 volueris,
1089 2099 1174 2141 quod
1191 2099 1342 2141 deinceps
1357 2099 1390 2130 in
1403 2099 1540 2131 medium
1555 2098 1666 2130 affere-

197 2161 249 2188 tur
263 2154 403 2187 mirabile
419 2154 519 2192 dictu,
535 2153 703 2191 discutere,
720 2153 800 2184 forte
812 2153 972 2196 probabile
984 2153 1042 2184 tibi
1056 2153 1223 2186 videbitur.
1268 2152 1334 2186 AL.
1358 2153 1444 2191 Quid
1461 2153 1559 2195 istud,
1572 2163 1592 2184 o
1607 2153 1667 2185 So-

197 2211 319 2244 crates?
363 2210 420 2242 So.
442 2209 579 2241 Videtur
592 2218 668 2240 sane
692 2212 863 2240 ceterarum
878 2207 1018 2239 omnium
1035 2208 1236 2240 scientiarum
1259 2208 1427 2251 possessio,
1446 2207 1506 2239 nisi
1519 2207 1590 2250 quis
1605 2207 1667 2240 sci-

197 2265 316 2297 entiam
333 2263 444 2307 optimi
458 2269 570 2295 nactus
591 2263 698 2301 fuerit,
720 2273 788 2294 raro
813 2262 941 2305 quidem
967 2263 1128 2304 prodesse,
1154 2263 1264 2294 obesse
1280 2262 1464 2305 plerumque
1480 2261 1528 2294 illi
1547 2261 1604 2305 qni
1626 2261 1681 2293 sit?

196 2319 380 2362 hujusmodi
395 2317 535 2351 scientiis
551 2317 711 2360 praeditus.
757 2317 810 2349 Sic
825 2322 930 2349 autem
941 2317 1117 2349 considera.
1162 2316 1279 2349 Nonne
1291 2316 1567 2349 necessariori-stibi
1580 2316 1667 2348 vide-

197 2378 259 2412 tur,
274 2384 344 2406 cum
362 2372 481 2416 aliquid
497 2372 608 2404 facturi
625 2371 674 2404 vel
698 2372 812 2404 dicturi
840 2382 958 2410 sumus,
979 2376 1124 2414 oportere
1149 2382 1207 2403 nos
1230 2372 1316 2413 prius
1335 2371 1464 2413 quidem
1480 2370 1529 2403 vel
1556 2375 1667 2413 putare

197 2438 388 2472 cognoscere
402 2429 451 2460 vel
467 2439 538 2460 vere
554 2438 755 2470 cognoscere,
781 2428 867 2470 quod
891 2427 1067 2470 promptius
1092 2437 1184 2469 agere
1209 2433 1242 2458 et
1263 2427 1351 2469 loqui
1377 2426 1552 2459 debemus?
1597 2425 1665 2460 Ax..

195 2483 280 2515 Mihi
296 2483 390 2525 plane
405 2482 538 2516 videtur.
583 2483 640 2516 So.
663 2482 739 2515 Non
754 2483 891 2514 rhetores
903 2482 1020 2524 statim,
1034 2481 1083 2514 vel
1099 2492 1170 2514 cum
1186 2482 1289 2513 sciunt
1303 2481 1478 2523 consulere,
1491 2480 1541 2514 vel
1556 2481 1667 2514 saltem

197 2537 274 2570 scire
297 2547 331 2568 se
355 2542 480 2579 putant,
502 2537 672 2569 consulunt
693 2537 784 2568 nobis
809 2536 935 2578 passim,
961 2536 982 2567 ii
1006 2536 1134 2578 quidem
1158 2537 1198 2567 de
1223 2536 1306 2567 bello
1321 2541 1354 2567 et
1370 2546 1462 2579 pace,
1477 2535 1522 2567 illi
1538 2547 1611 2568 vero
1625 2537 1668 2568 de

197 2591 352 2623 moenibus
365 2591 585 2623 construendis
605 2591 654 2622 vel
679 2592 720 2622 de
748 2591 888 2633 portibus
902 2590 1115 2633 praeparandis
1136 2590 1399 2632 muniendisque:
1424 2595 1469 2633 et,
1483 2595 1519 2622 ut
1532 2599 1668 2622 summa-

198 2646 255 2677 tim
279 2644 377 2687 [145]
402 2645 518 2682 dicam,
533 2644 683 2687 quicquid
701 2645 770 2687 ipsa
779 2644 891 2677 civitas
902 2644 968 2686 agit
982 2645 1130 2677 adversus
1144 2644 1237 2676 aliam
1250 2645 1409 2676 civitatem
1426 2645 1475 2677 vel
1490 2645 1522 2677 in
1538 2655 1572 2677 se
1586 2644 1668 2687 ipsa,

197 2699 355 2731 rhetorum
375 2698 509 2730 consilio
535 2699 680 2740 perficit?
727 2699 796 2732 Al..
821 2699 904 2731 Vera
929 2709 1044 2730 narras.
1088 2698 1146 2730 So.
1168 2699 1254 2731 Vide
1279 2704 1311 2730 et
1335 2709 1407 2741 qum
1433 2706 1617 2741 sequuntur,
1640 2698 1668 2730 si

197 2753 264 2786 fieri
279 2757 395 2796 potest.
438 2752 543 2784 Vocas
569 2753 692 2796 aliquos
718 2753 900 2795 prudentes,
922 2752 1139 2795 imprudentes
1165 2753 1266 2784 alios?
1311 2752 1376 2785 Ax„
1401 2752 1500 2784 Voco.
1544 2752 1601 2784 So.
1624 2751 1667 2783 Et

200 2808 314 2840 multos
326 2807 454 2850 quidem
471 2807 696 2850 imprudentes,
712 2808 884 2850 prudentes
900 2818 971 2840 vero
987 2808 1130 2850 paucos?
1177 2807 1242 2839 An.
1265 2807 1422 2839 Profecto.
1467 2806 1525 2839 So.
1548 2805 1667 2838 Nonne

200 2863 242 2895 ad
257 2862 376 2905 aliquid
400 2861 582 2904 respiciens,
609 2866 758 2904 utrosque
783 2862 971 2904 nuncupas?
1017 2862 1081 2894 AL.
1104 2861 1216 2894 Immo.
1262 2861 1317 2894 So.
1341 2860 1394 2892 An
1419 2870 1503 2898 eum,
1528 2859 1584 2902 qui
1607 2859 1668 2892 ista

201 2917 364 2950 consulere
386 2917 481 2959 norit,
505 2915 563 2948 nisi
580 2916 659 2948 sciat
674 2917 787 2949 docere
802 2922 904 2949 utrum
921 2915 1046 2960 melius,
1062 2923 1094 2949 et
1115 2917 1191 2959 quid
1207 2915 1330 2954 melius,
1351 2915 1535 2958 prudentem
1551 2914 1637 2947 dices
1654 2914 1667 2946 ?
