1846 3268
180 285 275 338 174]
727 281 1073 325 THEAETETUS.
1558 285 1637 324 249

172 391 301 423 ducant.
345 390 407 422 Sed
426 387 487 420 tibi
512 386 638 429 quidem
659 384 745 423 dico,
761 386 792 416 in
816 385 894 428 ipsis
914 385 1009 427 justis
1034 386 1210 428 injustisve.
1239 386 1355 419 sanctis
1373 391 1469 428 atque
1495 387 1635 428 profanis

174 444 323 475 affirmare
333 434 454 480 volent,
469 441 554 483 quod
570 439 648 471 nihil
664 449 770 471 eorum
786 445 898 481 suapte
923 444 1034 471 natura
1056 441 1260 472 substantiam
1281 440 1418 482 aliquam
1441 441 1566 478 habeat,
1579 441 1634 471 sed

172 497 330 529 communi
345 496 494 538 opinione
517 499 592 526 tunc
608 504 711 525 verum
740 493 803 530 liat,
819 494 947 535 quando
963 494 1086 526 videtur
1104 500 1137 526 et
1161 494 1311 537 quamdiu
1329 495 1464 526 videtur.
1509 493 1552 524 Et
1566 494 1636 536 qui-

173 559 297 593 cunque
313 561 376 581 non
392 550 520 581 omnino
535 557 706 580 sermonem
722 547 901 588 Protagorae
925 549 1190 590 complectuntur,
1201 549 1248 581 sic
1273 549 1409 591 quodam
1431 548 1525 579 modo
1551 547 1638 589 sapi-

173 603 469 636 entiam‘inducunt.
513 601 613 633 Nobis
628 605 746 637 autem,
762 611 780 631 ο
793 600 970 637 Theodoro,
987 611 1086 633 sermo
1107 601 1175 643 jam
1190 602 1368 644 angustiore
1386 601 1519 643 amplior
1532 601 1635 633 immi-

172 663 239 690 net.
281 658 394 689 Tuto.
419 656 472 687 An
487 666 550 687 non
574 655 667 686 otiosi
692 664 808 691 sumus,
824 665 843 685 ο
867 655 1033 686 Socrates?
1077 655 1133 686 So.
1155 655 1319 688 videmur.
1343 660 1376 687 et
1400 665 1484 697 saepe
1509 654 1599 692 alias,
1614 666 1633 685 o

169 713 264 743 beate
278 713 334 749 vir,
351 713 410 743 hoc
425 709 631 742 animadverti
655 715 688 741 et
712 719 796 740 nunc
819 709 965 746 maxime,
980 709 1067 750 quod
1092 709 1274 751 quicunque
1300 709 1356 740 diu
1376 709 1409 740 in
1435 708 1636 751 philosophia

170 766 284 797 versati
299 771 381 801 sunt,
397 775 468 796 cum
484 765 616 807 primum
637 763 828 805 judiciorum
851 768 948 795 coetus
973 763 1199 804 ingrediuntur,
1213 763 1338 795 ridiculi
1361 763 1498 794 rhetores
1513 772 1636 804 prorsus

174 825 337 862 apparent.
381 819 489 851 Tru-20.
513 819 587 856 Qua
602 818 721 849 ratione
738 827 822 848 nunc
837 817 882 847 ais
895 817 906 847 ?
950 815 1007 848 So.
1030 815 1187 847 Videntur
1201 817 1246 854 hi,
1260 817 1313 858 qui
1331 817 1363 847 in
1375 816 1505 858 judiciis
1518 821 1551 847 et
1564 816 1632 846 foro

171 873 212 904 ab
221 873 352 904 ineunte
368 877 460 903 aetate
476 871 608 904 revoluti
622 875 708 907 sunt,
724 870 764 901 ad
780 879 845 907 eos,
860 869 915 911 qui
939 869 970 899 in
997 869 1196 912 philosophia
1212 875 1244 902 et
1259 870 1441 913 hujusmodi
1455 870 1568 901 studiis
1583 880 1634 900 as-

170 926 302 958 suefacti
327 931 410 963 sunt,
425 931 460 957 ut
479 925 559 957 servi
579 925 619 956 ad
646 925 758 955 liberos
783 923 909 955 educati
924 923 1031 954 fuisse.
1074 924 1182 955 Timo.
1204 924 1278 962 Quo
1294 924 1411 966 pacto?
1456 924 1509 955 So.
1532 923 1579 954 Ex
1594 933 1634 954 eo

172 981 258 1022 quod
273 980 321 1011 his
337 980 475 1022 quidem,
491 983 526 1011 ut
540 984 574 1010 tu
586 978 725 1015 dicebas,
740 987 862 1018 semper
876 976 974 1008 otium
990 977 1091 1014 adest,
1103 978 1232 1020 otioque
1247 977 1415 1020 tranquillo
1429 977 1635 1010 confabulan-

172 1037 241 1064 tur:
265 1033 529 1074 quemadmodum
545 1037 577 1063 et
591 1042 648 1062 nos
662 1031 695 1061 in
712 1029 877 1072 praesentia
892 1030 984 1062 tertio
996 1030 1062 1071 jam
1083 1041 1256 1062 sermonem
1280 1042 1318 1063 ex
1340 1041 1481 1063 sermone
1505 1030 1634 1062 resumi·
1662 1055 1671 1059 -

172 1096 251 1118 mus.
272 1086 317 1118 sic
332 1091 365 1118 et
379 1086 436 1124 illi,
451 1086 477 1117 si
493 1085 571 1128 quid
588 1085 668 1116 ultra
682 1084 876 1126 propositam
901 1085 1120 1125 quaestioriem,
1136 1086 1221 1126 quod
1243 1085 1342 1127 magis
1365 1095 1419 1117 eos
1431 1085 1512 1116 forte
1527 1085 1633 1116 delec-

169 1143 232 1180 tet,
245 1139 404 1178 inciderit,
420 1139 682 1182 quemadmodum
699 1138 733 1169 in
748 1137 914 1179 praesentia
927 1137 1018 1168 nobis
1033 1137 1202 1180 contingit,
1217 1138 1294 1170 nihil
1309 1143 1431 1179 curant,
1443 1137 1635 1180 prolixiusne

174 1203 214 1224 an
230 1194 351 1225 brevius
366 1194 543 1235 loquantur,
558 1193 653 1223 modo
669 1191 807 1223 veritatis
823 1196 986 1233 compotes
1001 1192 1088 1223 fiant.
1133 1192 1185 1223 Illi
1200 1197 1304 1223 autem
1321 1193 1469 1234 temporis
1482 1191 1633 1233 angustiis

169 1245 205 1277 in
221 1247 379 1288 loquendo
393 1247 611 1278 sollicitantur.
634 1250 725 1287 urget
738 1245 822 1276 enim
833 1254 916 1286 aqua
927 1244 1080 1282 defluens,
1091 1255 1194 1286 neque
1207 1245 1281 1276 licet
1295 1247 1335 1277 de
1350 1246 1400 1276 his
1413 1255 1484 1287 quae
1500 1245 1635 1286 cupiunt

171 1301 266 1332 verba
279 1301 381 1332 facere
397 1313 404 1331 :
428 1301 482 1331 sed
499 1300 716 1331 necessitatem
728 1298 919 1330 adversarius
932 1298 1034 1339 affert,
1050 1299 1148 1329 libelli
1162 1299 1324 1330 formulam
1338 1299 1512 1337 adducens,
1525 1302 1637 1340 praeter

168 1363 261 1395 quam
275 1353 354 1384 nihil
376 1353 569 1392 dicendum;
590 1353 674 1394 quod
697 1351 910 1393 juramentum
935 1357 1077 1382 mutuum
1101 1358 1298 1394 nuncupant.
1342 1353 1506 1384 Sermones
1529 1356 1634 1383 autem

172 1414 294 1448 semper
308 1407 349 1438 de
363 1417 527 1444 conservo,
544 1406 584 1437 ad
598 1405 759 1437 dominum
780 1406 954 1443 sedentem,
970 1415 1064 1436 manu
1089 1405 1245 1447 judicium
1260 1407 1510 1448 sententiamque
1526 1410 1637 1437 tenen-

170 1465 246 1492 tem.
269 1461 437 1492 certamina
451 1470 578 1502 quoque
592 1470 753 1502 nunquam
769 1460 892 1496 frustm,
908 1459 962 1490 sed
979 1460 1019 1490 ad
1035 1460 1097 1491 rein
1115 1470 1255 1501 semper:
1281 1471 1364 1502 saepe
1374 1461 1467 1492 etiam
1479 1461 1520 1491 de
1531 1459 1637 1491 anima

172 1515 299 1557 vitaque
313 1515 425 1557 agitur.
472 1515 674 1556 Quapropter
689 1525 726 1544 ex
741 1513 789 1544 his
803 1514 949 1545 omnibus
973 1513 1071 1555 [1⁷3]
1095 1514 1210 1545 intenti
1226 1524 1374 1556 acresque
1389 1515 1481 1551 fiunt,
1500 1514 1635 1546 seientes

171 1568 300 1600 domiuo
325 1573 387 1599 tam
402 1568 503 1599 verbis
526 1567 647 1599 adulari
670 1577 763 1609 quam
787 1567 935 1608 operibus
957 1567 1101 1608 obsequi,
1117 1578 1180 1599 non
1208 1573 1293 1600 recto
1318 1570 1371 1600 sed
1398 1568 1515 1611 pusillo
1530 1568 1634 1599 animo

171 1623 298 1665 praediti
309 1623 464 1654 homines.
509 1621 591 1652 Nam
607 1621 704 1652 animi
720 1620 983 1663 magnitudinem,
998 1621 1216 1653 rectitudinem
1232 1628 1266 1653 et
1279 1623 1452 1654 libertatem
1473 1622 1602 1653 servitus
1617 1631 1636 1651 a

174 1676 307 1718 pueritia
320 1676 455 1713 sustulit,
467 1685 583 1717 cogens
596 1675 725 1716 obliqua
737 1684 941 1716 perversaque
955 1680 1075 1716 patrare
1087 1675 1237 1713 facinora,
1247 1677 1322 1708 dum
1334 1676 1513 1708 discrimina
1523 1684 1636 1717 magna

170 1729 418 1772 formidinesque
429 1729 578 1760 mollibus
593 1729 697 1760 adhuc
708 1727 867 1759 vincuteret
881 1727 994 1759 animis
1007 1740 1014 1759 ε
1039 1738 1110 1770 quae
1133 1729 1239 1761 omnia
1260 1741 1331 1762 cum
1347 1741 1410 1762 uon
1426 1730 1547 1772 possint
1562 1739 1634 1760 cum

169 1782 294 1824 justitia
319 1788 351 1815 et
366 1783 494 1814 veritate
517 1782 661 1824 perferre,
686 1782 850 1813 confestim
873 1781 906 1812 in
929 1782 1093 1814 mendacia
1119 1788 1303 1826 mutuasque
1329 1783 1461 1825 injurias
1480 1784 1635 1824 conversi,

172 1837 340 1868 flectuntur
354 1837 495 1878 undique
505 1841 600 1878 atque
607 1835 846 1876 confringuntur
859 1846 867 1874 ;
892 1836 972 1867 adeo
984 1840 1018 1866 ut
1033 1835 1110 1868 nihil
1124 1837 1258 1879 amplius
1269 1848 1353 1869 sanae
1363 1837 1476 1869 mentis
1485 1838 1636 1868 habentes

173 1901 211 1921 ex
234 1890 486 1922 adolescentibus
507 1890 540 1920 in
555 1890 635 1920 viros
654 1889 790 1920 evadant
811 1889 965 1920 facundos
981 1890 1214 1932 sapientesque,
1230 1895 1266 1922 ut
1280 1891 1339 1933 ipsi
1357 1896 1480 1933 putant.
1524 1889 1632 1932 Atque

172 1943 206 1974 hi
221 1944 346 1985 quidem
359 1944 440 1975 tales
455 1949 540 1980 sunt,
556 1954 577 1975 o
596 1943 773 1974 Theodore.
817 1942 925 1974 Nostri
939 1948 1043 1975 autem
1059 1944 1147 1976 chori
1161 1945 1304 1976 homines
1321 1945 1367 1976 vis
1381 1945 1568 1976 referamus?
1591 1955 1632 1975 an

173 1997 366 2029 dimittentes
382 1997 487 2039 potius
510 1997 550 2028 ad
577 2006 749 2028 sermonem
772 1997 967 2039 propositum
993 2003 1182 2029 revertamur
1196 1999 1207 2029 ?
1230 2009 1282 2036 ne,
1297 2004 1333 2030 ut
1349 1998 1444 2040 paulo
1459 2003 1532 2029 ante
1546 1997 1634 2029 dice·

170 2053 296 2089 ·bamus,
313 2051 467 2083 ¹sermonis
492 2051 634 2083 libertate
649 2050 904 2093 digressioneque
919 2051 1049 2083 nimium
1065 2052 1239 2084 abutamur.
1285 2053 1395 2084 Timo.
1417 2051 1516 2083 Nullo
1528 2051 1635 2088 modo,

172 2106 373 2145 &Socrate-³3
394 2106 450 2138 sed
473 2105 649 2136 referamus.
665 2106 766 2146 probe
788 2115 924 2147 namque
939 2106 1085 2148 dicebas,
1094 2107 1184 2148 quod
1207 2107 1239 2137 in
1260 2106 1518 2149 philosophorum
1540 2105 1635 2136 choro

172 2169 236 2191 non
252 2170 308 2191 nos
323 2169 497 2190 sermonum
513 2158 645 2190 ministri
659 2169 774 2194 sumus.
796 2159 852 2189 sed
870 2158 952 2190 servi
968 2160 1066 2191 nostri
1082 2170 1239 2191 sermones
1253 2172 1260 2191 τ
1285 2165 1317 2191 et
1333 2159 1548 2202 unusquisque
1563 2158 1636 2189 illo—

171 2222 239 2243 rum
255 2213 361 2254 perfici
376 2222 395 2243 a
410 2212 499 2243 nobis
512 2217 669 2254 expectat,
683 2213 811 2254 quando
836 2213 928 2243 nobis
944 2212 1077 2244 videtur.
1119 2213 1193 2245 'Nec
1207 2213 1291 2246 enim
1313 2213 1413 2255 judex
1427 2224 1529 2255 neque
1544 2222 1636 2254 spec·

169 2270 265 2304 tator,
295 2266 558 2308 quemadmodum
583 2266 696 2307 poetis,
725 2276 836 2298 censor
858 2266 949 2297 nobis
965 2271 998 2298 et
1024 2267 1170 2299 dominus
1200 2267 1359 2309 praesidet.
1403 2267 1460 2298 So.
1483 2267 1635 2298 Dicamus

165 2319 277 2361 igitur,
288 2325 459 2361 ‘postquam
474 2319 532 2350 tibi
545 2319 680 2357 videtur,
704 2319 744 2351 de
760 2320 807 2351 his
822 2320 877 2362 qui
888 2320 1010 2362 >egregii
1025 2326 1110 2351 sunt.
1132 2321 1209 2363 quid
1233 2321 1316 2353 enim
1332 2321 1372 2352 de
1387 2321 1448 2362 his,
1461 2321 1515 2363 qui
1530 2320 1636 2363 philo·

167 2374 292 2415 sophiae
323 2372 428 2404 studio
457 2373 638 2414 abutuntur,
667 2373 861 2405 referendum
877 2374 940 2405 sit?
985 2374 1036 2404 Illi
1064 2384 1137 2405 sane
1167 2375 1207 2405 ab
1232 2374 1364 2406 ineunte
1390 2379 1481 2406 aetate
1501 2374 1633 2415 primum

176 2427 302 2468 quidem
324 2427 406 2458 viam
427 2427 459 2458 in
475 2427 576 2458 forum
602 2427 758 2468 ignorant,
779 2438 883 2470 neque
901 2426 1058 2468 judicium
1086 2433 1141 2458 aut
1163 2428 1330 2460 consilium
1357 2433 1412 2459 aut
1436 2437 1634 2459 communem

168 2480 266 2510 ulium
278 2479 417 2511 civitatis
431 2490 609 2512 consessum
631 2486 766 2513 norunt:
792 2481 877 2523 leges
900 2486 1049 2522 praeterea
1073 2482 1262 2524 decretaque
1278 2482 1326 2514 vel
1350 2482 1438 2514 dicta
1452 2482 1500 2514 vel
1520 2481 1636 2523 scripta

173 2543 234 2564 nec
249 2533 359 2564 vident
370 2543 432 2564 >nec
447 2534 590 2567 audiunt.
635 2534 749 2565 Studia
765 2545 837 2566 vero
853 2540 885 2566 et
900 2535 1121 2567 conventicula
1140 2536 1182 2566 ad
1203 2536 1399 2577 magistratus
1412 2535 1590 2577 spectantia
1603 2540 1639 2566 et

176 2591 520 2627 congressuset‘coenas
535 2592 567 2618 et
581 2587 901 2619 lascivioravconvivia
916 2598 1019 2629 neque
1033 2588 1189 2619 somniant
1203 2589 1342 2631 quidem.
1385 2589 1543 2620 ‘Praeterea
1559 2599 1635 2620 num

174 2639 256 2671 bene
272 2647 311 2669 an
328 2639 407 2670 male
424 2639 462 2670 ¹>in
477 2639 603 2672 civitate
625 2641 695 2682 quis
723 2651 755 2672 se
770 2641 927 2679 habuerit,
943 2646 998 2673 aut
1018 2642 1044 2673 si
1064 2642 1142 2684 quid
1157 2642 1251 2674 alicui
1267 2642 1382 2674 malum
1397 2647 1456 2679 est,
1472 2642 1635 2684 turpisque

172 2697 251 2723 nota
266 2703 284 2723 a
308 2692 478 2734 majoribus
495 2692 575 2734 suis,
590 2703 644 2725 seu
665 2693 791 2726 feminis
805 2705 862 2727 seu
877 2695 963 2737 viris,
979 2695 1076 2737 magis
1097 2706 1151 2727 eos
1175 2696 1251 2727 latet
1275 2706 1369 2738 quam
1394 2696 1498 2734 maris,
1514 2701 1549 2726 ut
1570 2696 1635 2727 dici

173 2746 264 2783 solet,
292 2753 404 2778 arente.
448 2745 556 2788 Atque
581 2747 647 2779 haec
672 2748 778 2779 omnia
806 2749 900 2780 etiam
929 2749 1047 2780 nescire
1074 2760 1108 2781 se
1132 2749 1245 2782 nescit.
1264 2759 1371 2793 *neque
1394 2750 1477 2781 enim
1502 2749 1635 2791 vulgaris

173 2799 280 2841 gloriae
295 2800 394 2841 gratia
408 2799 448 2830 ab
462 2800 673 2842 hisabstinet,
688 2802 790 2834 sed²re
804 2813 876 2834 vera
886 2813 1003 2845 *corpus
1015 2803 1168 2835 drrntaxat
1181 2802 1265 2835 illius
1275 2804 1308 2834 in
1324 2804 1398 2835 urbe
1407 2804 1529 2835 habitat
1539 2808 1635 2844 atque

173 2858 330 2885 versatur:
348 2861 442 2885 ‘mens
457 2858 560 2885 autem
583 2854 650 2887 haec
673 2856 778 2888 omnia
799 2857 1010 2899 parvi,immo
1034 2857 1151 2889 nullius
1176 2858 1344 2895 aestimans,
1360 2858 1476 2899 passim
1490 2857 1588 2893 volat,
1603 2860 1638 2886 ut

173 2906 217 2937 ait
231 2906 399 2945 Pindarus,
412 2912 447 2939 et
464 2918 540 2950 quae
564 2909 622 2940 sub
638 2913 724 2941 term
746 2915 820 2942 sunt
840 2915 874 2942 et
891 2921 963 2953 quae
978 2911 1074 2953 pl'ana
1087 2911 1266 2950 dimetiens,
1282 2922 1338 2954 per
1352 2922 1423 2954 quae
1446 2909 1635 2942 astronomia

172 2959 284 2991 coelum
312 2962 544 3002 transcendens,
561 2973 686 2996 omnem
710 2970 903 3007 perscrutata
926 2965 1025 3008 [174]
1047 2970 1190 2999 naturam
1214 2977 1312 2999 rerum
1334 2965 1484 3001 omnium,
1500 2973 1570 3004 quae
1593 2962 1635 2992 ad

269 3014 356 3046 mat.
386 3015 439 3047 Tr.
930 3019 959 3051 Ι.
1494 3019 1513 3048 2
1536 3015 1553 3046 Ι

1412 3078 1420 3094 x
1427 3101 1429 3105 ι
