1846 3268
200 252 307 303 [282]
781 247 1085 290 PourchS.
1587 250 1661 290 381

204 358 315 390 cernit.
348 356 513 400 —Nunquid
526 353 773 389 carminatoriam
785 359 819 387 et
833 355 1045 386 discretorlam
1057 365 1184 397 operam
1198 356 1331 389 eandem
1346 366 1418 389 cum
1434 356 1564 388 textoria
1579 355 1666 388 corn-

206 411 410 453 putabimus?
430 410 728 451 carminatoremque
742 414 775 440 et
789 409 990 440 discretorem
1012 409 1147 440 eundem
1171 420 1242 441 cum
1265 414 1384 441 textore
1406 409 1569 441 dicemus?
1613 410 1670 443 So.

204 463 304 496 Nullo
319 466 424 498 modo.
466 463 571 495 Hose.
592 463 626 494 Si
641 462 711 504 quis
726 466 828 492 autem
845 460 1052 501 dlligentiam,
1069 471 1140 503 quae
1162 463 1295 493 stamina
1318 468 1351 494 et
1377 462 1572 504 subtegmina
1587 473 1668 504 prae-

205 523 305 559 parat,
327 517 489 550 textoriam
513 522 617 554 vocet,
641 516 752 559 procul
782 516 822 546 ab
845 514 997 556 opinione
1022 515 1183 547 hominurn
1205 522 1237 547 et
1250 516 1379 548 veritate
1401 516 1434 547 in
1460 516 1587 548 nomine
1613 517 1668 548 illo

203 571 356 603 discedet.
399 571 452 604 So.
475 571 586 603 Plane.
632 570 741 601 HosP.
764 568 936 600 Fullonum
952 573 1100 610 praeterea
1115 574 1316 611 sutorurnque
1330 580 1456 612 operam
1474 575 1574 601 utrum
1589 571 1668 602 nihil

203 626 379 657 conducere
403 626 443 656 ad
459 625 713 657 vestimentorum
736 622 969 655 confectionem
992 622 1148 654 dicimus?
1171 634 1213 654 an
1234 624 1290 655 has
1311 634 1419 656 omnes
1434 625 1582 656 textorias
1595 624 1668 656 dili-

203 678 325 720 gentias
338 679 556 721 appellamus?
602 678 657 710 So.
681 677 836 709 Neutrum
852 675 1021 707 dicendum
1031 677 1163 708 videtur.
1206 677 1311 712 Hesp,
1334 677 1547 710 Veruntamen
1558 689 1667 710 omnes

203 733 271 764 istae
284 733 325 765 de
336 733 467 765 vestium
483 733 644 765 curatione
658 742 730 763 cum
746 728 875 762 textoris
900 733 965 760 arte
977 731 1171 761 contendent
1185 741 1193 763 :
1219 741 1256 762 ac
1278 731 1444 773 plurimum
1468 732 1596 773 quidem
1622 732 1669 763 illi

204 787 299 829 hujus
313 787 416 829 operis
430 787 564 826 dabunt,
580 786 711 817 multum
728 796 855 828 quoque
866 785 923 816 sibi
933 784 1075 827 ejusdem
1090 784 1192 825 operis
1207 785 1432 818 vendicabunt.
1472 786 1528 819 So.
1554 787 1606 819 Sic
1620 793 1668 818 est

204 841 343 873 omnino.
389 841 498 873 Hosr’.
522 841 639 872 Praeter
667 840 723 871 has
752 840 927 871 existimare
956 839 1083 880 insuper
1111 843 1247 880 oportet,
1271 844 1352 871 artes
1380 839 1666 879 instrumentorum,

203 894 318 937 quibus
344 900 444 926 textor
466 894 573 931 utitur,
588 893 773 931 effectrices,
797 899 918 936 partem
939 893 999 924 sibi
1024 892 1057 923 in
1078 893 1242 924 efficienda
1266 893 1330 925 tela
1352 899 1563 936 usurpaturas.
1609 895 1668 927 So.

204 949 319 981 Probe.
364 949 473 980 Hosr.
497 948 608 980 Utrum
627 949 767 979 textoriae
786 948 946 980 facultatis
962 947 1053 984 ratio,
1068 957 1162 988 quam
1182 952 1217 977 ut
1239 952 1357 988 partem
1374 948 1535 989 elegimus,
1550 948 1664 980 suffici-

206 1007 295 1033 enter
309 1002 456 1033 distincta
471 1002 540 1038 erit,
555 1002 580 1033 si
596 1003 695 1043 ipsam
711 1002 840 1032 aliarum
859 1001 997 1033 omniurn
1011 1001 1208 1037 facultatum,
1223 1011 1295 1042 quae
1310 1001 1393 1033 circa
1409 1002 1530 1032 laneam
1546 1007 1664 1034 vestem

205 1062 374 1092 versantur,
389 1056 553 1087 maximam
580 1055 879 1098 pulcherrimamque
905 1055 1094 1086 dixerimus?
1118 1061 1172 1085 aut
1194 1055 1239 1085 ita
1253 1065 1359 1087 verum
1382 1055 1509 1098 quidem
1532 1056 1666 1093 dicetur,

205 1109 343 1150 perfecte
358 1115 461 1141 autem
474 1114 505 1141 et
522 1109 683 1141 manifeste
699 1119 910 1151 nequaquam,
926 1108 1104 1150 priusquam
1127 1109 1167 1139 ab
1191 1108 1250 1140 ista
1275 1109 1409 1151 reliquas
1424 1110 1665 1141 secreverimus?

207 1163 263 1196 So.
285 1164 336 1196 Ita
350 1169 445 1195 certe.
489 1164 597 1196 Hosoe.
621 1163 672 1194 An
693 1174 757 1194 uon
776 1164 821 1194 ita
843 1163 993 1206 deinceps
1017 1163 1174 1204 agendum
1197 1168 1255 1200 est,
1272 1169 1307 1194 ut
1327 1164 1535 1206 consequenti
1556 1165 1664 1196 ordine

205 1217 296 1248 nobis
312 1228 410 1249 sermo
426 1218 596 1259 procedat?
642 1218 693 1248 So.
716 1217 808 1248 Nihil
824 1218 980 1260 prohibet.
1026 1217 1134 1249 HosP.
1158 1217 1197 1248 In
1213 1218 1318 1259 primis
1334 1223 1414 1249 artes
1429 1219 1567 1260 geminas
1581 1218 1666 1250 circa

207 1271 312 1302 onmia
327 1282 398 1312 quae
412 1272 503 1309 flunt,
519 1272 764 1303 consideremus.
807 1272 865 1303 So.
890 1271 1003 1309 Quas?
1047 1271 1155 1303 HosP.
1182 1271 1284 1303 Unam
1301 1272 1427 1314 quidem
1444 1273 1667 1314 generationis,

207 1329 243 1355 ut
268 1325 313 1355 ita
336 1325 455 1367 loquar,
484 1336 681 1368 concausam,
695 1326 823 1357 alteram
845 1337 916 1357 vero
941 1335 1065 1357 causam
1087 1326 1199 1367 ipsam.
1243 1327 1299 1357 So.
1322 1327 1513 1364 Quomodo?
1558 1326 1669 1359 Hosr’.

207 1379 411 1421 Quaecunque
427 1390 489 1410 rem
512 1381 611 1420 ipsam
633 1391 697 1411 non
714 1380 878 1420 fabricant,
895 1381 950 1411 sed
965 1379 1190 1411 fabricantibus
1205 1391 1321 1422 organa
1336 1380 1581 1418 subministrant,
1597 1381 1667 1422 qui-

205 1433 264 1464 bus
275 1433 455 1464 absentibus
470 1434 646 1465 institutum
669 1445 749 1476 opus
765 1444 962 1476 nequaquam
979 1434 1189 1476 perficeretur,
1203 1445 1256 1466 cas
1270 1445 1455 1478 concausas,
1471 1440 1505 1466 ut
1519 1435 1563 1466 ita
1577 1435 1666 1466 dixe-

190 1474 274 1524 ⁶rim,
290 1487 508 1520 nominamus:
533 1499 584 1519 eas
608 1493 712 1520 autem
734 1488 831 1530 ipsas,
848 1499 918 1530 quae
944 1488 1156 1529 principaliter
1176 1489 1307 1526 faciunt,
1323 1499 1432 1520 causas
1458 1489 1666 1531 appellamus,

204 1541 260 1572 So.
283 1541 536 1573 Consentaneum
551 1542 586 1573 id
601 1543 740 1584 quidem.
785 1542 894 1573 Hosr‘.
916 1542 991 1573 Post
1018 1543 1084 1574 haec
1107 1548 1199 1582 artes,
1214 1553 1284 1585 quae
1306 1543 1410 1574 colum
1425 1543 1602 1585 fusumque,
1618 1555 1666 1575 ra-

205 1594 291 1625 dium
317 1599 495 1637 pectenque
520 1595 662 1627 efficiunt
691 1601 724 1627 et
746 1596 808 1628 alia
831 1596 914 1627 circa
939 1595 1070 1627 vestium
1093 1606 1220 1638 operam
1243 1596 1448 1628 instrumenta
1477 1603 1665 1638 praeparant,

206 1659 315 1680 omnes
340 1659 510 1681 concausas
536 1660 775 1691 nuncupemus:
799 1650 870 1681 illas
892 1655 1008 1686 autem,
1031 1661 1101 1691 quae
1117 1650 1301 1681 vestimenta
1323 1655 1435 1682 curant
1458 1655 1491 1682 et
1515 1651 1667 1689 efficiunt,

205 1713 326 1734 causas.
371 1703 428 1734 So.
450 1703 563 1735 Recte.
607 1704 718 1737 Hosr’.
741 1704 788 1735 Ex
804 1704 906 1735 causis
921 1714 993 1734 vero
1019 1703 1118 1745 [282]
1142 1709 1260 1746 partem
1282 1715 1363 1742 eam,
1379 1715 1449 1746 quae
1472 1705 1557 1736 lavat
1570 1711 1664 1747 atquc

203 1757 339 1794 consuit,
355 1762 388 1788 et
403 1757 480 1789 alias
494 1758 587 1799 hujus
603 1758 723 1800 generis
738 1763 908 1795 curaturas,
924 1768 994 1789 cum
1010 1758 1108 1788 multa
1123 1759 1253 1789 ornandi
1264 1759 1427 1800 diligentia
1437 1759 1487 1799 sit,
1499 1759 1669 1803 generatim

205 1810 350 1851 colligere
365 1811 458 1843 decet
472 1816 504 1842 et
525 1811 679 1842 fullonum
706 1817 801 1843 artem
825 1812 1057 1853 cognominare.
1103 1812 1158 1843 So.
1182 1812 1295 1843 Probe.
1339 1812 1446 1846 Hosr‘.
1467 1812 1545 1843 Eam
1562 1818 1666 1844 autem

205 1868 336 1905 partem,
351 1874 421 1906 quae
437 1865 599 1906 carminat,
616 1865 765 1897 discernit
776 1871 808 1897 et
823 1866 901 1903 filat,
917 1870 949 1896 et
964 1876 1071 1896 onmes
1085 1866 1168 1897 circa
1182 1866 1313 1897 vestium
1324 1866 1534 1904 effectionem,
1547 1877 1594 1897 ars
1604 1877 1667 1898 una

203 1918 452 1960 comprehendit,
468 1927 537 1958 quae
553 1920 759 1951 communiter
775 1920 945 1951 lanificium
972 1919 1158 1951 nominatur.
1205 1920 1261 1952 So.
1286 1920 1428 1957 Quidni?
1473 1920 1581 1952 Hosn.
1604 1921 1664 1951 La-

205 1971 305 2003 nificii
320 1983 412 2014 porro
427 1972 612 2014 partitiones
627 1974 710 2011 duas,
726 1979 759 2005 et
782 1979 921 2016 utraeque
946 1975 1076 2005 duarum
1102 1974 1214 2005 artium
1242 1974 1332 2005 simul
1356 1980 1457 2016 partes
1479 1979 1562 2005 sunt.
1608 1975 1666 2008 So.

205 2026 479 2063 Quemadmodum
492 2027 504 2058 ?
548 2027 657 2060 HosP.
683 2028 828 2060 Facultas
843 2029 909 2066 illa,
925 2039 997 2070 quae
1011 2028 1162 2060 carminat
1177 2034 1209 2060 et
1224 2039 1295 2070 quae
1311 2029 1436 2071 pectine
1452 2029 1588 2070 quodam
1603 2029 1665 2059 uti-

202 2086 263 2117 tur,
279 2091 316 2112 ac
338 2081 466 2112 omnino
491 2076 687 2123 quascunque
713 2088 787 2114 sunt
806 2082 979 2124 conjuncta
1005 2082 1168 2125 disjungit,
1185 2093 1256 2124 pars
1282 2082 1411 2114 lanificii
1431 2083 1553 2114 dicitur.
1576 2082 1667 2124 cujus

203 2133 344 2165 maximas
357 2141 460 2175 partes
474 2135 544 2166 duae
559 2141 643 2175 sunt,
665 2135 846 2168 discretoria
860 2147 935 2174 una,
951 2137 1047 2168 altera
1063 2137 1267 2169 concretoria.
1313 2136 1371 2168 So.
1395 2135 1447 2168 Sic
1463 2143 1511 2167 est
1525 2136 1666 2167 omnino.

203 2187 310 2221 ΗΟεΡ.
331 2187 370 2219 In
386 2199 423 2220 ea
438 2200 508 2230 quae
524 2189 683 2232 discernit,
698 2190 914 2221 carminatoria
930 2196 962 2222 et
977 2190 1060 2231 aliae,
1074 2201 1152 2232 quas
1167 2191 1260 2221 modo
1276 2189 1422 2227 diximus,
1437 2190 1602 2220 facultates
1617 2190 1665 2220 in-

204 2246 289 2272 sunt.
331 2241 415 2272 Nam
430 2253 501 2284 quae
517 2243 603 2274 lanas
616 2248 649 2275 et
673 2245 806 2275 stamina
830 2244 947 2275 dividit
963 2244 1012 2275 vel
1037 2245 1160 2286 pectine
1183 2245 1319 2286 quodam
1336 2244 1384 2275 vel
1410 2242 1562 2281 manibus,
1578 2244 1666 2275 aliter

204 2299 300 2336 atque
325 2295 413 2326 aliter
441 2296 569 2327 nomina
595 2303 720 2335 cuncta,
747 2308 818 2339 quae
847 2299 942 2329 modo
969 2298 1117 2335 diximus,
1141 2304 1190 2330 est
1209 2298 1329 2330 sortita.
1372 2298 1431 2329 So.
1455 2297 1503 2328 Ita
1530 2308 1668 2339 prorsus·

205 2347 313 2380 Hose.
336 2349 457 2382 Rursus
472 2352 661 2382 concretoris
676 2357 795 2394 partem
821 2353 910 2384 simul
936 2357 968 2384 et
992 2351 1120 2384 lanificii
1144 2353 1176 2383 in
1196 2353 1264 2394 ipsa
1286 2357 1464 2384 contentam
1491 2363 1666 2383 sumamus:

204 2412 401 2445 quascunque
416 2409 521 2435 autem
536 2405 652 2436 ibidem
669 2406 848 2437 discretoria
863 2406 1000 2443 inerant,
1015 2411 1217 2442 transeamus,
1232 2405 1401 2437 lanificium
1416 2416 1509 2436 omne
1527 2406 1666 2436 bifariam

205 2455 387 2498 partientes,
402 2457 433 2488 in
448 2459 671 2490 concretoriam
689 2464 807 2501 partem
829 2465 862 2491 et
883 2460 1107 2492 discretoriam.
1150 2461 1207 2491 So.
1230 2460 1414 2492 Partiamur.
1459 2459 1566 2492 Hosr’.
1590 2460 1666 2490 Par·

206 2513 269 2539 tem
285 2508 390 2551 itaque
405 2511 629 2543 concretoriam
653 2513 744 2544 simul
767 2519 800 2544 et
822 2513 1005 2551 lanificium,
1021 2524 1040 2544 o
1064 2514 1220 2551 Socrates,
1236 2513 1376 2545 dividere
1398 2514 1503 2554 decet,
1519 2514 1544 2545 si
1570 2514 1664 2544 modo

205 2562 396 2604 propositam
411 2564 502 2594 nobis
517 2565 643 2596 texendi
654 2570 750 2597 artem
768 2566 956 2598 sufficienter
981 2567 1244 2608 comprehendere
1254 2567 1408 2598 volumus.
1453 2567 1509 2600 So.
1533 2567 1668 2609 Oportet

204 2626 292 2648 sane.
336 2616 444 2649 Hose.
467 2616 603 2659 Oportet
617 2619 734 2661 absque
750 2620 858 2651 dubio.
902 2620 1044 2662 Ideoque
1059 2621 1211 2656 dicamus,
1226 2625 1344 2662 partem
1360 2620 1428 2662 ejus
1445 2631 1536 2652 unam
1553 2621 1584 2651 in
1598 2621 1664 2651 vol-

205 2670 309 2701 vendo
334 2670 567 2713 fiectendoque,
582 2673 709 2704 alteram
735 2674 768 2704 in
791 2674 1012 2716 complicando
1035 2675 1160 2707 versari.
1203 2675 1258 2706 So.
1276 2674 1430 2716 Nunquid
1455 2676 1522 2706 haec
1549 2675 1663 2706 teneo?

203 2723 316 2755 videris
328 2723 410 2754 eninr
427 2724 503 2755 mihi
515 2726 652 2756 staminis
667 2736 792 2767 operam
804 2727 837 2758 in
850 2728 1024 2769 torquendo
1036 2738 1162 2769 ponere.
1208 2728 1314 2761 HosP.
1337 2728 1412 2760 Non
1428 2728 1521 2769 liujus
1532 2733 1665 2764 tantum,

202 2777 258 2807 sed
273 2781 306 2807 et
317 2777 532 2818 subtegminis.
578 2778 632 2808 An
648 2779 716 2810 sine
730 2780 900 2811 retortione
914 2781 1146 2821 generationem
1160 2780 1255 2823 hujus
1268 2792 1335 2814 esse
1349 2782 1536 2824 reperiemus
1548 2782 1559 2811 ?
1605 2781 1662 2812 So.

202 2828 423 2872 Nequaquam.
469 2830 574 2864 HosP.
600 2831 751 2864 Describe
766 2834 875 2864 horum
891 2838 1060 2875 utrunque.
1081 2834 1160 2866 forte
1185 2846 1320 2877 namque
1335 2835 1503 2877 descriptio
1519 2835 1588 2865 talis
1603 2845 1662 2876 op-

206 2887 341 2924 portuna
356 2884 521 2917 videbitur.
567 2885 622 2917 So.
645 2885 778 2923 Qualis?
824 2887 932 2918 Hosr.
954 2887 1038 2920 Ecce
1062 2899 1141 2930 opus
1161 2889 1385 2927 carminatoris,
1399 2899 1470 2920 cum
1486 2888 1518 2919 in
1534 2888 1662 2929 longum

208 2935 367 2981 latumque
382 2938 583 2983 protrahitur,
595 2939 819 2986 deductionem
834 2951 992 2976 vocamus.
1037 2941 1091 2975 So.
1115 2942 1225 2987 Certe..
1265 2942 1374 2975 Hosr’.
1399 2942 1478 2975 Cum
1495 2941 1554 2984 hoc
1570 2940 1661 2973 factis
