1846 3268
165 305 262 357 376]
678 299 897 341 HIPPIAS
929 299 1126 341 MINOR.
1551 305 1627 343 169

155 409 285 441 tantiam
302 408 435 451 peccat?
480 406 563 439 Hir.
587 405 699 439 Plane.
742 405 798 438 So.
821 405 905 448 Ergo
920 405 1031 438 haecin
1046 404 1212 439 medicinae
1227 409 1291 439 arte
1308 411 1356 439 est
1378 407 1497 442 melior.
1541 408 1625 443 Hir.

154 462 282 495 Melior.
327 463 384 495 So.
405 462 485 494 Utra
495 472 568 494 vero
585 461 625 492 ad
640 460 787 492 citharam
802 460 999 502 pulsandam,
1015 461 1064 492 vel
1079 460 1234 494 inflandas
1249 461 1351 498 tibias,
1374 467 1407 493 et
1432 462 1493 493 alia
1516 462 1624 495 unius-

153 516 307 559 cujusque
332 516 404 548 artis
418 516 465 548 vel
492 515 632 547 scientiae
657 518 824 556 opera'est
843 515 1033 555 instructior,
1055 525 1161 547 noune
1189 516 1228 546 ad
1253 516 1321 547 haec
1348 521 1379 547 et
1396 517 1527 548 melior?
1551 522 1584 549 et
1598 519 1625 549 si

154 573 281 612 quando
298 575 407 612 praeter
423 576 518 602 artem
534 570 615 601 male
629 569 704 611 qnid
718 569 805 605 facit,
821 569 860 599 de
878 569 1031 599 industria
1049 569 1147 600 facit?
1171 580 1242 611 quae
1260 580 1330 600 vero
1344 570 1489 610 deterior,
1510 577 1624 613 przeter

155 625 370 656 sententiam?
416 623 497 655 Hm.
522 623 676 665 Apparet.
719 621 776 655 So.
800 622 963 653 Servorum
981 627 1085 653 autem
1109 623 1227 654 animas
1253 623 1405 665 eligemus
1431 625 1536 667 potius
1552 637 1623 668 quae

153 679 287 710 scientes
303 679 383 710 circa
398 677 602 709 ministerium
621 682 763 718 peccant,
778 687 871 717 quam
887 687 957 718 quae
972 676 1165 718 ignorantes,
1181 678 1270 720 quasi
1294 679 1334 708 ad
1357 679 1425 710 haec
1451 689 1545 720 opera
1559 691 1625 713 me-

153 733 268 765 liores?
314 733 395 764 Hu’.
419 733 512 764 Sane.
558 732 614 762 So.
638 730 784 762 Animam
800 735 1024 763 veronostram
1041 741 1147 765 nonne
1163 742 1257 773 quarn
1274 733 1423 773 optimam
1439 739 1624 775 exoptamus

153 787 265 818 habere
280 787 291 818 ?
334 787 416 819 Hm.
441 786 577 827 Nempe.
623 785 679 816 So.
702 784 755 815 An
771 795 834 815 non
850 784 960 815 melior
970 785 1039 821 erit,
1056 785 1082 815 si
1098 790 1211 827 sponte
1224 786 1306 817 mala
1319 786 1395 817 facit
1410 792 1504 829 atque
1521 788 1624 820 delin-

149 842 230 884 quit,
241 852 334 883 quam
350 841 374 871 si
391 840 518 872 nescia?
563 839 646 872 Hrr’.
671 838 775 870 Grave
790 839 824 870 id
851 843 944 875 esset,
971 850 991 870 0
1014 839 1169 877 Socrates,
1185 840 1212 871 si
1227 840 1281 882 qui
1297 846 1410 882 sponte
1425 841 1624 883 injuriantur,

151 897 294 928 meliores
310 901 413 927 essent
428 895 475 926 his
488 894 542 936 qui
557 905 621 938 non
637 899 762 936 sponte.
809 894 864 925 So.
889 893 937 924 Ex
954 893 1002 924 his
1019 899 1123 925 tamen
1139 905 1210 940 quae
1227 905 1320 936 supra
1335 895 1421 926 dicta
1437 901 1521 934 sunt,
1533 897 1624 939 sequi

151 951 282 982 videtur.
327 950 410 981 Hm.
434 949 517 981 Mihi
533 959 605 980 vero
633 958 843 989 nequaquam.
890 947 943 979 So.
966 948 1126 985 Putaram,
1149 948 1287 990 Hippia,
1308 949 1392 980 idem
1421 949 1479 981 tibi
1494 960 1622 993 quoque

150 1005 260 1037 videri.
304 1004 476 1046 Responde
498 1003 592 1045 igitur
618 1002 741 1033 iterum.
784 1001 915 1033 ,Iustitia
938 1012 1044 1033 nonne
1071 1003 1120 1033 vel
1147 1002 1292 1044 potentia
1317 1003 1462 1045 quaedam
1487 1009 1546 1040 est,
1573 1005 1623 1036 vel

150 1056 292 1098 seientia,
307 1059 354 1090 vel
381 1058 570 1100 utrumque?
595 1067 635 1087 an
658 1067 723 1087 non
746 1067 874 1088 necesse
897 1061 944 1087 est
969 1056 1089 1098 aliquid
1107 1058 1216 1088 horum
1233 1067 1300 1088 esse
1312 1054 1494 1098 justitiam?
1537 1057 1623 1100 Hir.

152 1112 302 1144 Necesse.
345 1112 401 1144 So.
422 1113 456 1143 Si
473 1110 614 1153 potentia
630 1111 774 1152 quaedani
788 1111 900 1141 animae
911 1109 1037 1152 justitia
1052 1116 1112 1152 est,
1126 1111 1287 1153 potentior
1298 1111 1402 1142 anima
1413 1111 1530 1153 justior
1541 1112 1623 1144 erit?

152 1166 261 1197 melior
272 1166 367 1202 enirn,
384 1176 402 1196 o
419 1165 464 1196 vir
478 1164 608 1206 optime,
625 1164 692 1195 haec
718 1163 789 1194 talis
813 1163 904 1194 nobis
928 1164 1088 1205 apparuit.
1133 1163 1218 1197 Hm.
1240 1163 1400 1206 Apparuit
1424 1170 1520 1198 certe.
1565 1166 1623 1199 So·

151 1220 238 1258 Quid
254 1231 326 1251 vero
343 1221 368 1251 si
380 1219 510 1251 scientia
522 1218 648 1260 justitia
664 1218 727 1248 sit?
751 1228 856 1248 nonne
882 1228 953 1259 quae
979 1217 1151 1259 sapientior
1167 1219 1282 1256 anima,
1309 1218 1364 1250 illa
1388 1218 1526 1261 justior?
1549 1230 1622 1262 qua}

148 1273 357 1315 insipientior,
379 1279 488 1305 contra
510 1272 681 1314 injustior?
727 1271 808 1303 Hu’.
843 1271 894 1302 Ita
917 1277 975 1303 est.
1019 1272 1075 1303 So.
1099 1272 1188 1309 Quid
1213 1273 1240 1303 si
1267 1274 1454 1315 utrumque?
1487 1284 1527 1304 an
1556 1284 1623 1305 non

149 1339 220 1370 qnae
236 1328 327 1359 ambo
343 1328 410 1359 haec
429 1328 535 1364 habet,
552 1326 715 1358 scientiam
731 1326 852 1358 scilicet
869 1331 902 1357 et
919 1326 1102 1368 potentiam,
1119 1326 1235 1369 justior
1249 1328 1326 1359 erit?
1348 1339 1419 1370 qua?
1435 1339 1500 1359 non
1517 1330 1624 1370 habet,

147 1381 314 1424 injustior?
337 1393 443 1413 nonne
467 1382 511 1412 ita
534 1392 598 1413 rem
625 1391 657 1412 se
682 1381 798 1412 habere
813 1381 1021 1412 necessarium
1038 1381 1110 1413 est?
1155 1381 1238 1413 ΗΠ».
1260 1382 1415 1424 Apparet.
1459 1383 1514 1414 So.
1539 1383 1623 1421 Quae

148 1447 221 1468 vero
238 1437 397 1478 potentior
410 1441 442 1467 et
456 1435 627 1478 sapientior
641 1439 700 1476 est,
711 1445 749 1466 ea
762 1435 872 1466 melior
886 1436 1032 1478 apparuit
1047 1446 1125 1473 esse,
1139 1441 1172 1467 et
1187 1436 1226 1467 ad
1251 1441 1396 1479 utraque,
1411 1442 1474 1468 tam
1490 1437 1622 1479 pulchra

149 1501 244 1532 quam
270 1491 384 1533 turpia,
408 1490 491 1522 circa
513 1490 687 1532 quamlibet
715 1490 870 1522 actionem
899 1491 1078 1532 peragenda
1103 1491 1266 1532 paratior?
1291 1491 1388 1533 [3⁷6]
1412 1491 1494 1522 Hu’.
1518 1491 1622 1523 Certe.

149 1546 206 1577 So.
228 1544 386 1582 Quotiens
397 1545 503 1587 itaque
517 1545 620 1587 turpia
632 1545 720 1581 facit¹
736 1545 844 1576 volens
859 1545 946 1582 facit,
963 1550 1091 1587 propter
1106 1550 1202 1577 artem
1223 1550 1319 1587 atque
1344 1546 1530 1587 potentiam,
1553 1546 1623 1578 haee

148 1604 266 1639 autern,
279 1599 327 1631 vel
343 1599 446 1637 ambo,
459 1599 508 1630 vel
530 1599 672 1636 alterum,
689 1600 727 1630 ad
740 1598 897 1641 justitiam
921 1600 1090 1640 pertinent.
1134 1600 1218 1631 ΗΠ».
1238 1600 1386 1633 Videtur.
1430 1600 1488 1633 So.
1513 1600 1623 1631 Enim-

149 1664 221 1685 vero
235 1653 385 1695 injuriari,
413 1654 494 1684 mala
517 1653 620 1685 facere
647 1659 721 1685 est:
745 1665 810 1684 non
836 1654 988 1696 injuriari,
1004 1655 1099 1686 bona.
1145 1654 1229 1686 ΗΠ».
1253 1653 1307 1686 Sic
1322 1658 1380 1685 est.
1424 1653 1479 1686 So.
1504 1653 1622 1686 Nonne

148 1717 222 1749 ergo
237 1707 395 1749 potentior
409 1718 445 1739 ac
461 1707 570 1738 melior
585 1707 701 1746 anima,
717 1709 863 1750 quotiens
895 1708 1012 1750 injuste
1037 1713 1121 1750 aget,
1147 1712 1260 1750 sponte
1286 1707 1381 1749 aget?
1406 1718 1501 1749 prava
1516 1714 1623 1740 autem

147 1761 279 1792 eontra?
325 1761 408 1794 ΗΠ».
431 1760 588 1802 Apparet.
632 1760 690 1792 SO.
714 1760 832 1792 Nonne
855 1761 900 1792 vir
917 1762 1028 1803 bonus,
1058 1762 1115 1803 qui
1130 1762 1267 1793 animam
1282 1763 1377 1794 habet
1394 1763 1531 1794 bonam?
1555 1773 1623 1794 ma-

148 1816 196 1847 lus
219 1821 339 1851 contra,
361 1815 417 1857 qui
442 1815 580 1846 malam?
625 1814 709 1846 Hir.
734 1814 863 1856 Absque
891 1815 1001 1846 dubio.
1046 1816 1103 1847 So.
1127 1816 1340 1853 Quamobrem
1374 1815 1448 1847 boni
1476 1816 1532 1847 viri
1561 1822 1622 1855 est,

150 1875 264 1912 sponte
279 1869 419 1911 injuriari
434 1880 442 1900 z
464 1869 539 1900 mali
554 1874 660 1899 autem
672 1879 734 1899 non
755 1874 870 1910 sponte
888 1881 895 1899 :
920 1869 1076 1910 siquidem
1093 1870 1194 1900 bonus
1211 1869 1256 1900 vir
1277 1869 1412 1900 animam
1436 1870 1550 1901 bonam
1566 1871 1623 1902 ha-

146 1925 213 1957 bet.
257 1924 339 1955 Hu’.
362 1923 467 1954 Habet
482 1923 620 1965 quidem.
666 1923 723 1954 So.
746 1922 780 1954 Si
805 1923 875 1964 quis
901 1928 949 1954 est
973 1923 1070 1964 igitur
1094 1923 1255 1954 hominum
1270 1924 1324 1966 qui
1347 1928 1461 1966 sponte
1489 1925 1624 1962 aberret,

146 1978 312 2021 turpiaque
328 1983 360 2010 et
374 1977 491 2019 injusta
507 1977 693 2015 committat,
708 1977 792 2008 haud
809 1977 889 2008 alius
915 1982 975 2015 est,
1002 1988 1021 2008 o
1043 1976 1179 2019 Hippia,
1204 1988 1298 2019 quam
1314 1978 1360 2009 vir
1382 1979 1492 2010 bonus.
1538 1978 1622 2011 Hu’.

149 2033 331 2065 Concedere
346 2032 403 2063 tibi
419 2032 478 2063 Ista
492 2043 558 2063 non
584 2042 727 2074 possum,
750 2042 769 2062 ο
797 2031 952 2063 Socrates.
998 2031 1056 2063 So.
1079 2031 1195 2073 Neque
1219 2043 1279 2074 ego
1295 2032 1364 2074 ipse
1380 2033 1468 2069 mihi,
1485 2033 1621 2075 Hippia.

146 2092 349 2119 veruntamen
365 2098 403 2118 ex
428 2087 581 2129 superiori
604 2097 746 2118 sermone
772 2097 900 2118 necesse
925 2091 974 2118 est
998 2086 1031 2117 in
1058 2087 1225 2127 praesentia
1248 2087 1338 2117 nobis
1362 2085 1407 2118 ita
1422 2087 1531 2119 videri.
1576 2088 1623 2118 At

145 2152 231 2178 vero,
246 2147 282 2172 ut
297 2151 389 2183 supra
403 2141 558 2178 dicebam,
574 2141 656 2173 circa
670 2141 738 2173 haec
753 2152 875 2183 semper
889 2151 1008 2172 sursum
1023 2141 1207 2173 deorsumve
1222 2141 1375 2178 revolvor,
1390 2139 1493 2172 necin
1507 2141 1620 2172 eadem

146 2196 277 2237 persisto
293 2195 460 2228 sententia.
504 2195 619 2238 Neque
634 2195 747 2227 mirum
762 2202 822 2234 est,
833 2207 883 2228 me
895 2195 1051 2237 rudesque
1065 2195 1144 2226 alios
1158 2195 1198 2226 ad
1211 2195 1365 2226 contraria
1384 2195 1620 2236 circumvagari,

145 2250 171 2281 si
187 2254 219 2281 et
233 2249 389 2291 sapientes
403 2260 459 2281 vos
474 2250 633 2283 oberretis.
682 2249 723 2282 Id
739 2255 844 2283 autem
859 2250 949 2283 uobis
964 2260 1058 2292 grave
1083 2249 1210 2288 malum,
1237 2249 1262 2281 si
1277 2259 1380 2292 neque
1396 2249 1491 2281 etium
1506 2249 1547 2280 ad
1565 2259 1620 2281 vos

145 2303 278 2346 profecti
293 2314 392 2335 errare
406 2314 576 2337 cessemus.

218 3070 303 3102 Piae.
321 3070 375 3102 Tr.
923 3073 951 3108 1.
1103 3053 1107 3058 ’
1450 3071 1482 3104 Y
