1832 3256
184 218 281 270 24⁷]
761 211 1049 255 PHAEDRUS.
1597 221 1613 258 1
1626 221 1641 258 1

181 324 299 366 aliquo,
320 333 364 354 ex
387 321 542 364 principio
568 320 678 363 utique
703 328 767 351 non
793 319 933 350 oriretur.
979 318 1059 351 Cum
1085 327 1169 350 vero>
1184 319 1224 350 sit
1245 319 1362 361 absque
1385 324 1466 359 ortu,
1481 325 1514 353 et
1528 322 1644 364 absque

180 378 308 410 interitu
321 377 362 408 sit
375 384 503 408 necesse
518 380 577 407 est.
613 384 686 406 nam
701 373 727 405 si
742 373 930 415 principium
943 373 1095 411 interiret,
1107 382 1210 417 neque
1225 373 1328 414 ipsum
1345 384 1381 405 ex
1397 374 1474 417 alio,
1484 383 1589 418 'neque
1607 388 1646 408 ex

180 431 251 473 ipso
266 431 353 462 aliud
377 434 573 461 nasceretur:
597 429 751 471 siquidem
781 438 819 459 ex
846 427 1002 469 principio
1028 426 1135 458 omnia
1160 427 1299 458 oriantur
1318 433 1452 469 oportet.
1496 429 1548 461 Sic
1571 440 1644 472 ergo

178 484 368 527 principium
381 489 485 515 motus
499 487 558 521 est,
573 483 658 524 quod
682 483 818 524 seipsum
833 486 949 514 movet.
995 482 1055 513 hoc
1081 486 1185 513 autem
1205 491 1309 523 neque
1327 482 1409 513 'mori
1434 492 1541 525 neque
1554 485 1642 517 nasci

179 543 295 580 potest.
317 538 457 580 alioquin
474 547 566 569 omne
579 537 703 574 coelum,
719 536 881 578 omnisque
896 536 1056 578 generatio
1071 535 1219 568 concidat
1239 535 1425 579 desinatque
1440 547 1568 569 necesse
1583 543 1644 577 est,

179 601 282 634 neque
292 601 394 623 rursus
409 601 546 633 unquam
561 595 703 623 constare
718 589 828 632 possit,
839 590 924 621 unde
934 591 1003 622 haec
1017 594 1134 621 motum
1151 594 1245 621 nacta
1260 590 1408 622 oriantur.
1453 591 1533 623 Cum
1547 591 1645 633 igitur

179 650 340 687 appareat,
363 645 536 676 immortale
558 655 641 683 esse,
664 645 750 687 quod
776 654 809 675 se
832 643 935 686 ipsum
958 649 1075 682 movet,
1095 644 1207 675 animae
1226 644 1430 675 substantiam
1446 650 1478 676 et
1491 645 1643 677 rationem

178 700 259 730 hanc
274 700 373 740 ipsam
387 699 442 741 qui
456 699 582 735 dixerit,
597 709 661 729 non
676 699 848 732 erubescet.
893 708 986 730 omne
1000 698 1085 729 enim
1100 708 1225 740 corpus,
1251 697 1303 730 cui
1327 703 1431 730 motus
1452 700 1643 732 extrinsecus

177 753 304 794 incidit,
325 752 462 784 inanime
476 758 546 785 est:
570 752 622 784 cui
636 763 708 783 vero
720 753 804 784 intus
819 763 858 783 ex
880 761 913 784 se
930 753 999 794 ipso
1022 753 1055 784 id
1078 752 1170 789 inest,
1194 753 1376 790 animatum,
1400 743 1548 795 tanquam
1572 754 1641 786 haec

178 807 289 838 animae
304 812 414 838 natura
428 807 478 838 sit.
506 807 591 849 quod
604 807 629 837 si
644 807 688 837 ita
702 810 760 843 est,
777 805 873 849 [246]
891 811 927 838 ut
937 816 1003 838 non
1020 807 1059 838 sit
1074 807 1159 838 aliud
1174 807 1358 849 quidquam,
1375 808 1462 849 quod
1482 818 1515 839 se
1538 807 1642 850 ipsum

178 865 314 902 moveat,
329 865 441 902 praeter
466 861 612 897 animam,
635 861 809 891 necessario
825 860 966 902 ingenita
981 865 1014 892 et
1027 860 1207 891 immortalis
1222 866 1270 892 est
1285 862 1398 892 anima.
1441 861 1495 893 De
1515 861 1641 893 immor-

177 914 297 946 talitate
311 915 422 945 animae
438 915 511 946 satis
526 919 574 946 est
588 914 720 946 dictum.
766 914 819 946 De
831 915 903 946 idea
914 925 987 946 vero
999 915 1096 957 ipsius
1107 915 1139 946 in
1150 916 1234 946 hunc
1250 916 1377 947 modum
1394 920 1442 946 est
1456 914 1644 947 dicendum.

177 968 280 1004 Quale
295 968 328 998 id
343 969 471 999 omnino
492 969 543 1006 sit,
568 969 685 1000 divinae
706 969 833 1011 penitus
857 969 1048 1012 prolixaeque
1069 969 1254 1000 narrationis
1278 969 1378 1000 soret:
1407 969 1641 1001 similitudinem

174 1031 248 1052 vero
271 1021 341 1063 ejus
366 1023 523 1064 quandam
548 1023 732 1059 describere,
757 1023 902 1054 humanas
926 1027 959 1054 et
980 1023 1158 1054 brevioris·
1183 1024 1244 1054 hoc
1267 1023 1363 1064 igitur
1382 1024 1475 1054 modo
1489 1024 1643 1056 dicamus.

176 1075 289 1106 Similis
311 1081 379 1107 esto
393 1081 536 1117 cognatae
555 1076 708 1118 potentiae
728 1076 860 1108 subalati
880 1087 985 1108 currus
1005 1082 1038 1108 et
1058 1076 1184 1118 aurigae.
1228 1076 1369 1108 Deorum
1385 1077 1461 1118 equi
1476 1081 1508 1107 et
1522 1076 1640 1119 aurigae

176 1139 284 1160 omnes
298 1130 374 1161 boni
387 1134 470 1167 sunt,
487 1135 581 1172 utque
595 1141 633 1161 ex
649 1130 739 1161 bonis
752 1141 760 1160 :
785 1131 915 1161 aliorum
930 1141 1014 1171 vero,
1029 1131 1184 1172 permixti.
1227 1130 1387 1171 Principio
1403 1131 1530 1171 quidem
1541 1131 1643 1164 nostri

175 1184 320 1225 princeps
335 1185 421 1226 bigas
436 1185 565 1215 habenis
581 1185 780 1215 moderatur:
804 1185 919 1215 deinde
942 1194 1091 1227 equorum
1115 1184 1192 1215 alter
1207 1185 1316 1215 *bonus
1338 1189 1371 1215 et
1386 1184 1530 1226 pulcher,
1546 1190 1578 1216 et
1600 1197 1639 1218 ex

173 1238 308 1278 talibus3
333 1238 410 1268 alter
422 1237 604 1275 contrarius,
620 1242 653 1268 et
675 1248 714 1268 ex
739 1238 912 1271 contrariis.
956 1249 1020 1280 quo
1039 1238 1088 1276 fit,
1113 1242 1147 1269 ut
1160 1239 1238 1269 dura
1261 1243 1294 1269 et
1316 1238 1450 1269 difficilis
1464 1239 1640 1271 necessario

174 1293 214 1323 sit
228 1292 382 1334 aurigatio
396 1297 511 1324 nostra.
557 1291 630 1328 Qua
646 1301 719 1322 vero
734 1291 855 1323 ratione
869 1292 998 1323 mortale
1014 1297 1046 1323 et
1054 1292 1228 1323 immortale
1244 1292 1359 1323 animal
1371 1291 1564 1334 appellatum
1580 1297 1641 1335 est,

171 1347 348 1379 conandum
364 1350 412 1377 est
435 1345 552 1378 dicere.
596 1345 710 1376 Omnis
726 1345 830 1376 anima
845 1346 942 1377 totius
965 1345 1131 1377 inanimati
1146 1357 1250 1378 curam
1267 1346 1376 1387 habet,
1391 1350 1554 1387 totumque
1570 1356 1640 1388 per-

173 1400 269 1433 currit
290 1399 417 1436 coelum,
442 1399 518 1429 alias
541 1398 690 1430 videlicet
717 1398 794 1430 alias
821 1399 929 1430 sortita
944 1400 1076 1442 species.
1121 1400 1267 1432 Perfecta
1281 1400 1409 1442 quidem
1433 1400 1508 1430 dum
1525 1404 1584 1431 est
1606 1404 1640 1431 et

173 1455 268 1496 alata,
293 1453 432 1485 sublimis
456 1453 587 1490 incedit,
613 1463 650 1484 ac
674 1457 774 1484 totum
800 1454 953 1495 gubernat
980 1455 1151 1486 mundum:
1175 1454 1226 1486 cui
1252 1464 1325 1485 vero
1353 1453 1411 1485 alae
1440 1453 1640 1496 defluxerint,

171 1508 278 1545 fertur,
308 1507 411 1549 quoad
442 1507 575 1538 solidum
605 1507 725 1549 aliquid
754 1508 996 1549 apprehenderit
1010 1520 1018 1539 ι
1051 1508 1106 1540 ubi
1133 1508 1346 1540 habitaculum
1376 1507 1494 1545 sortita,
1524 1517 1637 1549 corpus

171 1566 325 1592 terrenum
341 1560 483 1602 suscipit,
500 1570 567 1592 sese
581 1571 705 1592 movere
721 1571 875 1603 apparens
891 1567 1018 1604 propter
1030 1561 1114 1593 iilius
1126 1562 1298 1604 potentiam
1315 1573 1324 1594 ε
1342 1562 1519 1604 animalque
1535 1566 1637 1592 totum

172 1619 313 1655 vocatur,
343 1614 447 1646 anima
470 1614 560 1645 simul
584 1625 761 1657 corpusque
787 1620 999 1658 compactum,
1025 1621 1057 1648 et
1086 1616 1215 1647 mortale
1244 1616 1359 1647 animal
1388 1615 1638 1657 cognominatur.

171 1668 350 1700 Immortale
365 1673 469 1700 autem
486 1679 524 1700 ex
540 1669 627 1699 nulla
642 1668 762 1700 ratione
776 1669 915 1701 discursu
932 1675 1092 1712 percepta,
1108 1671 1162 1701 sed
1179 1679 1250 1712 quae
1264 1669 1413 1711 fingitur:
1428 1669 1549 1711 quippe
1563 1680 1636 1701 cum

171 1732 275 1765 neque
299 1722 478 1764 viderimus,
501 1732 604 1764 neque
627 1722 700 1753 satis
724 1723 966 1755 intellexerimus
991 1723 1109 1761 Deum,
1135 1724 1308 1755 immortale
1332 1724 1493 1765 quoddam
1506 1723 1636 1766 animal,

171 1777 288 1807 habens
303 1776 593 1820 quidem-animam,
608 1777 727 1808 habens
747 1778 840 1808 etiam
856 1788 981 1819 corpus,
1005 1778 1186 1810 naturaliter
1207 1788 1300 1809 omne
1314 1783 1439 1819 tempus
1454 1777 1638 1819 conjuncta.

169 1829 231 1861 Sed
247 1830 314 1860 haec
324 1829 404 1871 jam,
417 1830 464 1861 uti
477 1829 550 1861 Deo
579 1831 694 1873 placet,
709 1831 754 1863 ita
769 1842 802 1863 se
817 1833 954 1864 habeant
977 1838 1009 1864 et
1029 1833 1185 1866 dicantur.
1227 1832 1290 1864 Per
1302 1842 1397 1874 quam
1420 1842 1494 1863 vero
1509 1841 1636 1864 causam

170 1884 228 1915 aiae
243 1883 441 1926 abjiciantur,
466 1885 680 1927 decidantque
705 1886 745 1917 ab
768 1886 883 1924 anima,
910 1897 995 1918 nunc
1021 1887 1175 1920 dicamus.
1198 1891 1246 1919 est
1260 1891 1364 1918 autem
1380 1886 1451 1917 talis
1476 1887 1634 1928 quaedam.

169 1938 329 1970 Naturalis
342 1938 459 1969 alarum
475 1938 520 1970 vis
536 1944 595 1976 est,
611 1949 702 1981 grave
716 1940 750 1971 in
765 1940 897 1972 sublime
923 1941 1076 1979 attollere,
1099 1941 1153 1973 ubi
1175 1940 1315 1972 Deorum
1341 1939 1498 1971 inhabitat
1524 1949 1636 1982 genus.

170 1987 319 2024 omnium
346 2003 432 2034 vero,
461 2001 532 2035 quae
568 1998 642 2025 sunt
673 1994 757 2026 circa
786 2005 911 2037 corpus,
942 1996 1075 2027 maxime
1104 1995 1263 2038 particeps
1292 1994 1393 2025 divini
1422 1998 1471 2025 est
1498 1994 1632 2025 animus.

165 2046 319 2078 Divinum
345 2051 448 2079 autem
475 2048 650 2090 pulchrum,
675 2049 812 2092 sapiens,
838 2051 968 2088 bonum,
991 2055 1025 2082 et
1050 2050 1206 2093 quidquid
1223 2049 1296 2081 ³tale
1321 2049 1386 2080 dici
1408 2052 1524 2090 potest.
1570 2047 1632 2079 His

167 2102 275 2144 utique
288 2101 382 2133 alitur
396 2102 529 2134 maxime
543 2107 735 2146 augeturque
749 2104 820 2147 ipsa
836 2105 931 2136 alatio
943 2105 1039 2137 animi
1054 2117 1062 2137 ε
1078 2096 1291 2147 ῒιιτρίειιῒέω,
1303 2108 1336 2135 et
1347 2103 1444 2144 malo,
1457 2101 1633 2135 contrariis-

167 2166 229 2198 que
244 2155 423 2198 hujusmodi
438 2157 546 2188 deficit
560 2162 654 2199 atque
674 2158 791 2192 interit.
834 2159 977 2202 Magnus
992 2159 1103 2202 utique
1118 2160 1182 2190 dux
1193 2159 1228 2190 in
1254 2157 1334 2190 coelo
1355 2156 1515 2199 Juppiter,
1530 2155 1632 2187 citans

165 2210 282 2240 alatum
296 2218 430 2248 currum,
445 2210 562 2251 primus
575 2211 708 2249 incedit,
722 2222 874 2244 exornans
890 2211 1017 2255 cuncta,
1032 2213 1226 2255 provideque
1240 2211 1423 2252 disponens.
1467 2209 1564 2241 Hunc
1579 2219 1630 2240 se·

164 2263 270 2306 quitur
282 2263 423 2294 Deorum
438 2263 693 2306 Daemonumque
708 2266 874 2304 exercitus,
889 2276 946 2308 per
959 2266 1108 2297 undecim
1125 2270 1229 2307 partes
1244 2263 1416 2295 ordinatus.
1461 2263 1631 2294 Permanet

165 2321 270 2348 autem
289 2316 389 2348 Vesta
408 2316 443 2347 in
463 2316 605 2348 Deorum
627 2318 696 2349 rede
718 2319 806 2349 solas
839 2318 939 2360 [247]
985 2319 1118 2350 aliorum
1138 2327 1213 2348 vero
1234 2317 1583 2358 Deorum-quicunque
1594 2316 1631 2347 in

165 2370 334 2402 duodecim
348 2379 477 2401 numero
492 2375 669 2408 censentur,
681 2371 804 2403 ducunt
818 2381 875 2413 per
888 2371 1040 2409 ordinem,
1056 2371 1190 2414 quilibet
1202 2376 1239 2402 ut
1251 2370 1384 2412 quisque
1394 2373 1443 2402 est
1456 2371 1631 2402 ordinatus:

165 2424 326 2456 Permulta
349 2423 444 2466 igitur
467 2424 623 2466 beataque
648 2425 829 2466 spectacula
854 2425 1074 2467 discursusque
1099 2425 1183 2456 intra
1202 2425 1314 2457 coelum
1336 2425 1502 2461 exsistunt,
1517 2424 1631 2466 quibus

166 2478 306 2510 Deorum
321 2487 419 2519 genus
433 2477 594 2508 beatorum
611 2478 761 2521 intendit,
777 2488 867 2510 suum
882 2478 1016 2521 quisque
1031 2478 1168 2510 officium
1184 2488 1348 2520 peragens.
1371 2478 1512 2521 sequitur
1524 2482 1630 2509 autem

166 2541 288 2573 semper
299 2531 411 2562 volens
423 2534 457 2562 et
480 2535 607 2574 potens.
651 2532 729 2564 livor
743 2533 828 2564 enim
844 2543 864 2564 a
878 2533 987 2564 divino
1012 2534 1107 2565 choro
1123 2533 1233 2575 procul
1249 2533 1348 2564 abest.
1394 2532 1475 2564 Cum
1491 2543 1563 2563 vero
1587 2532 1628 2563 ad

164 2584 344 2617 convivium
362 2594 399 2616 ac
411 2585 512 2627 dapes
526 2585 646 2618 vadunt
659 2586 819 2625 sublimes,
842 2587 878 2618 in
904 2586 1063 2619 coelestem
1086 2586 1366 2619 circumferentiam
1388 2585 1630 2628 proficiscuntur

160 2639 228 2682 jam
243 2639 459 2671 ascendentes.
503 2638 643 2672 Deorum
660 2641 787 2683 quidem
810 2641 966 2679 vehicula,
991 2645 1067 2684 apta
1087 2641 1230 2683 habenis,
1255 2639 1479 2682 aeqnaliterque
1503 2639 1627 2676 librata,

163 2692 256 2725 facile
280 2692 484 2735 gradiuntur:
506 2692 568 2725 alia
593 2705 666 2726 vero
691 2696 757 2728 vix.
802 2701 946 2737 gravatur
969 2695 1053 2727 enim
1079 2695 1240 2738 pravitatis
1265 2693 1426 2736 particeps
1449 2702 1560 2734 equus,
1585 2693 1626 2724 ad

163 2752 274 2779 terram
294 2757 426 2789 vergens
451 2751 544 2788 atque
571 2748 707 2787 trahens,
734 2750 913 2793 cuicunque
939 2749 1114 2792 aurigarum
1144 2759 1244 2792 equus
1267 2757 1333 2779 non
1361 2748 1462 2778 bonus
1491 2746 1626 2777 nutritus

162 2801 276 2832 fuerit:
301 2801 353 2832 ubi
364 2800 432 2843 jam
447 2800 535 2832 labor
549 2806 582 2832 et
595 2807 750 2834 certamen
764 2809 934 2836 extremum
949 2803 1061 2835 anim'ae
1077 2803 1272 2846 proponitur.
1316 2811 1387 2843 quae
1402 2800 1486 2832 enim
1501 2800 1626 2830 immor-

162 2855 240 2886 tales
254 2860 416 2893 vocantur,
438 2865 508 2887 cum
524 2855 564 2886 ad
581 2861 734 2897 summum
747 2859 958 2899 pervenerint,
975 2862 1061 2889 extra
1075 2856 1294 2900 progiessaein
1308 2854 1386 2887 coeli.
1397 2855 1489 2885 dorso
1505 2853 1629 2884 consisae

162 2912 243 2940 tunt.
287 2908 331 2940 ibi
347 2909 531 2941 constitutas
545 2910 794 2943 circumferentia
807 2911 878 2954 ipsa
891 2912 1082 2951 circumfert,
1094 2916 1189 2954 atque
1201 2911 1264 2944 illae
1278 2909 1450 2947 intuentur,
1465 2917 1536 2949 quae
1551 2909 1624 2937 sunt
