1846 3268
245 271 328 313 274
865 267 1131 309 PLAToms
1645 270 1716 324 [76

245 375 348 417 ipsam
363 375 553 407 ostenderes.
583 374 682 407 ΜΕΝ.
706 372 754 405 At
765 372 850 405 istud
868 373 1035 405 absurdum
1050 372 1201 416 quiddam
1217 377 1276 411 est,
1291 383 1310 405 o
1326 373 1478 405 Socrates.
1511 374 1570 408 So.
1592 374 1714 412 Quam-

249 429 354 460 obrem
368 429 380 460 ?
423 429 523 461 ΜΕΝ.
547 427 707 466 Quoniam
723 427 822 469 figura
835 427 1009 459 seeundum
1025 427 1176 458 rationem
1189 431 1272 458 tuam
1289 431 1348 464 est,
1359 437 1429 468 quse
1444 438 1566 469 semper
1578 428 1718 461 colorem

249 483 399 524 sequitur.
445 483 479 514 Si
494 492 567 525 ergo
583 482 718 514 colorem
734 481 804 522 quis
820 491 913 511 nosse
938 484 1076 522 negaret,
1092 481 1204 511 eodem
1219 481 1315 511 modo
1330 490 1394 522 quo
1411 480 1494 512 circa
1508 480 1637 523 figuram
1655 483 1718 514 du-'

248 536 364 574 bitans,
380 536 458 578 quid
480 536 528 567 illi
552 535 746 578 potissimum
774 534 1002 577 responderes?
1048 535 1103 566 So.
1129 533 1214 576 Yera
1236 535 1396 576 equidem.
1419 545 1491 565 narn
1508 535 1602 577 siqui
1619 540 1719 577 rogat,

248 590 426 631 sapientum
453 590 564 632 aliquis
589 594 621 621 et
641 589 905 621 contentiosorum
931 599 968 619 ac
994 588 1201 630 pugnantium
1229 589 1281 626 sit,
1298 589 1517 630 responderem
1539 588 1650 631 utique
1668 599 1720 620 me

248 643 376 676 dixisse.
399 644 485 685 quod
502 643 528 674 si
543 644 646 675 minus
662 647 746 675 recte
767 642 909 679 dixerim,
926 642 966 673 ad
995 648 1025 673 te
1047 651 1132 673 nunc
1148 642 1262 675 attinet
1285 643 1438 674 rationem
1461 653 1581 674 sumere
1597 652 1634 674 ac
1649 653 1720 674 mea

248 697 334 729 dicta
349 697 501 730 refellere.
518 716 522 720 -
547 697 602 728 Sin
618 701 736 734 autern,
751 695 1017 737 quemadmodum
1033 705 1092 737 ego
1107 705 1191 727 nunc
1217 700 1250 727 et
1276 699 1321 732 tu,
1336 696 1382 727 illi
1401 695 1492 728 amici
1515 696 1590 734 sint,
1605 696 1721 727 velint-

250 761 312 793 que
328 750 461 782 invicem
478 751 652 792 disputare,
668 751 762 781 decet
778 749 920 791 profecto
937 750 1041 780 mitius
1056 755 1089 781 et
1105 750 1202 791 magis
1225 749 1392 781 dialectico
1416 761 1499 782 more
1519 751 1721 792 respondere.

249 803 309 836 Est
320 809 424 836 autem
441 804 624 836 dialecticus
640 814 706 834 mos
719 803 926 845 praestantior,
941 813 1005 834 non
1022 803 1115 834 modo
1133 814 1238 834 verum
1252 803 1403 845 proferre,
1416 805 1471 835 sed
1488 803 1524 835 iis
1535 804 1615 836 illud
1626 804 1722 836 ratio-

248 857 344 898 nibus
359 858 545 900 approbare,
561 857 676 899 quibus
690 862 723 888 et
737 857 804 897 ille,
819 855 874 898 qui
889 861 988 897 rogat,
1006 856 1100 898 plane
1114 866 1146 887 se
1162 857 1324 888 dinoscere
1334 857 1479 889 fateatur.
1525 857 1597 889 Hoc
1613 858 1721 900 itaque

249 923 335 944 more
350 922 436 944 nunc
452 917 554 944 tecum
572 911 604 942 in
619 911 803 943 disserendo
819 911 864 941 uti
879 911 1027 942 conabor.
1072 910 1136 941 Dic
1156 921 1242 952 ergo,
1258 921 1333 942 num
1352 911 1444 942 finem
1460 911 1602 953 appellas
1618 913 1722 944 termi-

250 976 326 997 num
340 966 498 1007 quendam
512 970 608 1007 atque
635 964 829 996 extremum?
851 964 919 994 haec
941 963 1026 994 euim
1049 963 1154 995 omnia
1169 964 1266 996 veluti
1281 965 1364 995 idem
1381 964 1503 1005 profero
1521 977 1528 996 :
1552 965 1631 997 forte
1646 976 1722 998 vero

250 1020 405 1051 Prodicus
420 1019 458 1050 iis
473 1024 622 1060 tanquam
638 1017 858 1049 differentibus
872 1022 1022 1049 uteretur.
1065 1018 1114 1048 Tu
1131 1023 1235 1049 autern
1246 1029 1322 1049 num
1338 1018 1418 1050 dicis
1431 1017 1722 1062 terminari'aliquid

247 1078 343 1116 atque
355 1073 437 1104 finiri
449 1073 460 1103 ἓ
483 1073 698 1114 ῃὶὴίΙζφιίρρε
719 1071 874 1103 diversum
886 1071 923 1102 iis
933 1072 1032 1103 verbis
1044 1072 1202 1113 intelligo.
1247 1072 1345 1103 Mim-
1369 1071 1454 1104 Dico
1466 1082 1542 1104 sane
1555 1084 1564 1104 z
1586 1078 1621 1104 et
1634 1073 1722 1116 quod

247 1128 308 1169 ais,
323 1127 499 1168 intelligere
514 1127 653 1158 arbitror.
698 1126 755 1157 So.
778 1125 821 1156 Et
835 1125 964 1167 planum
981 1125 1101 1166 aliquid
1117 1136 1223 1163 vocas,
1238 1130 1272 1158 et
1282 1126 1414 1157 solidum
1430 1126 1530 1164 aliud,
1544 1126 1724 1169 eujusmodi

249 1182 329 1224 [76]
351 1191 422 1224 quae
439 1181 471 1212 in
488 1181 671 1213 Geometria
688 1181 882 1212 tractantur?
928 1180 1025 1211 Mna.
1050 1180 1141 1211 Voco
1157 1181 1315 1222 equidem.
1360 1181 1416 1212 So.
1437 1181 1509 1213 Jam
1524 1181 1631 1223 igitur,
1645 1181 1725 1224 quid

249 1236 381 1278 figuram
397 1245 465 1267 esse
481 1235 596 1273 dicam,
612 1246 649 1267 ex
666 1235 703 1266 iis
719 1235 884 1277 pereipieS.
900 1234 933 1266 in
950 1235 1034 1265 omni
1044 1235 1162 1277 quippe
1173 1235 1271 1277 figura
1283 1235 1315 1266 id
1325 1241 1440 1276 assero,
1455 1235 1584 1277 figuram
1598 1245 1666 1267 esse
1678 1236 1726 1273 id,

247 1289 282 1322 iu
294 1290 378 1332 quod
393 1289 528 1321 solidum
542 1289 679 1320 desinit:
698 1294 792 1331 atque
801 1294 837 1320 ut
848 1289 1023 1320 summatim
1034 1289 1150 1330 dicam,
1162 1289 1291 1330 figuram
1302 1289 1432 1331 appello
1440 1288 1536 1320 solidi
1546 1289 1724 1322 terminum.

246 1344 348 1376 ΜΕΝ.
370 1343 518 1376 Colorem
538 1354 610 1375 vero
626 1344 702 1386 quid
720 1354 824 1384 vocas,
848 1354 867 1374 ο
894 1344 1060 1375 Socrates?
1107 1343 1162 1375 So.
1187 1344 1307 1375 Procax
1323 1344 1454 1375 nimium
1470 1354 1516 1383 es,
1539 1353 1559 1375 ο
1583 1343 1722 1376 Menon.

245 1397 367 1430 homini
378 1397 447 1440 jam
471 1398 539 1430 seni
562 1408 642 1429 onus
663 1398 800 1440 imponis
815 1408 853 1430 ac
878 1399 1065 1439 respondere
1089 1398 1144 1428 tibi
1165 1391 1282 1439 jubes:
1306 1397 1374 1440 ipse
1389 1403 1495 1429 autern
1511 1402 1629 1429 memor
1641 1397 1722 1439 quid

248 1451 384 1495 Gorgias
403 1447 554 1484 'virtutem
575 1463 643 1484 esse
667 1452 791 1493 dixerit,
807 1451 937 1483 definire
962 1451 1090 1483 minime
1105 1452 1160 1483 vis.
1204 1452 1303 1484 ΜΕΝ.
1327 1452 1372 1483 At
1397 1456 1564 1494 postquam
1590 1451 1624 1483 id
1646 1451 1723 1482 mihi

248 1506 466 1544 declaraveris,
482 1517 501 1538 o
517 1507 671 1544 Socrates,
688 1506 745 1537 tibi
761 1507 838 1538 illud
854 1507 992 1538 reseram.
1038 1506 1093 1538 So.
1117 1507 1306 1548 Quanquam
1317 1506 1350 1536 in
1361 1506 1546 1548 imperando
1561 1505 1727 1547 superbior-

249 1571 283 1592 es
295 1571 389 1603 quam
402 1561 528 1602 deceat,
545 1561 742 1602 gratificabor
753 1566 870 1598 tamen,
883 1571 920 1592 ac
932 1561 1064 1591 breviter
1074 1561 1283 1602 respondebo.
1305 1560 1403 1591 Mun.
1425 1559 1621 1601 Grastficare,
1633 1560 1724 1592 obse-

248 1624 314 1647 cro.
337 1615 395 1647 So.
420 1615 517 1647 Visne
532 1615 590 1646 tib'r
613 1615 785 1647 secundum
798 1615 946 1656 Gorgiam
962 1615 1168 1656 respondeam
1181 1616 1191 1646 ?
1204 1615 1248 1646 sic
1260 1614 1391 1646 maxime
1403 1613 1602 1646 assentieris?
1625 1614 1724 1645 Man.

249 1668 373 1706 Quidni
389 1669 482 1700 velim
498 1669 510 1700 ?
536 1669 592 1701 So.
616 1669 734 1700 Nonne
746 1669 888 1700 defluxus
904 1670 1034 1710 quidam
1044 1669 1216 1700 secundum
1229 1668 1453 1710 Empedoclem
1466 1678 1484 1699 a
1495 1668 1586 1699 rebus
1597 1677 1723 1699 manare

251 1722 421 1754 dicuntur?
466 1723 565 1755 Man.
590 1722 633 1753 Et
648 1723 782 1753 maxime
798 1723 939 1763 quidem.
983 1723 1040 1756 So.
1061 1722 1110 1754 Ae
1126 1723 1206 1764 pori,
1218 1723 1253 1753 id
1269 1728 1316 1753 est
1330 1727 1463 1759 meatus,
1483 1722 1514 1752 in
1530 1732 1609 1764 quos
1621 1726 1653 1753 et
1668 1731 1724 1764 per

249 1786 330 1818 quos
340 1777 434 1808 etiam
447 1776 591 1808 defluxus
603 1776 787 1818 hujusmodi
804 1777 955 1808 manant?
991 1777 1090 1808 ΜΕΝ.
1116 1776 1266 1807 Omnino.
1288 1776 1345 1808 So.
1368 1775 1415 1807 Ex
1429 1776 1606 1807 defluxibus
1616 1780 1722 1807 autem

249 1831 379 1873 quidam
396 1830 480 1872 poris
496 1830 682 1872 quibusdam
698 1841 882 1872 congruere,
897 1831 1024 1872 quidam
1043 1830 1174 1862 minores
1196 1835 1251 1861 aut
1275 1829 1406 1872 majores
1421 1841 1500 1863 esse.
1545 1830 1644 1862 Mers.
1667 1830 1722 1862 Sic

249 1889 310 1917 est.
353 1885 410 1916 So.
432 1884 589 1927 Nunquid
609 1889 642 1916 et
659 1885 757 1915 visum
783 1885 901 1926 aliquid
918 1885 1036 1916 vocas?
1083 1885 1180 1916 Men.
1202 1884 1304 1916 voco.
1350 1885 1406 1916 So,
1430 1884 1476 1916 Ex
1501 1885 1539 1916 iis
1560 1884 1627 1927 jam
1643 1885 1722 1927 quid

250 1938 356 1976 velim,
373 1938 496 1980 accipe,
510 1943 546 1969 ut
559 1939 603 1970 ait
618 1938 786 1970 Pindarus.
831 1939 891 1970 Est
904 1939 988 1970 enim
1013 1939 1099 1970 color
1122 1939 1265 1970 defluxus
1280 1940 1407 1980 quidam
1421 1950 1534 1977 rerum,
1549 1939 1630 1970 visui
1643 1942 1726 1971 coni

252 2002 366 2033 gruens
382 1998 477 2035 atque
492 1992 660 2026 sensibilis.
704 1993 804 2024 ΜΕΝ.
828 1992 959 2034 Optime
976 1992 1064 2029 mihi,
1077 2003 1096 2022 o
1112 1993 1267 2030 Socrates,
1284 1992 1481 2034 respondisse
1496 1992 1621 2024 videris.
1663 1991 1720 2024 So.

249 2045 343 2077 Forte
355 2046 439 2078 enim
457 2045 525 2088 tibi,
540 2051 576 2077 ut
591 2047 701 2078 solitus
713 2058 746 2078 es
761 2047 883 2087 audire,
898 2057 981 2078 nunc
998 2057 1182 2088 responsum
1197 2052 1256 2085 est,
1269 2052 1302 2078 et
1316 2047 1406 2078 simul
1423 2046 1571 2084 advertis,
1585 2047 1672 2088 quod
1681 2057 1721 2078 ex

248 2100 308 2132 hac
320 2101 524 2143 responsione
541 2101 634 2132 facile
649 2102 743 2132 etiam
759 2101 889 2132 definire
904 2112 1013 2142 queas,
1029 2101 1104 2142 quid
1120 2112 1222 2143 sapor,
1236 2102 1312 2142 quid
1329 2112 1398 2138 vox,
1415 2101 1491 2142 quid
1508 2101 1586 2132 odor
1599 2100 1651 2138 sit,
1666 2111 1723 2132 ce-

249 2158 378 2196 teraque
400 2154 582 2195 hujusmodi
604 2155 746 2197 plurima.
791 2156 892 2187 Man.
916 2155 1056 2187 Prorsus.
1101 2155 1156 2186 So.
1180 2155 1281 2197 Atqui
1305 2156 1435 2196 tragica,
1456 2165 1475 2186 o
1500 2154 1635 2190 Menon,
1661 2154 1722 2186 ista

250 2208 413 2251 responsio
429 2214 496 2240 est:
517 2208 657 2251 ideoque
673 2208 731 2241 tibi
745 2210 844 2251 magis
860 2219 954 2250 quam
976 2209 1082 2251 figurae
1097 2210 1240 2241 definitio
1258 2210 1372 2251 placet.
1418 2210 1515 2240 Marx·
1538 2209 1620 2240 Mihi
1637 2219 1724 2242 vero.

250 2262 308 2294 So.
331 2262 378 2294 At
402 2262 477 2293 mihi
491 2263 632 2305 quidem,
649 2274 668 2294 o
687 2262 867 2295 Alexidemi
883 2264 938 2302 fili,
963 2264 1091 2295 minime
1116 2263 1311 2306 persuadeo:
1335 2270 1383 2295 est
1404 2263 1488 2294 enim
1509 2262 1566 2294 illa
1589 2262 1721 2294 melior:

250 2316 330 2348 forte
353 2316 449 2348 etiam
465 2327 524 2348 nec
539 2317 595 2348 tibi
612 2317 671 2349 ista
690 2318 839 2359 placebit,
856 2323 890 2349 ut
905 2318 1045 2358 arbitror,
1061 2318 1123 2349 nisi
1139 2328 1236 2355 nunc,
1252 2317 1516 2360 quemadmodum
1527 2321 1561 2348 et
1575 2316 1653 2354 heri,
1666 2316 1724 2347 ob·

244 2369 353 2411 jicias,
370 2375 412 2407 te,
429 2375 597 2411 antequam
621 2372 823 2413 perficiantur
846 2371 1004 2414 mysteria,
1030 2373 1251 2408 discessurum,
1267 2372 1321 2402 sed
1347 2381 1527 2412 permaneas
1551 2375 1646 2412 atque
1669 2370 1720 2402 hic

249 2423 408 2466 mysteriis
430 2425 570 2457 initieris.
616 2426 716 2458 Max.
739 2426 787 2457 At
811 2426 866 2457 diu
894 2436 1039 2463 morarer,
1074 2425 1149 2468 [77]
1184 2436 1203 2457 o
1233 2426 1387 2462 Socrates,
1418 2426 1512 2456 modo
1540 2424 1722 2466 hujusmodi

250 2477 349 2509 multa
364 2488 512 2510 narrares.
555 2479 610 2510 So.
633 2479 723 2511 Nihil
740 2480 849 2521 utique
865 2481 1111 2523 praetermittam,
1129 2480 1205 2521 quin
1222 2480 1297 2511 talia
1309 2480 1453 2521 quaedam
1469 2484 1502 2510 et
1517 2478 1671 2511 tui-simul
1687 2483 1726 2511 *et>

250 2531 312 2562 mei
329 2531 428 2573 gratia
443 2532 557 2564 dicam.
582 2544 689 2565 vereor
704 2539 822 2571 tamen,
837 2545 878 2566 ne
898 2535 1000 2566 minus
1025 2534 1139 2576 possim
1155 2533 1333 2576 hujusmodi
1351 2534 1483 2575 plurima
1499 2533 1614 2566 dicere.
1635 2540 1638 2543 ”
1658 2532 1722 2565 Ce-

251 2590 350 2617 terum
363 2585 429 2627 jam
446 2586 486 2616 ad
503 2588 656 2628 promissa
670 2590 823 2620 servanda
838 2589 930 2620 nobis
947 2589 1121 2630 accingere,
1137 2599 1173 2621 ac
1190 2589 1280 2620 nobis
1296 2588 1514 2628 communiter,
1527 2587 1606 2630 quid
1623 2587 1720 2619 virtus

249 2639 302 2681 sit,
319 2640 478 2681 exprime:
503 2651 574 2680 nec,
589 2647 624 2673 ut
635 2642 737 2674 fecisti
754 2644 917 2681 hactenus,
933 2643 1084 2685 deinceps
1106 2654 1202 2674 unum
1219 2643 1251 2674 in
1276 2642 1374 2674 multa
1387 2643 1558 2684 discerpas,
1569 2642 1722 2684 quemad·

250 2693 378 2724 modum
394 2694 519 2726 dicaces
543 2695 642 2733 aiunt,
660 2698 836 2729 mordentes
860 2708 915 2730 eos
929 2698 983 2740 qui
998 2698 1117 2739 aliquid
1134 2708 1256 2739 semper
1271 2697 1302 2728 in
1319 2697 1416 2728 multa
1430 2696 1640 2738 dispertiunt:
1663 2696 1726 2728 aed·

251 2747 413 2779 dimittens
428 2758 497 2779 eam
511 2748 661 2791 integram
677 2756 773 2794 atque
799 2762 905 2783 sanam
931 2752 982 2784 dic
998 2753 1124 2783 tandem
1149 2753 1224 2794 quid
1241 2752 1338 2782 virtus
1353 2751 1405 2783 sit.
1427 2749 1571 2791 exempla
1583 2759 1656 2781 vero
1671 2749 1721 2781 lo-

254 2801 374 2844 quendi
388 2811 406 2832 a
423 2812 473 2833 me
499 2803 663 2845 accepisti.
707 2805 746 2836 M
752 2816 808 2837 EN.
832 2805 968 2837 Videtur
987 2806 1074 2847 mihi,
1089 2817 1108 2836 o
1125 2806 1280 2842 Socrates,
1295 2805 1392 2836 virtus
1415 2814 1496 2845 esse,
1509 2808 1546 2835 ut
1559 2802 1658 2845 poeta
1671 2803 1721 2835 in·

253 2855 334 2898 quit,
352 2854 499 2888 Gaudere
514 2857 653 2889 honestis
670 2868 706 2890 ac
721 2869 825 2900 posse.
871 2860 980 2902 Atque
996 2871 1055 2902 ego
1068 2860 1100 2891 id
1116 2859 1217 2901 ipsum
1236 2859 1380 2890 virtutem
1395 2867 1487 2894 voco,
1503 2857 1635 2888 honesta
1648 2857 1721 2898 qui-

252 2908 324 2940 dem
341 2914 490 2952 appetere
505 2920 606 2952 eaque
631 2913 782 2954 consequi
810 2924 911 2955 posse.
957 2915 1014 2947 So.
1037 2913 1123 2945 Num
1146 2915 1277 2945 honesta
1297 2912 1476 2954 cupientem
1502 2912 1582 2942 bona
1605 2920 1723 2952 cupere

253 2958 355 2995 dicis?
402 2963 498 2997 Μικ.
523 2963 673 2999 Omnino.
718 2966 770 2999 So.
794 2967 950 3010 Nunquid
972 2970 1016 3001 ita
1032 2968 1182 3011 loqueris,
1197 2967 1287 3010 quasi
1310 2967 1373 2999 siut
1393 2964 1553 3007 nonnulli,
1567 2965 1620 3008 qui
1637 2966 1722 2997 bona
