1832 3256
210 219 242 258 -6
806 211 1075 255 PLAToms
1569 221 1666 272 [237

207 319 267 352 -Ne
281 316 380 358 dicas,
394 319 535 355 obsecro.
578 316 672 351 sz.
692 312 746 350 Ne
768 312 894 352 dicam?
918 319 1013 351 immo
1027 329 1099 350 vero
1110 317 1177 360 jam
1192 310 1276 351 dico}
1321 315 1375 350 Ad
1380 318 1602 362 jusjurandum
1617 320 1668 358 ine

212 366 349 407 vertam<
388 374 410 406 J
413 382 466 405 uro
487 368 570 406 enim
582 373 639 404 tibi
655 376 710 415 pe'r
727 373 863 415 aliquem
878 373 996 410 Deum,
1010 373 1072 411 vel,
1087 373 1113 404 si
1129 373 1187 410 vis,
1203 382 1260 414 per
1273 373 1354 404 hanc
1371 366 1543 414 platanum,
1557 377 1618 408 nisi
1633 382 1668 409 tu

208 427 301 460 dicas
315 427 347 459 in
359 427 428 469 ejus
443 432 627 469 conspectu,
638 437 688 458 me
698 432 857 468 nunquam
872 428 1003 469 posthac
1018 426 1202 468 cujusquam
1218 425 1388 458 orationem
1401 426 1459 458 tibi
1472 426 1669 462 ostensurum

208 488 294 520 esse,
318 481 369 513 vel
393 481 620 512 nuntiaturum.
663 481 718 513 So.
741 480 850 522 Papae,
866 491 885 512 ο
900 481 1042 522 sceleste,
1056 490 1150 522 quam
1163 479 1292 522 pulchre
1306 480 1459 521 reperisti,
1474 484 1538 523 q'ua
1546 482 1669 515 ratione

210 533 314 566 ‘virum
338 532 487 566 orationis
509 534 635 566 avidum
649 534 690 565 ad
705 534 829 576 quidvis
843 535 999 577 agendum
1014 533 1216 575 compelleres
1230 533 1237 563 !
1275 533 1369 565 Pu.
1392 526 1480 571 Quid
1495 545 1582 578 ergo,
1596 545 1669 568 cum

210 588 286 619 talis
300 589 355 626 sis,
369 588 599 631 tergiversaris?
644 588 701 620 So.
737 588 874 619 Minime
897 588 1043 630 amplius,
1069 586 1326 628 quandoquidem
1341 591 1374 634 tu
1389 588 1433 619 ita
1443 587 1569 630 'jurasti-
1584 591 1588 603 ”
1612 591 1670 634 qni

209 641 298 673 enim
317 642 437 684 quirem
458 643 498 673 ab
523 642 585 673 bac
610 646 717 673 mensa
735 642 865 674 abesse?
912 641 1009 683 [237]
1055 641 1148 672 Pnae.
1171 640 1235 672 Dic
1256 640 1366 683 igitur.
1410 641 1466 674 So.
1487 642 1567 681 Scis,
1591 644 1670 686 quid

208 695 326 736 agam?
371 695 466 727 sz.
503 695 575 732 Qua
590 695 630 726 de
644 705 678 726 re
690 694 791 726 dicis?
834 695 889 726 So.
913 694 1089 725 Obvolutus
1109 694 1222 732 dicam,
1250 698 1288 726 ut
1308 694 1438 726 celerius
1466 695 1668 729 transcurram

207 754 398 790 sermonem,
420 758 492 785 nec,
504 749 544 780 ad
560 753 591 779 te
605 748 787 790 respiciens,
802 748 843 779 ob
858 747 1009 790 pudorem
1023 747 1185 790 impediar.
1223 748 1316 779 Pius.
1339 747 1438 780 Dicas
1453 749 1569 782 modo:
1594 751 1669 790 alia,

211 805 250 832 ut
261 802 318 839 vis,
334 801 379 833 ita
392 802 500 834 facias.
537 802 594 834 So.
615 801 666 833 Sic
681 801 776 843 agite,
801 812 820 833 o
849 801 954 833 Musae
967 801 1064 843 Ligiae
1078 801 1101 833 i.
1123 801 1295 842 Camoenae,
1307 801 1373 833 sive
1388 806 1516 844 propter
1530 804 1668 845 spectem

212 859 336 897 cantus,
353 856 417 887 sive
430 860 558 897 propter
572 855 724 887 musicum
739 866 837 897 genus
849 855 927 887 illud
941 855 1065 897 Ligium
1086 859 1119 887 et
1131 866 1277 887 canorum
1289 856 1348 887 hoc
1359 856 1480 888 habetis
1491 862 1668 899 cognomen

210 916 317 940 vmeum
332 909 480 951 adjuvate
494 919 677 950 sermonem,
690 920 783 951 quem
800 920 847 940 me
862 909 966 941 dicere
976 909 1111 951 optimus
1127 909 1184 941 iste
1199 909 1380 951 compellit:
1403 914 1439 941 ut
1453 909 1522 952 ejus
1537 908 1668 954 sodalis,

209 963 269 1004 qui
285 963 385 1004 primo
409 962 483 994 huic
501 963 627 1005 sapiens
642 963 817 1005 videbatur,
832 973 917 995 nunc
933 963 1030 1006 magis
1045 964 1137 994 etiam
1153 963 1304 994 videatur.
1347 963 1422 995 Erat
1436 974 1515 1006 puer
1527 965 1669 1007 quid-itm,

205 1015 311 1047 -immo
325 1026 399 1047 vero
419 1017 685 1055 adolescentulus,
707 1017 832 1059 egregia
854 1017 960 1048 indole
987 1017 1156 1059 praeditus:
1179 1017 1252 1048 huic
1275 1022 1379 1049 autem
1407 1022 1496 1050 erant
1516 1023 1669 1052 amatores

207 1069 411 1111 <complurimi
425 1082 433 1104 ς
457 1080 588 1112 quorum
603 1081 696 1109 unus,
720 1071 766 1102 vir
792 1081 866 1103 sane
884 1076 1036 1109 versutus,
1059 1082 1129 1102 cum
1144 1070 1243 1102 nihilo
1259 1071 1361 1102 minus
1377 1081 1470 1113 quam
1485 1067 1581 1104 ceteri
1595 1083 1667 1104 eum

214 1129 341 1162 amaret,
363 1135 472 1166 puero,
498 1135 531 1156 se
555 1135 623 1157 non·
645 1135 760 1167 amare,
781 1126 887 1157 suasit.
910 1125 1099 1167 quandoque
1120 1134 1193 1156 vero
1215 1135 1286 1157 cum
1301 1125 1484 1167 obsequium
1499 1125 1558 1156 sibi
1573 1125 1613 1157 ab
1628 1136 1667 1158 eo

210 1182 347 1219 peteret,
360 1179 514 1220 probavit,
527 1188 592 1209 non
607 1179 726 1210 amanti
736 1179 851 1220 potius,
867 1189 959 1221 quam
975 1180 1104 1215 amanti,
1114 1178 1365 1220 gratificandum,
1378 1180 1472 1220 atque
1487 1179 1531 1210 ita
1541 1179 1646 1220 inquit
1658 1189 1667 1211 ε

208 1230 254 1262 -Ῑὶι
268 1232 422 1269 omnibus,
438 1243 457 1263 o
474 1242 560 1273 puer,
582 1232 708 1264 unicum
720 1233 911 1275 principium
934 1233 985 1270 iis,
1013 1233 1068 1274 qui
1083 1233 1162 1263 bene
1176 1233 1338 1264 consulere
1353 1232 1474 1269 volunt,
1489 1233 1538 1264 est
1549 1231 1667 1264 intelli-

206 1293 297 1325 ἐει-ε,
319 1285 396 1326 quid
421 1285 498 1317 illud
514 1286 565 1323 sit,
590 1287 630 1318 de
645 1297 707 1328 quo
723 1286 928 1323 consultatur,
954 1285 1003 1318 vel
1019 1286 1146 1317 omnino
1161 1287 1299 1318 aberrare
1318 1289 1456 1318 necesse.
1501 1285 1666 1328 plerosque

213 1347 288 1368 vero
302 1338 389 1377 latet,
402 1340 487 1380 quod
500 1339 642 1371 nesciant
656 1339 701 1371 rei
715 1340 931 1372 substantiam.
951 1340 1100 1381 tanquam
1117 1339 1209 1381 igitur
1223 1340 1366 1376 scientes,
1377 1339 1411 1370 in
1427 1338 1666 1380 disceptationis

207 1390 370 1434 ¹principio
386 1402 449 1423 non
459 1393 636 1424 declarant:
651 1394 856 1435 procedentes
869 1404 953 1430 vero,
970 1393 1054 1435 quod
1069 1403 1126 1434 par
1139 1397 1197 1430 est,
1213 1384 1456 1434 consequuntur,
1471 1397 1507 1423 ut
1514 1403 1572 1424 nec
1595 1392 1668 1435 sibi,

212 1454 274 1476 nec
283 1445 351 1477 aliis
363 1451 576 1478 consentanea
591 1446 768 1488 loquantur.
809 1447 881 1478 Tibi
895 1447 989 1488 igitur
1002 1451 1035 1478 et
1049 1446 1123 1477 mihi
1139 1456 1179 1477 nc
1194 1446 1330 1486 accidat,
1342 1446 1427 1487 quod
1448 1445 1482 1476 in
1497 1445 1567 1477 aliis
1577 1446 1666 1478 dam-

206 1509 336 1537 namus,
358 1505 526 1542 postquam
553 1500 646 1532 nobis
671 1501 860 1542 discrepatio
885 1505 944 1538 est,
969 1504 1071 1531 utrum
1086 1499 1202 1531 amanti
1224 1499 1404 1541 potius,>vel
1422 1509 1484 1530 non
1502 1499 1618 1531 amanti
1633 1499 1667 1530 in

213 1551 382 1583 amicitiam
398 1553 438 1584 sit
453 1554 610 1586 eundum:
635 1554 712 1596 quid
728 1564 814 1585 amor
827 1553 895 1595 ipse
907 1553 959 1592 sit,
969 1558 1002 1584 et
1016 1558 1108 1595 quam
1123 1554 1184 1584 vim
1199 1554 1325 1590 habeat,
1337 1552 1521 1584 definitione
1536 1562 1574 1583 ex
1590 1563 1667 1584 con·

207 1615 306 1637 sensu
321 1606 423 1648 posita
441 1616 688 1649 cognoscamus3
711 1612 805 1650 atque
821 1607 860 1638 ad
885 1607 918 1638 id
943 1606 1145 1648 respicientes
1169 1606 1398 1648 referentesque
1421 1599 1665 1643 consideremus,

212 1659 508 1697 emolumentumne,
525 1671 565 1692 an
580 1661 799 1692 detrimentum
815 1660 934 1692 afferat.
973 1660 1068 1697 Quod
1085 1660 1177 1701 igitur
1190 1660 1346 1701 cupiditas
1361 1659 1505 1701 quaedam
1518 1659 1558 1690 sit
1569 1669 1665 1698 amor,

213 1714 356 1745 omnibus
369 1714 568 1745 manifestum
581 1726 590 1746 ε
613 1715 699 1756 quod
714 1724 786 1745 vero
801 1715 895 1745 etiam
921 1714 975 1755 qui
998 1723 1061 1744 non
1077 1717 1192 1751 amant,
1209 1713 1339 1755 pulchra
1353 1723 1407 1744 seu
1423 1714 1507 1744 bona
1518 1713 1666 1756 eupiunt,

210 1773 276 1798 ’non
292 1767 479 1809 ignoramus.
521 1767 567 1799 Ut
577 1767 673 1809 igitur
686 1778 748 1809 quo
763 1777 870 1798 amans
883 1777 901 1797 a
914 1777 979 1797 non
993 1771 1117 1797 amante
1132 1766 1326 1803 discernitur,
1348 1759 1573 1808 intelligamus,
1587 1765 1666 1798 scire

206 1825 348 1862 oportet,
364 1822 443 1852 duas
464 1820 499 1851 in
520 1830 712 1862 unoquoque
732 1825 870 1852 nostrum
890 1820 976 1851 ideas
991 1830 1058 1851 esse
1073 1819 1269 1851 dominantes
1290 1823 1385 1861 atque
1400 1812 1666 1862 ducentess'qnas

203 1872 381 1915 sequimur,
393 1883 580 1916 quocunque
595 1875 726 1906 ducunt.
770 1873 876 1905 Altera
893 1873 1019 1915 quidem
1035 1878 1083 1904 est
1094 1873 1205 1904 innata
1224 1873 1316 1904 nobis
1330 1873 1526 1915 voluptatum
1540 1873 1666 1916 cupidi-

205 1932 284 1959 'tas:
308 1927 409 1958 altera
417 1935 503 1969 vero,
519 1927 672 1970 acquisita
686 1927 807 1969 opinio,
824 1926 935 1969 optimi
949 1927 1134 1958 affectatrix.
1179 1926 1240 1957 Hae
1265 1931 1369 1958 autem
1397 1926 1429 1958 in
1451 1926 1543 1959 nobis
1563 1937 1664 1970 quan-

209 1981 319 2023 'doqne
331 1981 543 2022 consentiunt,
558 1982 749 2024 quandoque
760 1981 791 2012 in
807 1981 962 2012 seditione
977 1986 1009 2012 et
1023 1981 1177 2012 discordia
1192 1984 1265 2012 sunt
1278 1991 1287 2012 :
1311 1986 1344 2011 et
1366 1981 1460 2012 modo
1474 1981 1554 2018 haec,
1566 1980 1664 2012 modo

213 2035 310 2067 altera
322 2035 486 2077 pervincit.
531 2035 667 2073 Quando
682 2035 776 2078 igitur
790 2035 897 2078 opinio
921 2035 961 2066 ad
977 2035 1021 2071 id,
1046 2035 1131 2076 quod
1153 2034 1304 2076 optimum
1319 2038 1379 2072 est,
1393 2034 1515 2066 ratione
1524 2034 1612 2066 ducit
1626 2044 1665 2068 ae

207 2091 349 2131 superat,
365 2090 432 2121 haec
453 2089 521 2131 ipsa
541 2089 668 2121 vivendi
692 2093 830 2131 potestas
843 2088 1049 2130 temperantia
1062 2088 1250 2121 nominatur.
1296 2087 1393 2129 [238]
1439 2087 1577 2124 Quando
1592 2095 1664 2120 vero

211 2142 370 2185 cupiditas
388 2143 505 2185 absque
527 2144 647 2174 ratione
666 2143 706 2174 ad
731 2142 907 2184 voluptates
930 2141 1035 2182 trahit,
1057 2141 1209 2183 nobisque
1234 2141 1378 2182 imperat,
1401 2140 1566 2183 imperium
1579 2142 1665 2174 istud

208 2196 310 2228 libido
325 2201 462 2228 vocatur.
507 2196 604 2228 libido
620 2201 723 2228 autem
747 2204 818 2228 cum
838 2195 1035 2227 multiformis
1057 2195 1097 2226 sit
1123 2194 1350 2236 multarumque
1380 2194 1525 2236 partium,
1550 2195 1663 2235 multas

210 2250 320 2292 utique
342 2250 571 2293 appellationes
598 2251 713 2282 habet:
737 2255 770 2282 et
794 2250 902 2281 harum
918 2249 1083 2280 formarum
1097 2259 1167 2291 quae
1183 2241 1314 2279 maxime
1329 2249 1362 2279 in
1386 2248 1491 2290 aliquo
1506 2248 1666 2292 exuberat,

208 2313 269 2335 sua
283 2303 369 2335 illum
384 2304 596 2347 appellatIone
610 2305 802 2335 nominatum
818 2303 932 2341 reddit,
953 2313 1011 2334 nec
1026 2303 1124 2333 ullum
1140 2302 1203 2333 suis
1217 2303 1364 2333 decorum
1391 2306 1445 2332 aut
1464 2302 1595 2344 dignum
1609 2302 1663 2334 tri·

210 2358 280 2388 buit
290 2363 544 2400 cognomentum.
587 2358 670 2390 circa
692 2358 779 2390 cibos
804 2357 887 2389 enim
917 2357 1088 2398 superatrix
1114 2355 1253 2397 rationis,
1267 2360 1300 2387 et
1313 2354 1440 2386 aliarum
1454 2354 1664 2396 cupiditatum

212 2411 381 2452 cupiditas,
402 2411 556 2454 ingluvies
581 2411 777 2453 appellatur:
802 2416 835 2442 et
855 2421 939 2448 eum,
964 2410 1019 2452 qui
1041 2410 1122 2441 hanc
1145 2409 1252 2448 habet,
1276 2409 1335 2439 hac
1356 2409 1425 2450 ipsa
1449 2408 1663 2450 appellatione

205 2469 429 2506 'nuncupatum
454 2465 569 2497 reddit.
614 2465 735 2496 Rursus
761 2475 831 2506 quae
855 2464 937 2496 circa
962 2463 1127 2495 ebrietates
1149 2462 1348 2505 tyrannidem
1372 2466 1506 2500 exercet,
1524 2470 1562 2494 ae
1576 2468 1663 2504 eum,

203 2519 306 2559 ⁴'quem
323 2517 474 2560 possidet,
494 2519 554 2550 hac
573 2518 672 2556 ducit,
696 2523 782 2560 patet
805 2518 890 2561 quod
912 2517 1041 2549 habebit
1065 2525 1250 2558 cognomen.
1266 2520 1361 2558 atque
1377 2515 1440 2547 alia
1463 2517 1572 2547 horum
1594 2526 1664 2558 ger·

212 2579 316 2609 mana,
327 2575 360 2602 et
374 2581 584 2613 germanarum
596 2572 805 2614 cupiditatum
819 2573 958 2610 nomina,
967 2571 1021 2603 ubi
1036 2571 1142 2613 aliqua
1157 2571 1288 2602 maxime
1298 2570 1486 2607 dominatur,
1501 2570 1663 2612 quomodo

204 2621 360 2666 ‘ponenda
371 2625 445 2666 sint,
460 2626 655 2657 manifestum
671 2630 728 2658 est.
773 2625 873 2667 Cujus
887 2631 990 2657 autem
1007 2625 1104 2667 gratia
1118 2625 1277 2666 superiora
1299 2624 1405 2655 onmia
1426 2624 1573 2661 diximus,
1596 2624 1664 2657 fere

206 2678 275 2720 «ᾔδη»
293 2683 399 2720 patet:
415 2679 480 2711 sive
505 2684 610 2711 tamen
624 2680 758 2718 dicatur,
785 2681 894 2722 magis,
920 2689 1013 2722 quarn
1028 2679 1053 2710 si
1069 2678 1305 2721 praetermissum
1327 2679 1379 2715 sit,
1403 2677 1534 2720 patebit.
1577 2677 1663 2710 Nam

205 2731 368 2774 cupiditas
381 2733 498 2775 absque
514 2734 644 2772 ratione,
659 2743 730 2776 quse
756 2739 880 2775 superat
895 2733 1075 2775 opinionem
1095 2733 1136 2763 ad
1158 2737 1243 2763 recta
1257 2733 1450 2770 tendentem,
1463 2723 1607 2773 rapitque
1622 2731 1664 2762 ad

212 2786 405 2829 voluptatem
420 2787 538 2826 formae,
562 2793 594 2820 et
621 2798 640 2819 a
655 2788 796 2830 cognatis
811 2788 1038 2830 cupiditatibus
1052 2787 1135 2819 cirea
1155 2786 1294 2828 corporis
1313 2786 1444 2818 formam
1462 2784 1664 2816 vehementer

213 2840 420 2879 corroborata,
437 2842 592 2884 pervincit
611 2846 643 2875 et
667 2847 807 2884 superat,
831 2853 850 2873 a
870 2842 975 2880 ramis,
989 2841 1022 2873 id
1037 2846 1096 2884 est,
1111 2841 1220 2873 robore
1245 2845 1278 2872 et
1296 2839 1503 2877 vehementia,
1527 2844 1609 2877 eros,
1627 2837 1662 2869 id

204 2900 270 2935 est,
287 2905 382 2936 amor,
397 2897 556 2940 appellata
568 2901 626 2932 est.
658 2895 745 2930 Num
760 2897 828 2935 tibi,
851 2906 871 2929 o
896 2896 995 2931 amice
1013 2895 1156 2936 Phaedre,
1173 2894 1436 2939 quemadmodum
1451 2892 1539 2934 mihi,
1554 2891 1663 2927 videor
