1846 3268
278 298 356 338 314
872 291 1135 332 PLA‘roms
1637 290 1738 345 [395

280 396 373 433 quam
390 397 492 430 regem
505 387 692 430 significant.
715 384 813 417 multa
829 390 977 427 praeterea
991 389 1076 422 sunt,
1090 394 1161 426 quae
1184 383 1336 416 exercitus
1363 383 1475 415 ducem
1498 382 1689 425 significant,
1703 387 1740 416 ut

282 443 376 485 Agis,
391 439 841 482 Polemarchusfflupolemus.
863 438 924 470 alia
938 438 1011 470 item
1026 448 1097 480 quas
1113 437 1278 470 medicinae
1293 437 1498 480 professorem
1518 436 1690 475 declarant,
1705 441 1741 469 ut

281 497 431 529 Iatrocles
447 495 757 536 Acesimbrotusque.
780 493 903 535 aliaque
915 492 1068 535 permulta
1078 492 1202 534 reperiri
1218 497 1361 534 possunt,
1377 491 1505 534 syllabis
1518 496 1552 523 et
1566 490 1663 523 literis
1672 490 1738 523 dis·

280 550 455 586 cordantia.
471 549 502 581 vi
529 554 632 581 autem
655 546 893 590 significationis
917 546 1043 588 penitus
1062 546 1278 579 consonantia.
1323 546 1417 578 Sicne
1442 550 1475 578 et
1494 545 1564 587 ipse
1579 549 1687 588 putas,
1696 554 1739 576 au

280 604 392 636 aliter?
437 603 560 637 Henna.
583 602 637 635 Sio
651 608 746 634 certe.
791 601 850 634 So.
873 600 933 632 His
960 599 1115 642 profecto,
1129 610 1200 642 quae
1221 600 1393 632 secundum
1418 603 1559 631 naturam
1582 599 1674 636 fiunt,
1687 608 1742 630 ea-

280 659 354 690 dem
369 657 533 689 tribuenda
548 661 620 688 sunt
644 656 782 688 nomina.
827 654 949 687 Halm.
972 653 1124 687 Omnino.
1169 653 1225 686 So.
1249 654 1404 692 Quotiens
1418 664 1491 685 vero
1513 658 1625 695 praeter
1648 657 1742 684 natu·

281 721 344 742 ram
361 710 502 742 homines
515 710 614 752 aliqui
630 710 710 741 fiunt
725 709 758 740 in
773 708 909 751 quadam
925 707 1030 750 specie
1053 708 1193 744 monstri,
1208 707 1294 739 velut
1306 717 1377 740 oum
1392 718 1430 739 ex
1446 707 1530 739 bono
1543 705 1660 749 pioque
1675 704 1743 737 viro

281 764 398 807 impius
412 769 588 806 generatur,
605 763 657 806 qui
681 762 805 805 genitus
826 767 886 800 est,
902 771 966 793 non
989 761 1138 803 genitoris
1160 771 1276 793 nomen
1298 760 1399 792 sortiri
1419 761 1529 799 debet,
1553 760 1609 792 sed
1624 759 1694 802 ejus
1708 759 1743 790 in

281 829 346 861 quo
357 819 426 861 ipse
441 823 489 850 est
503 817 624 861 generis
637 829 645 849 ε
669 816 933 860 quemadmodum
949 826 1042 857 supra
1056 815 1204 853 diximus,
1219 815 1244 846 si
1258 826 1357 857 equus
1372 815 1459 847 bovis
1471 814 1588 857 prolem
1603 818 1746 856 generet,

282 883 346 904 non
359 881 474 915 equum
489 871 558 914 ejus
573 871 684 912 filium,
697 871 750 902 sed
767 871 878 903 bovem
895 869 1174 901 denominandum.
1217 868 1340 901 Herus.
1362 868 1415 901 Sic
1430 873 1489 900 est.
1531 868 1589 900 So.
1612 865 1742 899 Homini

279 926 376 968 igitur
387 925 483 968 impio
499 936 536 957 ex
553 925 605 967 pio
622 924 728 966 genito
743 935 807 956 non
824 923 974 965 parentis,
989 923 1043 954 sed
1059 923 1181 965 generis
1197 933 1312 954 nomen
1326 922 1571 954 attribuendum.
1615 920 1740 954 nanu.

283 979 368 1011 Vera
383 980 450 1011 haec
463 984 546 1012 sunt.
593 979 651 1011 So.
674 978 787 1020 Neque
803 977 896 1019 igitur
910 976 1134 1018 Theophilum,
1148 975 1180 1007 id
1196 982 1244 1008 est
1258 976 1321 1007 Dei
1341 975 1487 1014 amicum,
1501 985 1606 1018 neque
1616 975 1742 1007 Mnesi-

283 1034 402 1071 theum,
417 1033 449 1064 id
464 1037 511 1064 est
527 1032 590 1064 Dei
607 1041 785 1073 memorem,
801 1032 851 1063 vel
867 1031 959 1062 talem
976 1030 1111 1072 aliquem
1135 1029 1313 1072 hujusmodi
1331 1040 1441 1062 vocare
1463 1029 1563 1061 filiurn
1578 1028 1671 1060 talem
1686 1029 1743 1060 de·

282 1092 345 1124 cet,
359 1087 413 1118 sed
429 1087 583 1118 contraria
597 1086 846 1128 significantibus
861 1085 1039 1117 nominibus
1063 1085 1220 1126 appellare
1235 1096 1243 1115 x
1265 1085 1291 1115 si
1306 1084 1400 1116 ruodo
1415 1089 1499 1116 reete
1513 1083 1643 1123 nomina
1654 1082 1744 1115 insti-

282 1145 350 1172 tuta
364 1151 431 1173 esse
444 1141 572 1173 debent.
617 1139 739 1172 Henm.
760 1140 813 1172 Sio
835 1150 957 1182 prorsus
983 1139 1152 1181 agendum,
1167 1150 1186 1170 o
1202 1138 1356 1171 Socrates.
1399 1138 1458 1170 So.
1479 1137 1627 1170 Profecto
1641 1135 1746 1169 Oresti

281 1203 397 1226 nomen
411 1199 504 1232 recte,
521 1205 540 1226 o
555 1194 782 1236 Hermogenes,
795 1194 920 1225 videtur
935 1193 1128 1236 impositum,
1145 1192 1212 1224 sive
1235 1192 1340 1234 aliqua
1362 1202 1426 1223 sors
1447 1191 1493 1223 illi
1504 1201 1629 1223 -nomen
1643 1189 1746 1227 dedit.

282 1249 346 1279 sive
362 1247 459 1290 poeta
482 1248 623 1291 quidam,
637 1248 767 1280 ferinam
794 1248 865 1290 ejus
886 1253 1029 1279 naturam
1053 1252 1267 1288 agrestemque
1293 1251 1326 1278 et
1349 1251 1528 1277 montanam
1556 1244 1683 1276 nomine
1704 1255 1744 1277 oo

280 1301 471 1343 significans.
515 1301 637 1334 Heum-
658 1301 711 1334 Sic
726 1306 867 1343 apparet,
891 1300 991 1343 [39⁵]
1015 1301 1170 1333 Socrates.
1216 1300 1274 1333 So.
1296 1300 1431 1332 Videtur
1444 1303 1478 1332 et
1502 1298 1583 1342 patri
1603 1297 1673 1340 ejus
1692 1308 1743 1330 se·

281 1356 421 1387 cundum
447 1361 588 1388 naturam
614 1365 728 1387 nomen
751 1365 832 1388 esse.
877 1354 1003 1388 Herm.
1030 1354 1182 1396 Apparet.
1225 1354 1282 1387 So.
1307 1353 1451 1397 Apparet
1464 1352 1574 1396 ntique
1588 1352 1658 1391 talis
1677 1361 1745 1384 esse

281 1409 513 1450 Agamemnon,
531 1414 564 1440 ut
579 1409 639 1440 sibi
657 1408 861 1440 laborandum
887 1413 1015 1441 censeat
1031 1408 1292 1450 tolerandumque
1306 1413 1339 1440 et
1352 1408 1384 1440 in
1399 1407 1436 1439 iis
1449 1418 1522 1450 quae
1536 1406 1676 1439 decrevit
1689 1415 1746 1448 per

281 1462 426 1494 virtutem
453 1463 726 1504 perseverandum.
776 1462 1005 1505 Argumentum
1021 1473 1093 1494 vero
1123 1462 1298 1494 tolerantias
1320 1472 1385 1494 suas
1407 1461 1492 1504 apud
1515 1460 1640 1502 Trojam
1658 1465 1745 1492 tanto

281 1526 353 1548 eum
369 1516 504 1549 exercitu
521 1516 702 1558 perduratio
717 1516 861 1558 praebuit.
906 1516 1001 1554 Quod
1030 1516 1125 1558 igitur
1147 1516 1295 1548 mirabilis
1310 1515 1539 1558 perseverantia
1551 1515 1597 1547 vir
1611 1514 1665 1546 hie
1676 1513 1746 1546 fue·

281 1569 332 1607 rit,
349 1580 464 1602 nomen
479 1570 636 1612 significat
651 1568 883 1612 Agamemnon,
897 1570 988 1612 quasi
1016 1575 1152 1612 agastos,
1180 1569 1213 1601 id
1237 1575 1285 1602 est
1310 1569 1469 1606 mirabilis,
1483 1567 1636 1612 epimoni,
1650 1567 1684 1600 id
1698 1572 1748 1600 est

283 1624 524 1665 perseverantia.
568 1622 661 1655 Forte
674 1634 746 1655 vero
768 1629 802 1656 et
825 1623 939 1656 Atreus
965 1630 1048 1656 recte
1071 1629 1119 1655 est
1141 1623 1331 1657 nominatus.
1352 1634 1413 1655 nex
1427 1622 1511 1655 enim
1527 1620 1700 1665 Chrysippi
1713 1626 1747 1654 et

281 1676 452 1709 erudelitas
468 1677 615 1709 adversus
638 1677 799 1721 Thyesten
823 1679 951 1710 noxium
974 1678 1246 1721 perniciosumque
1271 1678 1358 1709 illum
1383 1678 1608 1710 demonstrant.
1651 1675 1748 1708 Unde

281 1731 514 1773 cognominatio
530 1741 696 1774 parumper
711 1732 852 1764 declinat
872 1738 905 1764 et
927 1733 1008 1765 elam
1032 1731 1147 1769 innuit,
1162 1737 1197 1764 ut
1215 1742 1279 1764 non
1291 1731 1484 1775 quibuslibet
1497 1736 1637 1763 naturam
1651 1730 1747 1774 hujus

281 1784 336 1815 viri
352 1785 512 1817 declaretx
535 1785 584 1817 his
599 1790 706 1818 autem
724 1785 780 1827 qui
796 1786 957 1817 nominum
975 1785 1066 1828 periti
1079 1792 1163 1823 sunt,
1177 1785 1251 1817 satis
1262 1785 1354 1818 Atrei
1367 1785 1555 1828 significatio
1570 1789 1673 1828 patet.
1694 1785 1747 1817 dt-

280 1839 361 1870 eitur
375 1839 458 1870 enim
470 1840 642 1871 seeundum
657 1845 769 1878 ateres,
786 1845 945 1882 atrepton,
960 1839 1185 1881 ateronyquasi
1199 1839 1386 1881 indomitus,
1404 1839 1614 1881 inexorabilia,
1634 1839 1746 1871 noxius

280 1892 588 1935 contumeliosusque
603 1894 707 1926 suerit.
752 1894 888 1926 Videtur
902 1900 935 1926 et
947 1893 1059 1936 Pelopi
1074 1904 1190 1926 nomen
1205 1894 1289 1925 baud
1312 1895 1352 1926 ab
1378 1904 1410 1926 re
1430 1893 1591 1926 tributum·
1631 1892 1747 1925 Romi*

280 1955 352 1977 nem
368 1946 500 1989 quippe,
515 1957 587 1993 quas
617 1958 715 1990 prope
740 1953 814 1979 sunt
828 1948 1001 1989 videntem,
1023 1957 1138 1980 nomen
1160 1948 1245 1979 istud
1260 1958 1397 1990 congrue
1410 1947 1579 1990 signifieat.
1623 1947 1748 1980 Hanu-

280 1999 347 2032 Cur
359 1999 407 2031 illi
417 2000 451 2032 id
466 2001 638 2033 convenit?
683 2001 741 2035 So.
767 2002 926 2039 Quoniam
941 2002 974 2033 in
989 2002 1117 2045 Myrtili
1128 2003 1228 2040 caede,
1244 2006 1282 2034 ut
1295 2002 1401 2040 fertur,
1417 2001 1580 2045 providere
1595 2001 1674 2032 nibil
1685 2010 1744 2043 po·-

281 2053 354 2091 tuit,
369 2062 473 2096 neque
488 2054 610 2087 eminus
624 2056 804 2099 prospicere
819 2061 939 2098 quanta
955 2056 1013 2088 toti
1031 2056 1138 2098 generi
1151 2065 1190 2088 ex
1204 2057 1265 2089 hoc
1278 2055 1440 2088 calamitas
1453 2055 1648 2088 immineret:
1671 2065 1744 2098 qun

281 2107 364 2138 enim
380 2113 453 2140 ante
468 2109 565 2151 pedes
579 2115 679 2147 erant,
694 2114 727 2140 et
755 2110 796 2141 ad
820 2109 987 2152 praeseutia
1010 2114 1130 2141 tantum
1154 2109 1363 2152 respiciebat5
1384 2109 1446 2142 hoo
1461 2114 1566 2141 autent
1580 2113 1630 2142 est
1644 2119 1746 2152 propo

281 2161 439 2202 aspicere:
463 2162 548 2204 quod
564 2167 598 2194 et
611 2163 698 2199 fecit.
713 2174 753 2195 cu
765 2174 794 2195 m
809 2163 1035 2206 Hippodamiae
1049 2163 1231 2207 conjugium
1246 2163 1332 2195 omni
1346 2168 1463 2196 conatu
1476 2162 1556 2196 inire
1568 2163 1747 2196 contendit.

280 2215 367 2247 unde
390 2215 503 2258 Pelopi
526 2227 641 2249 nomen
664 2226 684 2249 a
708 2218 809 2260 pelas,
838 2218 872 2250 id
895 2223 944 2250 est
967 2229 1076 2260 prope,
1088 2224 1121 2250 et
1142 2218 1242 2260 opsis,
1257 2218 1342 2260 quod
1364 2218 1405 2250 nd
1421 2217 1574 2250 visionem
1598 2217 1746 2260 pertinet·

280 2268 415 2301 Tantalo
430 2270 507 2312 quin
522 2271 616 2303 etiam
631 2281 746 2304 nomen
759 2277 870 2304 natura
884 2272 954 2315 ipsa
967 2273 1092 2304 videtur
1106 2272 1298 2314 impositum,
1313 2272 1338 2304 si
1353 2281 1425 2304 vera
1435 2277 1519 2310 suut,
1529 2281 1602 2315 qun
1609 2271 1744 2304 cimam-

277 2323 428 2356 feruntur.
474 2324 598 2358 Henna.
621 2325 775 2363 Quaenam
790 2325 872 2370 ista?
917 2327 973 2359 So.
997 2326 1091 2364 Quod
1107 2326 1224 2359 viventi
1240 2327 1344 2359 adhuc
1359 2325 1405 2358 illi
1418 2324 1695 2369 advers-plurim
1707 2330 1743 2358 et

280 2376 387 2419 gravia
400 2378 612 2420 contigerunt,
628 2380 817 2422 tandemque
832 2380 936 2423 patria
958 2380 1027 2423 ejus
1049 2381 1150 2412 omnis
1169 2381 1314 2413 subversa
1334 2385 1395 2412 est.
1416 2380 1569 2412 defuncto
1592 2384 1745 2422 preterea

280 2437 387 2463 saxum
402 2432 434 2463 in
445 2439 543 2474 eaput
556 2434 711 2472 imminet,
726 2445 789 2467 sors
803 2440 886 2468 certe
902 2435 1078 2468 durissima.
1102 2436 1169 2468 hoec
1181 2443 1305 2478 prorsus
1319 2445 1390 2467 cum
1405 2435 1532 2466 nomine
1541 2439 1719 2477 congruunt
1730 2445 1742 2467 ι

282 2485 411 2526 perinde
426 2496 463 2518 ae
478 2486 504 2517 si
519 2487 589 2528 quis
604 2488 764 2521 nominare
789 2489 978 2527 talantaton,
993 2489 1024 2521 id
1049 2494 1098 2521 est
1122 2489 1371 2522 infelicissimum
1392 2488 1552 2526 voluisset,
1566 2489 1622 2521 sed
1645 2488 1743 2531 paulo

280 2538 404 2570 locutus
418 2539 592 2579 obscurius,
609 2551 664 2583 pro
678 2542 846 2575 Talantato
859 2543 1024 2575 'Tantalum
1049 2543 1215 2585 posuisset.
1260 2542 1338 2575 Tale
1360 2543 1470 2585 utique
1490 2550 1605 2575 nomen
1619 2542 1746 2575 sonunt

279 2591 349 2634 ejus
363 2593 493 2625 adversa
506 2593 575 2635 ipso
599 2606 720 2628 rumore
743 2597 883 2638 gentium
906 2598 1076 2640 prebuisse
1092 2598 1224 2629 videtur.
1268 2597 1355 2635 Quin
1375 2597 1470 2630 etiam
1492 2596 1574 2639 patri
1585 2595 1657 2638 ejus
1669 2595 1746 2630 Jovi

279 2651 364 2678 recte
377 2657 492 2680 nomen
508 2652 557 2679 est
570 2649 717 2688 inditum,
741 2650 839 2694 [396]
863 2662 966 2694 neque
981 2657 1084 2683 tamen
1101 2651 1194 2684 facile
1217 2651 1360 2694 cognitu.
1403 2650 1462 2683 Est
1475 2651 1558 2683 enim
1571 2650 1660 2682 velut
1673 2661 1744 2683 on·

278 2700 325 2732 tio
348 2701 493 2743 quaedsm
517 2701 607 2734 Jovis
626 2713 763 2736 nomen:
786 2705 873 2747 quod
896 2705 1023 2748 quidem
1047 2705 1186 2736 bifariam
1214 2705 1398 2748 partientes,
1413 2704 1526 2746 parti·
1541 2714 1617 2742 uun,
1631 2704 1742 2747 putu·-

279 2754 376 2785 altera
389 2759 477 2797 parte
493 2755 618 2788 utimur·
640 2757 768 2798 quidam
783 2758 872 2796 Zina,
882 2759 915 2791 id
928 2764 976 2792 est
992 2759 1148 2791 viventem
1163 2765 1196 2791 et
1211 2759 1318 2796 vitam.
1330 2759 1459 2802 quidam
1474 2757 1551 2796 Db,
1563 2758 1599 2790 id
1620 2763 1671 2790 est
1685 2768 1742 2800 per

279 2813 312 2838 et
324 2818 450 2840 causam
462 2819 517 2850 per
529 2818 638 2851 quam,
653 2815 778 2845 vocant.
802 2823 873 2854 quae
886 2817 991 2855 partes
1006 2824 1069 2845 uns
1084 2813 1268 2856 composita
1283 2818 1423 2844 usturam
1440 2811 1502 2843 Dei
1518 2811 1616 2854 ipsius
1630 2817 1738 2844 osten·

277 2861 379 2893 dunt:
401 2863 487 2904 quod
501 2863 634 2895 maxime
650 2865 746 2897 debet
761 2876 875 2898 nomen
890 2867 1012 2899 efficere
1023 2876 1127 2909 posse.
1170 2867 1268 2899 Nulla
1282 2867 1365 2898 enim
1375 2866 1466 2898 nobis
1481 2865 1654 2907 ceterisque
1666 2875 1737 2897 om·

277 2916 370 2947 nibus
384 2913 510 2948 v'ivendi
525 2917 621 2959 magis
633 2928 727 2950 causa
738 2925 797 2962 est,
810 2931 904 2962 quam
919 2920 1065 2963 princeps
1081 2931 1195 2963 rexque
1208 2921 1361 2952 omnium.
1405 2919 1606 2962 Quapropter
1618 2920 1736 2952 desen·

278 2978 392 3002 nomen
407 2975 454 3003 est
469 2970 518 3004 hic
535 2971 625 3004 Deus
640 2973 775 3012 sortitus,
794 2985 846 3016 per
861 2985 954 3018 quem
971 2975 1035 3007 viis
1050 2986 1170 3018 semper
1186 2974 1362 3007 viventibus
1375 2974 1518 3007 omnibus
1532 2973 1624 3007 inest.
1656 2974 1733 3007 Sec-
