1846 3268
229 241 308 277 226
824 235 1090 274 PLATOle
1600 238 1700 292 [518

230 342 430 379 medicinam,
446 341 479 373 in
493 341 605 383 quibus
621 340 738 372 curatio
755 339 893 382 corporis
910 350 941 371 re
958 349 1030 371 vera
1046 340 1211 373 consistit:
1236 351 1330 383 quam
1345 341 1439 374 decet
1456 340 1638 384 hujusmodi
1651 352 1700 375 ar-

228 397 312 427 tibus
323 395 486 438 imperare,
500 405 667 437 earumque
684 393 830 436 operibus
847 393 905 431 uti,
921 398 1085 436 propterea
1102 395 1187 436 quod
1204 395 1365 428 scientiam
1383 396 1497 428 habeat
1517 396 1591 429 boni
1606 401 1702 440 atque

230 450 316 486 mali,
332 455 484 492 quantum
500 450 540 480 ad
556 448 692 490 corporis
710 449 845 490 pertinet
865 447 1013 479 alimenta
1038 455 1132 491 atque
1147 449 1358 482 valetudinem
1374 462 1381 480 ε
1409 449 1506 492 [518]
1530 451 1616 492 quod
1632 451 1702 492 qui-

230 505 303 534 dem
317 504 358 534 ab
373 504 421 534 his
437 503 506 534 aliis
522 502 667 534 omnibus
691 502 863 544 ignoratur.
887 512 980 543 quarn
997 503 1038 534 ob
1064 513 1190 536 causam
1215 504 1386 536 dicendum
1412 509 1471 541 est,
1493 505 1548 536 has
1573 505 1702 547 quidem

231 558 356 589 serviles
373 557 589 598 ministrasque
605 562 637 588 et
651 556 819 588 illiberales
834 566 903 587 esse
919 557 1001 588 circa
1017 558 1156 599 corporis
1177 558 1296 590 cultum
1313 569 1320 589 ε
1343 558 1570 600 gymnasticam
1585 569 1658 590 vero
1672 563 1706 591 et

230 611 420 642 medicinam
446 611 493 641 his
520 604 629 642 merito
653 610 818 642 dominari.
849 627 851 629 ·
865 609 944 642 Haec
961 610 1056 652 igitur
1070 612 1180 643 eadem
1196 622 1263 643 esse
1278 613 1371 643 etiam
1387 611 1470 644 circa
1492 612 1643 650 animum.
1657 611 1704 644 vi-

230 665 312 696 deris
326 665 403 696 mihi
418 665 573 696 interdum
589 674 778 705 cognoscere
792 675 800 696 ε
826 664 966 706 mihique
980 665 1129 697 concedis
1145 671 1292 708 tanquam
1307 666 1383 708 quid
1394 666 1496 697 dicam
1508 665 1701 708 intelligens,

231 718 350 750 Verum
378 718 474 761 paulo
497 723 570 761 post
594 718 725 750 adducis
752 719 784 749 in
811 719 962 756 medium,
980 719 1059 751 viros
1082 720 1244 762 praeclaros
1266 724 1300 752 et
1321 721 1420 752 bonos
1442 718 1477 751 in
1501 720 1560 751 hac
1574 719 1704 752 civitate

231 773 394 814 quondam
414 773 535 805 fuisse:
560 778 655 814 atque
679 783 729 805 me
754 769 925 815 quaerente,
940 773 1070 815 quinam
1093 774 1144 806 isti
1160 774 1288 812 fuerint,
1302 774 1416 806 videris
1441 773 1517 806 mihi
1532 773 1705 805 simillimos

230 826 368 868 proferre
380 826 522 858 homines
537 827 620 858 circa
635 837 699 858 rem
714 825 885 868 publicam,
897 837 934 858 ac
951 827 975 858 si
992 838 1041 859 me
1058 834 1275 869 percontante,
1290 829 1419 870 quinam
1434 827 1551 860 fuerint
1564 833 1620 859 aut
1641 827 1705 859 sint

232 880 310 912 boni
336 881 417 912 eirca
442 881 670 923 gymnasticam
694 890 857 922 corporum
882 885 1050 918 curatores,
1066 883 1270 924 responderes
1296 882 1382 920 mihi,
1398 886 1431 914 et
1456 881 1548 914 valde
1573 881 1703 923 quidem

230 934 324 972 serio,
340 934 497 966 Thearion
523 934 621 976 pistor
642 939 674 966 et
699 934 883 972 Mithaecus,
899 935 955 976 qui
978 935 1018 967 de
1044 935 1219 968 Siculorum
1244 941 1309 967 arte
1324 936 1507 978 coquinaria
1520 935 1656 977 scripsit,
1671 939 1704 967 et

234 986 402 1019 Sarambus
426 997 529 1029 caupo
545 1000 552 1019 ε
577 988 666 1030 quasi
689 988 721 1019 hi
748 988 905 1020 mirabiles
933 999 1097 1031 corporum
1125 990 1260 1022 cultores
1286 989 1459 1021 exstiterint
1473 1001 1481 1020 ι
1505 998 1637 1031 quorum
1650 989 1704 1022 hic

236 1051 348 1072 suaves
364 1051 473 1082 panes,
487 1041 541 1072 ille
558 1041 680 1082 epulas,
695 1041 748 1072 ille
764 1041 871 1072 vinum
889 1043 1094 1083 praeparabat.
1138 1043 1280 1074 Fortasse
1301 1043 1398 1085 igitur
1411 1043 1543 1087 indigne
1559 1042 1665 1082 ferres,
1678 1043 1707 1075 si

233 1095 291 1126 tibi
318 1095 456 1127 dicerem
471 1107 478 1126 :
504 1094 595 1132 nihil,
612 1106 631 1125 o
657 1095 739 1126 bone
755 1094 813 1132 vir,
835 1095 876 1126 de
901 1096 1101 1138 gymnastica
1122 1096 1284 1139 intelligis,
1305 1097 1427 1139 quippe
1452 1107 1525 1129 cum
1550 1097 1706 1130 ministros

233 1149 309 1180 mihi
324 1148 356 1180 in
373 1148 511 1180 medium
530 1149 641 1179 afferas
664 1149 939 1191 cupiditatumque
963 1155 1140 1188 assertores,
1157 1152 1234 1193 quid
1254 1151 1420 1183 honestum
1445 1151 1602 1183 bonumve
1617 1151 1660 1182 sit
1670 1151 1706 1183 iu

232 1202 296 1240 his,
315 1213 515 1244 nequaquam
531 1202 755 1244 dijudicantes,
773 1203 827 1233 sed
853 1207 1016 1244 utcunque
1038 1204 1206 1245 contingit,
1221 1204 1388 1246 implentes
1402 1214 1532 1247 corpora
1546 1205 1707 1236 hominum

232 1267 332 1299 eaque
362 1257 558 1298 saginantes.
583 1257 637 1299 qui
655 1261 688 1288 et
703 1256 870 1288 laudantur
890 1258 930 1288 ab
952 1257 1043 1299 ipsis,
1057 1268 1129 1289 cum
1146 1263 1250 1289 tamen
1276 1258 1317 1289 ob
1341 1258 1468 1290 nimiam
1488 1258 1707 1305 impletionem

233 1321 341 1342 carnes
355 1309 418 1342 illis
435 1315 554 1342 veteres
569 1310 800 1352 dissipaverint.
824 1315 997 1353 posteaque
1023 1311 1215 1344 adventante
1236 1312 1356 1350 morbo,
1371 1312 1426 1354 qui
1437 1312 1484 1344 ita
1499 1312 1608 1344 nutriti
1622 1317 1708 1350 sunt,

232 1375 286 1396 eos
301 1364 442 1407 quidem,
458 1364 513 1406 qui
533 1369 643 1407 postea
666 1365 904 1406 consuluerunt,
926 1366 967 1396 ob
993 1366 1201 1407 ignorantiam
1222 1371 1393 1398 accusant:
1417 1376 1471 1398 eos
1486 1376 1571 1404 vero,
1587 1366 1643 1408 qui
1665 1367 1707 1398 ad

232 1418 397 1450 libidinem
414 1418 584 1456 nutrivere,
600 1429 815 1461 nequaquam.
837 1430 924 1461 cum,
945 1419 1088 1462 inquam,
1102 1420 1235 1462 repletio
1257 1420 1328 1452 talis
1343 1425 1490 1463 tanquam
1504 1420 1710 1452 immoderata

233 1472 362 1503 tandem
375 1471 468 1504 infert
483 1473 641 1514 morbum,
657 1477 733 1505 tune
749 1479 920 1515 praesentes
936 1474 1130 1506 consultores
1147 1474 1350 1506 criminantur
1363 1479 1396 1506 et
1410 1471 1599 1517 improbant,
1613 1479 1710 1518 atque

233 1525 348 1567 injuria
363 1527 502 1568 insuper,
523 1526 549 1557 si
573 1531 704 1568 queant,
718 1526 881 1558 afficiunt:
905 1527 1023 1569 priores
1037 1538 1110 1559 vero
1130 1528 1213 1566 illos,
1228 1528 1284 1570 qui
1306 1538 1432 1560 causam
1457 1529 1557 1560 morbi
1577 1529 1707 1571 dedere,

234 1579 381 1611 laudibus
394 1579 541 1613 efferunt.
562 1587 568 1590 ”
588 1579 630 1611 Et
645 1585 679 1611 tu
695 1590 794 1623 nunc,
810 1591 829 1611 o
843 1581 1003 1619 Callicles,
1020 1580 1212 1614 simillimum
1233 1582 1385 1623 quiddam
1399 1581 1489 1624 facis,
1504 1581 1637 1614 laudans
1651 1583 1710 1614 ho-

233 1633 346 1671 mines,
361 1634 490 1675 quibos
506 1634 664 1666 nutrivere
681 1639 778 1676 atque
805 1634 853 1666 his
877 1635 970 1666 rebus
993 1645 1124 1677 quarum
1150 1636 1269 1677 cupido
1284 1635 1464 1674 incesserat,
1479 1635 1708 1678 impleverunt:

235 1697 314 1729 quos
330 1687 420 1718 aiunt
435 1697 580 1729 magnam
595 1687 738 1719 effecisse
754 1688 934 1719 civitatem:
960 1689 1045 1730 quod
1061 1694 1167 1720 autem
1182 1695 1306 1720 tumens
1320 1694 1354 1720 et
1366 1689 1451 1721 intus
1465 1689 1547 1722 male
1561 1689 1710 1732 sanajam
1753 1682 1756 1683 ⁷

234 1741 276 1772 sit
286 1741 326 1772 ob
344 1740 491 1782 antiquos
501 1739 572 1772 illos
583 1751 645 1771 non
659 1741 809 1773 sentiunt.
825 1741 923 1783 [519]
935 1742 1052 1784 absque
1065 1742 1150 1774 enim
1163 1743 1368 1784 temperantia
1378 1747 1411 1774 et
1419 1742 1544 1784 justitia
1554 1744 1710 1785 portibus,

234 1793 411 1832 navalibus,
421 1794 587 1832 moenibus,
599 1793 735 1831 tributis,
747 1794 953 1835 vectigalibus
964 1800 996 1826 et
1007 1794 1185 1836 hujusmodi
1199 1795 1289 1837 nugis
1301 1795 1459 1828 civitatem
1469 1797 1552 1829 hanc
1561 1797 1714 1838 impleve-

236 1853 319 1881 runt.
367 1848 506 1885 Quando
530 1847 628 1889 igitur
649 1849 774 1879 morbus
797 1848 945 1890 erumpit,
962 1853 1037 1880 tunc
1060 1848 1106 1880 illi
1129 1849 1184 1890 qui
1210 1849 1243 1880 in
1269 1849 1437 1891 praesentia
1456 1850 1632 1892 gubernant
1646 1861 1710 1889 rem

236 1901 396 1943 publicam
412 1901 627 1944 improbantur
641 1913 647 1932 :
671 1901 898 1933 Themistocles
914 1911 987 1933 vero
1003 1901 1071 1943 ipse
1087 1907 1120 1933 et
1134 1902 1250 1938 Cimon
1272 1907 1305 1934 et
1323 1902 1474 1941 Pericles,
1489 1904 1544 1945 qui
1559 1903 1712 1936 malorum

236 1966 331 1988 causa
345 1956 443 1993 fuere,
459 1955 638 1990 laudantur.
664 1961 697 1986 tu
716 1965 786 1987 vero
802 1955 946 1998 forsitan,
961 1955 1022 1987 nisi
1034 1966 1158 1994 caveas,
1174 1956 1319 1999 capieris,
1334 1962 1367 1988 et
1381 1957 1500 1991 micus
1519 1966 1605 1990 meus
1621 1957 1710 1991 Alei-

236 2010 360 2048 biades,
373 2010 500 2052 quando
517 2013 628 2052 praeter
638 2009 692 2040 illa
707 2019 778 2051 quae
794 2010 951 2051 acquisita
964 2015 1063 2047 erant,
1078 2015 1184 2043 vetera
1196 2022 1323 2054 quoque
1338 2016 1430 2043 erunt
1443 2011 1576 2044 amissa:
1599 2022 1712 2056 quam-

235 2063 283 2096 vis
299 2064 448 2099 malorum
461 2074 556 2095 causa
571 2074 626 2095 vos
641 2074 706 2094 non
722 2064 800 2106 sitis,
815 2065 870 2095 sed
886 2074 949 2096 una
962 2075 1035 2097 cum
1049 2065 1160 2097 ceteris
1170 2076 1277 2098 causa.
1321 2066 1422 2109 Atqui
1436 2077 1497 2109 ego
1507 2077 1572 2099 rem
1582 2067 1709 2100 stult-n

235 2122 269 2150 et
283 2128 367 2150 nunc
382 2128 476 2150 cerno
493 2123 526 2149 et
540 2118 580 2150 de
596 2117 734 2160 antiquis
746 2117 810 2150 illis
825 2119 934 2153 audio.
958 2119 1062 2151 sentio
1078 2119 1174 2157 enirn,
1190 2121 1317 2162 quando
1329 2120 1440 2153 civitas
1455 2121 1593 2165 aliquem
1606 2132 1646 2154 α
1659 2122 1709 2155 his

237 2171 291 2213 qui
307 2172 339 2203 in
354 2182 387 2203 re
399 2171 529 2214 publica
543 2177 717 2209 versantur,
738 2171 770 2205 in
768 2171 904 2213 justitiae
916 2173 1065 2205 damnare
1079 2174 1272 2215 aggreditur,
1297 2174 1430 2216 graviter
1443 2185 1499 2210 eos
1512 2176 1591 2208 ferre
1614 2180 1711 2218 atque

238 2235 272 2257 se
287 2225 450 2268 afflictare,
465 2226 555 2268 quasi
570 2225 679 2268 iniqua
696 2226 857 2268 patiantur
871 2228 927 2269 qui
944 2227 1097 2260 beneficia
1112 2228 1144 2259 in
1155 2238 1217 2259 rem
1230 2229 1389 2270 publicam
1401 2229 1499 2262 multa
1507 2229 1710 2264 contulerint.

239 2277 367 2321 Nempe
382 2280 485 2318 aiunt,
501 2279 620 2322 injuste
635 2291 668 2312 se
684 2281 723 2312 ab
738 2281 794 2312 illa
806 2281 960 2314 damnari.
983 2282 1068 2324 quod
1081 2282 1209 2314 omnino
1220 2282 1331 2315 falsum
1341 2288 1400 2315 est.
1443 2282 1615 2326 Nunquam
1627 2284 1712 2320 euim

238 2333 282 2364 rei
298 2333 435 2375 publicae
451 2334 640 2376 gubernator
654 2334 773 2377 injuste
789 2335 955 2368 damnatur
968 2337 1009 2368 ab
1023 2347 1074 2375 ea,
1085 2337 1135 2368 cui
1149 2341 1274 2379 praeest,
1285 2337 1423 2369 civitate.
1456 2337 1594 2370 Videtur
1605 2343 1712 2370 autem

238 2386 323 2418 idern
348 2387 474 2419 evenire
501 2388 548 2419 his
570 2389 626 2430 qui
652 2389 685 2420 in
712 2399 744 2421 re
771 2390 899 2432 publica
914 2395 1085 2429 versantur,
1111 2395 1205 2433 atque
1233 2391 1392 2433 sophistis.
1434 2390 1590 2432 Sophisrae
1615 2391 1713 2429 enim,

240 2441 382 2483 quamvis
397 2441 431 2472 in
446 2442 559 2473 ceteris
573 2443 746 2485 sapientes,
761 2443 794 2474 in
808 2444 869 2476 boc
883 2447 988 2476 tamen
1004 2454 1068 2476 uno
1090 2445 1223 2476 absurde
1234 2455 1267 2476 se
1282 2449 1406 2486 gerunt,
1422 2445 1508 2486 quod
1521 2455 1593 2476 eum
1607 2455 1641 2476 se
1655 2445 1715 2476 do-

241 2504 311 2526 cere
326 2494 455 2526 virtutes
481 2494 646 2534 affirment,
662 2507 747 2539 saepe
774 2502 878 2529 tamen
901 2498 1072 2540 discipulos
1088 2498 1174 2530 velut
1186 2499 1325 2540 ingratos
1340 2503 1491 2530 accusant
1503 2502 1599 2540 atque
1611 2498 1714 2539 injus*

240 2553 301 2589 tos,
315 2546 370 2590 qui
385 2548 469 2579 bona
484 2549 524 2580 ab
540 2549 584 2581 eis
600 2551 798 2593 reportarint,
822 2552 995 2584 mercedem
1013 2557 1116 2584 tamen
1131 2551 1248 2584 nullam
1264 2557 1318 2583 aut
1332 2552 1461 2594 gratiam
1481 2553 1625 2585 referant.
1646 2562 1712 2595 quo

240 2601 368 2644 quidem
384 2612 525 2634 sermone
540 2603 619 2635 nihil
635 2615 654 2636 a
670 2606 790 2637 ratione
806 2611 855 2637 est
872 2606 1018 2649 alienius,
1034 2607 1120 2648 quod
1137 2605 1286 2639 videlicet
1301 2606 1358 2638 viri
1379 2606 1454 2638 boni
1465 2606 1607 2648 justique
1621 2605 1710 2643 facti.

240 2659 273 2686 et
288 2655 327 2686 ab
340 2654 494 2696 injustitia
510 2659 711 2699 praeceptoris
726 2669 822 2702 opera
845 2660 955 2692 remoti
976 2665 1071 2703 atque
1092 2661 1220 2702 justitia
1234 2660 1370 2703 praediti,
1386 2660 1516 2702 injurias
1527 2670 1565 2692 ea
1578 2659 1649 2702 ipsa
1661 2660 1713 2699 inq

238 2708 368 2750 justitia,
382 2719 477 2751 quam
492 2721 557 2742 non
574 2712 691 2744 habent
708 2714 953 2757 praeceptoribus
969 2715 1115 2748 inferant.
1138 2726 1179 2746 an
1201 2725 1265 2747 non
1280 2715 1405 2747 videtur
1424 2714 1496 2756 tibi,
1510 2724 1536 2747 n
1553 2714 1665 2752 amice,
1678 2714 1713 2746 id

243 2763 410 2794 absurdum
423 2764 436 2795 i>
479 2763 530 2796 Re
547 2776 619 2797 vera
635 2769 813 2800 concionari
829 2780 892 2807 me,
908 2780 927 2801 o
942 2769 1102 2807 Callicles,
1113 2769 1259 2812 coegisti,
1271 2769 1458 2812 respondere
1472 2769 1594 2801 nolens.
1628 2767 1714 2800 Cn..

241 2816 291 2847 Tu
306 2826 379 2854 vero
407 2827 462 2860 per
486 2822 516 2850 te
535 2818 637 2861 ipsum
660 2821 764 2853 dicere
786 2833 848 2854 non
874 2828 976 2864 potes,
1002 2823 1064 2855 nisi
1089 2824 1159 2865 quis
1185 2823 1242 2855 tibi
1260 2823 1471 2866 respondeat?
1514 2822 1575 2862 So,
1593 2821 1716 2854 Videor

244 2870 392 2911 equidem
407 2882 416 2903 z
441 2877 474 2903 et
488 2883 571 2905 nunc
586 2873 767 2916 frequentes
778 2876 845 2918 jam
861 2879 997 2910 extendo
1010 2888 1179 2918 sermones,
1193 2879 1268 2909 dum
1281 2878 1349 2919 ipse
1361 2877 1512 2909 mihinon
1522 2876 1569 2908 vis
1582 2886 1714 2920 respon·

245 2924 331 2958 ‘³⁹¹0-
376 2925 452 2964 Sed,
476 2938 496 2959 0
524 2927 605 2960 bone
622 2928 678 2966 vir,
706 2940 760 2971 per
774 2931 889 2963 Jovem
918 2932 1126 2971 amicabilem,
1142 2932 1218 2964 mihi
1242 2932 1339 2971 dicas,
1356 2942 1396 2963 an
1420 2941 1485 2963 non
1509 2935 1621 2973 praeter
1643 2929 1716 2962 rati-
