1846 3268
252 295 332 334 2348
860 286 1128 328 PLATONIS
1617 293 1719 345 [232

251 396 404 437 Purgator
417 394 547 438 quidam
561 391 673 431 animas
689 390 772 423 visus
786 395 847 433 est,
862 390 1027 437 opiniones
1042 390 1216 433 exstirpans
1231 400 1352 430 omnes,
1367 401 1439 435 quae
1453 391 1604 425 doctrinis
1617 392 1719 436 impe.

250 449 394 481 dimento
422 452 508 482 sunt.
550 446 638 478 Tur..
661 445 715 477 Sic
743 449 793 476 est
821 454 957 487 prorsus.
1001 444 1070 477 Ηο.
1094 443 1249 488 Nunquid
1273 445 1372 488 [2³2]
1396 446 1545 486 advertis,
1572 446 1721 489 quotiens

255 502 371 545 aliquis
383 503 420 534 in
434 501 540 533 multis
564 499 682 542 peritus
704 491 847 541 apparet,
869 497 962 530 unius
984 508 1057 530 veto
1079 497 1243 540 cujusdam
1265 498 1339 531 artis
1361 499 1488 532 nomine
1509 506 1721 543 nuncupatur,

252 557 338 590 haud
354 556 473 588 sincere
487 555 545 587 hac
557 552 781 596 imaginatione
793 551 936 594 dignosci
948 552 959 584 ?
982 552 1084 584 Immo
1094 557 1229 595 constat,
1238 563 1309 584 eum
1321 553 1376 595 qui
1386 553 1468 586 circa
1476 559 1572 587 artem
1584 553 1722 597 aliquam

255 611 301 644 sic
315 610 460 648 afficitur,
474 620 539 640 non
556 617 651 651 posse
665 607 745 639 illud
771 607 874 655 ipsum
897 605 1064 649 inspicere,
1080 606 1121 638 ad
1145 607 1231 650 quod
1247 607 1398 639 doctrinas
1411 618 1519 640 omnes
1541 608 1724 650 hujusmodi

254 665 328 697 tend
334 668 399 698 unt.
444 663 602 706 Quocirca
616 661 724 694 multis
747 671 803 703 pro
819 671 883 692 uno
897 660 1077 697 nominibus
1092 671 1177 703 eum,
1197 661 1254 703 qui
1267 661 1357 693 variis
1371 660 1511 699 scientiis
1524 661 1650 695 videtur
1660 662 1723 697 im-

250 719 358 756 butus,
373 717 526 761 appellat.
569 717 656 761 Tim.
680 715 732 751 Ita
744 715 979 758 quodammodo
1003 719 1114 757 natura
1128 714 1304 746 institutum
1329 715 1363 758 id
1384 725 1452 755 esse
1467 719 1608 758 apparet.
1650 714 1721 750 Ho,

250 773 304 806 Ne
319 773 413 816 igitur
427 777 460 804 et
474 771 564 803 nobis
580 770 664 803 idem
681 774 808 812 propter
822 769 997 801 socordiam
1011 769 1045 801 in
1061 770 1120 802 bac
1134 768 1338 812 indagatione
1353 769 1529 811 contingat,
1542 772 1720 811 repetamus

251 827 286 860 in
301 826 407 869 primis
429 836 525 862 unum
540 825 662 867 aliquid
678 834 798 866 eorum,
811 834 883 866 quae
908 824 948 855 de
964 823 1104 865 sophista
1126 828 1201 856 sunt
1222 824 1319 859 dicta.
1344 834 1441 855 unum
1463 823 1584 866 quippe
1598 833 1637 854 ex
1658 822 1721 855 itti·

252 881 412 924 praecipue
428 870 602 925 sophistam
628 878 820 921 significasse
847 877 922 910 mihi
947 877 1083 913 videtur.
1127 877 1214 911 Tun.
1238 878 1326 916 Quid
1348 877 1454 916 illud?
1498 876 1566 910 Ho.
1589 876 1723 910 Contra-

255 929 406 968 dictoreui
421 934 510 966 illurn
528 943 595 965 esse
610 932 757 964 diximus.
800 931 890 964 Tun.
913 931 1060 963 Diximus
1076 937 1172 964 certe.
1215 931 1285 964 Ho.
1306 931 1425 963 Nonne
1436 937 1470 963 et
1482 930 1574 971 alios,
1588 934 1624 966 ut
1636 930 1722 965 idem

252 989 403 1029 efficiant,
418 987 575 1029 edocere?
619 985 707 1019 Tire.
731 985 804 1018 Hoc
820 995 958 1028 quoque.
1002 985 1071 1017 Ho.
1094 985 1269 1017 Videamus
1289 995 1388 1023 nunc,
1403 984 1576 1026 circa-quid
1590 983 1723 1019 maxime

251 1033 498 1081 contradictores
512 1041 633 1073 efficere
649 1039 727 1072 alios
744 1040 892 1081 sophistae
913 1049 946 1070 se
962 1039 1147 1081 praedicant.
1192 1038 1411 1071 Consideratio
1432 1048 1505 1070 vero
1519 1041 1627 1073 nostra
1649 1036 1724 1074 hinc

251 1102 354 1129 sumat
367 1095 541 1128 exordium.
584 1094 670 1126 Num
693 1093 727 1125 in
749 1094 841 1125 rebus
856 1093 984 1135 divinis,
999 1103 1197 1142 quascunque
1222 1092 1334 1135 vulgus
1361 1092 1471 1131 latent,
1485 1090 1724 1126 contradicendi

249 1151 433 1194 facultatem
450 1148 621 1192 praestant?
665 1147 755 1192 Tire.
778 1147 829 1191 Ita
845 1147 951 1179 fertur.
995 1147 1063 1180 Ho.
1087 1146 1176 1185 Quid
1198 1151 1303 1178 autem
1319 1146 1360 1179 de
1373 1146 1434 1185 his,
1448 1155 1519 1189 quae
1534 1145 1634 1179 oculis
1645 1155 1723 1179 cou-

251 1205 437 1247 spiciuntur,
452 1203 532 1242 eoelo
548 1213 585 1235 ac
600 1209 679 1235 terra
694 1206 727 1234 et
741 1201 828 1233 hisce
843 1202 934 1233 rebus
949 1211 1020 1244 quae
1035 1201 1083 1234 his
1097 1200 1320 1234 eontinentur?
1352 1200 1439 1235 Tne.
1462 1199 1550 1238 Quid
1565 1199 1722 1233 maxime?

252 1260 319 1293 Ho.
342 1259 467 1292 Etenim
483 1257 516 1290 in
533 1257 660 1300 privatis
674 1256 853 1298 colloquiis,
878 1255 1025 1299 quotiens
1047 1256 1089 1287 de
1104 1254 1307 1298 generatione
1328 1254 1526 1296 essentiaque
1551 1252 1724 1296 generatim

251 1312 373 1356 aliquid
388 1312 513 1350 dicitur,
529 1311 671 1343 videmus
686 1310 756 1343 illos
771 1310 811 1342 ad
826 1310 1105 1342 contradicendum
1121 1310 1321 1343 vehementes
1337 1319 1405 1345 esse
1416 1314 1449 1340 et
1461 1307 1539 1341 alios
1550 1306 1724 1341 sunamites

250 1366 381 1399 reddere
396 1376 502 1408 posse.
546 1364 635 1397 Tne.
661 1364 803 1401 Omnino
818 1363 958 1406 quidem.
1003 1363 1072 1400 Ho.
1095 1363 1182 1402 Quid
1198 1374 1271 1396 vero
1286 1363 1369 1396 circa
1390 1362 1474 1404 leges
1489 1372 1527 1394 ac
1539 1372 1604 1397 rem
1618 1360 1724 1404 publi-

250 1431 334 1458 cam,
355 1430 462 1452 nonne
486 1419 521 1451 in
546 1418 595 1450 his
620 1428 748 1465 quoque
773 1418 987 1451 contentiosos
1012 1418 1156 1450 homines
1180 1428 1213 1449 se
1237 1417 1359 1456 efficere
1383 1415 1590 1459 profitentur?
1633 1414 1723 1453 Tua,

249 1473 369 1515 Nemo,
384 1479 420 1515 ut
432 1474 478 1510 ita
491 1472 633 1514 dixerim,
649 1482 720 1513 cum
746 1471 806 1504 illis
821 1472 998 1509 dissereret,
1013 1471 1075 1503 nisi
1095 1472 1157 1504 hoc
1180 1471 1415 1514 pollicerentur.
1461 1469 1530 1506 Eo.
1552 1468 1635 1508 Quae
1649 1478 1722 1502 vero

249 1529 398 1560 adversus
412 1526 602 1568 singularum
628 1526 739 1558 artium
756 1525 942 1567 professores
957 1525 1170 1558 contentionis
1193 1525 1299 1559 studio
1315 1524 1420 1563 afferri
1434 1523 1584 1561 debeant,
1606 1522 1722 1565 passius

249 1581 367 1623 scripta
397 1580 666 1613 circumferuntur.
711 1579 799 1611 Tne.
830 1578 912 1615 Quae
942 1579 1129 1619 Protagoras
1159 1578 1201 1615 de
1228 1577 1374 1620 palaestra
1403 1577 1578 1619 ceterisque
1605 1575 1723 1608 artibus

251 1634 386 1677 scripsit,
402 1634 506 1666 dicere
523 1623 599 1664 milii
613 1632 741 1665 videris.
786 1631 853 1664 Ho.
877 1631 921 1663 Et
935 1632 975 1664 de
1000 1631 1106 1663 multis
1121 1632 1249 1674 quidem
1264 1631 1345 1669 aliis,
1360 1641 1379 1662 o
1394 1632 1497 1663 beate.
1541 1629 1659 1667 Verum
1674 1639 1723 1667 ars

250 1689 324 1731 ipsa
339 1687 590 1728 contradicendi,
605 1697 711 1718 nonne
738 1686 919 1718 summatim
934 1685 1068 1718 facultas
1083 1691 1142 1724 est,
1158 1696 1229 1728 quae
1245 1685 1350 1717 omnia
1363 1685 1397 1717 in
1413 1683 1652 1717 controversiam
1666 1683 1725 1719 de,-

250 1743 366 1775 duccre
382 1741 512 1783 potest?
558 1740 647 1772 Τιιε.
670 1739 761 1772 Nihil
774 1740 872 1771 ferme
888 1740 1122 1781 praetermittere
1137 1740 1270 1772 videtur.
1314 1739 1382 1774 Ho.
1404 1739 1453 1775 Tu
1470 1748 1554 1777 vero,
1565 1749 1622 1781 per
1633 1738 1724 1778 deos,

251 1808 270 1828 o
286 1807 376 1839 puer,
400 1795 467 1827 fieri
482 1796 542 1826 hoc
558 1805 650 1837 posse
675 1799 767 1836 putas
781 1794 792 1825 ?
814 1793 895 1826 forte
910 1793 994 1825 enim
1010 1804 1064 1824 vos
1076 1793 1211 1836 juvenes
1226 1793 1349 1825 acutius
1369 1794 1430 1825 hoc
1453 1791 1619 1835 inspicitis,
1633 1801 1724 1828 senes

252 1861 326 1882 vero
353 1860 410 1881 nos
437 1849 590 1883 obtusius.
633 1848 721 1881 Tur..
745 1847 832 1885 Quid
858 1847 942 1879 istud
969 1851 1003 1878 et
1026 1847 1119 1890 quale
1133 1848 1144 1879 ?
1169 1847 1267 1890 [233]
1291 1857 1394 1889 neque
1419 1845 1504 1878 enirn
1531 1845 1619 1888 qnod
1638 1854 1725 1882 nunc

250 1903 378 1946 quaeris,
404 1902 559 1944 intelligo.
606 1901 673 1935 Ho.
700 1901 900 1947 Quaerebam,
917 1906 1020 1933 utrum
1042 1896 1202 1934 hominum
1218 1900 1373 1943 quispiam
1397 1900 1477 1933 scire
1490 1899 1596 1932 omnia
1609 1898 1725 1943 possit,

249 1957 338 1995 Τμε.
359 1947 494 1992 Beatum
511 1955 666 1998 profecto,
680 1956 808 1997 hospes,
824 1965 923 1997 genus
938 1960 1078 1988 nostrum
1093 1959 1185 1987 esset.
1218 1955 1284 1986 Ho.
1306 1955 1453 1995 Quonam
1469 1958 1565 1996 pacto
1578 1953 1725 1996 ignorans

246 2011 407 2053 quispiam
433 2010 580 2048 adversus
595 2009 825 2051 intelligentem
842 2010 1087 2042 contradicendo
1109 2010 1247 2043 validum
1262 2010 1432 2052 quicquam
1452 2009 1568 2049 inferre
1583 2007 1725 2051 poterit?

248 2065 337 2106 Tus.
362 2064 472 2099 Nullo.
515 2063 584 2095 Ηο.
608 2063 694 2102 Quid
710 2074 783 2106 ergo
801 2063 833 2095 in
856 2064 1066 2107 sophistarum
1082 2065 1224 2106 potentia
1249 2064 1390 2096 mirabile
1407 2062 1589 2095 videretur?
1632 2061 1724 2099 Tau.

249 2120 342 2152 Circa
369 2119 447 2161 quid
471 2118 603 2164 maxime
617 2118 628 2149 ?
674 2118 742 2150 Ho.
764 2116 1039 2156 Quemadmodum
1066 2118 1216 2150 videlicet
1240 2128 1378 2161 unquam
1404 2121 1533 2160 possent
1553 2114 1724 2159 juvenibus

249 2174 450 2217 persuadere,
475 2183 508 2204 sc
535 2172 675 2204 omnium
699 2172 734 2204 in
759 2172 891 2214 singulis
917 2183 984 2207 csse
1012 2172 1284 2214 sapientissimos?
1307 2176 1432 2205 constat
1445 2171 1542 2209 enim,
1563 2170 1649 2212 quod
1663 2167 1726 2206 nisi

253 2233 339 2262 recte
356 2226 620 2267 contradicerent,
635 2231 691 2257 uut
705 2226 764 2257 nisi
780 2225 841 2257 illis
857 2230 1055 2270 apparerent,
1071 2218 1320 2269 apparentesque
1336 2225 1396 2258 nisi
1410 2223 1604 2260 adversando
1619 2222 1725 2255 existi-

253 2287 410 2316 marentur
424 2292 492 2315 esse
508 2280 723 2323 sapientioreS,
739 2280 824 2323 quod
843 2275 881 2312 tu'
892 2281 1063 2323 quaerebas,
1077 2281 1182 2317 nullus
1196 2281 1302 2325 oblata
1322 2280 1459 2324 pecunia
1473 2280 1513 2311 ab
1529 2278 1596 2311 istis
1608 2278 1723 2312 eruditi

254 2340 395 2378 cuperet,
431 2335 520 2375 Tne.
543 2332 660 2366 Nullus
675 2334 811 2377 penitus.
849 2334 914 2366 Ho.
937 2334 1032 2367 Nunc
1048 2345 1120 2366 vero
1137 2340 1301 2378 exoptant.
1337 2334 1426 2380 Tne.
1449 2333 1500 2365 Ac
1515 2333 1740 2368 vehementer.x

251 2391 319 2424 Ho.
341 2390 512 2432 Videntur,
530 2389 669 2428 arbitror,
685 2389 741 2421 illa
764 2389 797 2421 in
819 2389 933 2432 quibus
957 2389 1171 2427 adversantur,
1194 2384 1313 2432 optime
1335 2388 1425 2422 scire.
1467 2387 1554 2420 Tus.
1577 2387 1724 2425 Quidni?

252 2444 321 2477 Ηο.
344 2443 541 2487 Repugnant
556 2449 659 2485 autem
675 2443 708 2476 in
725 2444 880 2476 omnibus.
891 2444 1021 2481 nonne?
1066 2443 1155 2486 Tun.
1178 2443 1310 2486 Absque
1324 2442 1434 2476 dubio.
1478 2441 1546 2476 Ho.
1569 2441 1609 2474 In
1623 2443 1723 2477 omni·

248 2499 308 2530 bus
321 2498 429 2540 itaque
444 2497 601 2540 sapientes
617 2497 799 2552 discipulis
796 2508 864 2529 esse
879 2497 1039 2530 videntur.
1071 2497 1158 2530 Tur..
1184 2497 1249 2530 Cur
1263 2507 1345 2528 non.
1338 2496 1350 2514 ²
1395 2495 1464 2528 Ho.
1488 2494 1604 2538 Neque
1618 2500 1724 2531 tamen

248 2557 333 2586 sunt.
355 2551 547 2594 impossibile
564 2552 682 2595 quippe
698 2551 732 2584 id
747 2550 814 2584 esse
829 2551 986 2584 constitit.
1029 2551 1119 2584 'l'.ns
1142 2551 1343 2594 Impossibile
1360 2561 1446 2583 sane.
1491 2548 1561 2582 Ho.
1586 2549 1723 2592 Opinio·

250 2617 323 2639 nem
346 2606 442 2647 igitur
469 2605 552 2639 circa
566 2606 670 2639 omnia
685 2599 802 2649 potius,
818 2616 936 2649 quam
928 2617 1029 2638 veram
1046 2606 1209 2638 scientiam
1225 2606 1338 2638 habere
1354 2603 1504 2647 Sopliista
1517 2602 1608 2637 nobis
1622 2613 1722 2646 appa-

247 2661 320 2694 ruit.
363 2659 449 2692 Tne.
470 2659 622 2692 Prorsus.
647 2661 773 2703 quodve
789 2661 883 2693 modo
910 2659 1031 2703 dixisti,
1047 2665 1131 2692 recte
1156 2660 1326 2691 admodum
1351 2658 1466 2690 dixisse
1479 2657 1606 2694 videris.
1650 2656 1719 2690 Ho-

249 2714 408 2747 Ponamus
423 2723 496 2756 ergo
512 2714 689 2755 exemplum
705 2714 833 2757 aliquod
850 2714 977 2753 istorum
993 2714 1204 2756 perspicuum.
1250 2713 1339 2745 Tne.
1362 2711 1491 2752 Quale?
1535 2710 1606 2745 Ηο.
1631 2709 1719 2747 Hoc.

248 2768 302 2800 sed
319 2768 448 2800 attende
462 2767 628 2810 diligenter
652 2772 747 2811 atquo
770 2773 846 2811 apte
861 2768 1028 2811 responde.
1071 2767 1159 2801 Tun.
1182 2767 1285 2806 Quale
1307 2767 1449 2810 inquam.
1492 2764 1561 2798 Ηο.
1584 2764 1720 2805 Perinde

248 2832 285 2854 ac
301 2820 328 2854 si
342 2821 584 2864 quisassereret,
602 2832 705 2863 neque
722 2822 827 2854 dicere
843 2833 948 2865 neque
964 2822 1191 2861 contradicere,
1208 2821 1262 2853 sed
1279 2820 1358 2853 scire
1373 2819 1478 2862 potius
1493 2819 1594 2852 faeere
1608 2828 1646 2850 ac
1659 2817 1720 2850 fin·

248 2886 320 2918 gere
333 2880 398 2914 arte
414 2885 476 2915 una
491 2880 616 2907 cuncta.
639 2875 727 2909 Tim.
753 2876 924 2914 Quomodo
940 2881 1054 2909 cuncta
1071 2876 1199 2908 dicebas
1213 2876 1225 2907 ?
1270 2875 1339 2907 Ho.
1362 2873 1555 2915 Principium
1570 2871 1720 2906 sermonis

248 2929 341 2972 hujus
356 2929 460 2967 statim
474 2929 610 2971 ignoras.
633 2929 709 2972 quid
726 2930 808 2962 enim
824 2931 891 2963 haec
903 2931 1015 2970 dictio,
1030 2935 1158 2968 cuncta,
1171 2929 1337 2972 significet,
1346 2938 1421 2959 num
1431 2925 1580 2968 intelligis
1594 2925 1606 2957 ἓ
1627 2924 1718 2965 Tus.

245 2984 322 3019 Non
337 2989 432 3022 certe,
476 2984 545 3021 Ho.
567 2984 651 3025 Dico
675 2984 710 3018 iu
726 2995 853 3026 numero
877 2986 1015 3026 omnium
1039 2997 1106 3020 esse
1121 2996 1170 3020 me
1186 2995 1223 3021 ac
1247 2990 1277 3017 te
1293 2988 1324 3016 et
1340 2983 1400 3016 alia
1422 2991 1547 3028 quoque
1564 2979 1718 3018 animal&
