1832 3256
217 251 271 291 54
817 245 1083 287 PLAToms
1590 249 1690 300 [334

218 352 385 386 videantur
397 352 478 390 hoec,
490 350 566 386 ,sive
588 360 654 383 non
667 348 843 382 videantur.
874 360 1047 383 sermonem
1062 360 1199 393 namque
1213 349 1316 392 ipsum
1332 350 1467 382 maxime
1480 349 1689 394 inprimisque

217 417 277 450 ego
289 405 438 440 discutio.
460 405 617 448 contingit
631 410 736 436 tamen
750 415 789 436 ex
802 405 863 437 hoc
877 409 911 436 et
926 415 975 437 me
989 405 1243 447 interrogantem,
1256 410 1288 436 et
1303 405 1556 447 respondentem,
1571 405 1688 436 exami-

217 460 298 493 nari.
340 460 392 492 Ad
407 462 475 493 hoec
490 459 623 502 primurn
639 459 824 500 Protagoras
838 459 1005 491 honestare
1025 470 1058 491 se
1074 459 1195 500 volens,
1217 460 1367 491 sermonis
1387 459 1604 491 difficultatem
1620 460 1688 491 cul-

215 525 290 558 pare
305 515 414 557 coepit,
428 514 626 557 postmodum
639 524 712 546 vero
727 513 914 555 respondere
927 513 1063 545 admisit.
1107 513 1190 555 Age,
1205 513 1344 555 inquam,
1367 514 1406 544 ab
1429 513 1522 545 initio
1538 514 1615 545 mihi
1641 524 1690 546 re-

216 570 352 612 sponde.
395 568 552 601 Videntur
567 568 666 611 aliqui
684 567 741 600 tibi
755 567 871 609 injuste
896 568 1032 610 agendo,
1054 578 1164 610 sapere
1188 567 1418 609 temperanter?
1463 567 1574 601 Pnor.
1598 567 1688 602 Esto.

215 622 274 656 So.
295 623 518 665 Temperanter
531 633 604 655 vero
620 632 742 665 sapere,
752 622 834 653 bene
851 632 958 663 sapere
974 631 1067 652 vocas
1081 621 1092 651 ἓ
1126 621 1236 653 Ρῐιοτ.
1259 620 1363 653 Voco.
1397 621 1453 653 So.
1476 622 1568 654 Bene
1581 627 1687 654 autem

214 687 326 719 sapere
350 678 437 709 bene⁴
453 676 614 709 consulere
636 675 671 708 in
696 686 749 718 eo,
769 677 855 719 quod
878 675 996 717 injuste
1019 675 1137 716 agunt?
1182 674 1292 706 Paor.
1314 675 1403 708 Esto.
1443 675 1498 707 So.
1520 675 1634 708 Utrum
1663 676 1690 707 si

214 731 297 763 bene
311 735 409 774 agunt
423 731 594 774 vivuntque
606 731 681 762 dum
694 730 895 773 injuriantur,
910 740 950 760 an
967 729 992 760 si
1003 729 1108 761 male?
1154 728 1264 761 Pnor.
1287 729 1322 761 Si
1336 730 1431 762 bene.
1473 729 1530 762 So.
1554 729 1688 762 Dicisne

213 785 299 817 bona
313 786 459 828 quaedam
472 786 563 818 esse?
608 785 717 817 Pnor.
741 784 837 816 Dico.
881 783 938 815 So.
962 783 1047 814 Num
1063 794 1102 815 ea
1117 783 1200 816 bona
1209 788 1294 823 sunt,
1308 794 1379 826 quae
1395 783 1485 815 utilia
1499 787 1573 815 sunt
1587 782 1688 815 homi-¹

213 839 331 871 nibus?
375 839 487 872 Pnor.
509 839 610 871 Immo
626 849 682 882 per
694 838 715 871 J
717 849 820 879 ovem,
835 838 918 870 bona
933 838 1076 880 quaedam
1092 849 1183 875 voco,
1198 838 1320 869 etiamsi
1334 838 1513 869 hominibus
1523 838 1612 869 utilia
1622 847 1689 870 non

213 893 288 926 sint.
332 882 414 926 cuni
428 899 532 926 autem
547 894 704 926 videretur
718 892 793 924 mihi
809 892 995 934 Protagoras
1021 892 1185 934 subirasci,
1202 897 1236 924 et
1257 893 1296 923 ad
1313 892 1547 934 responsionem
1569 891 1688 923 invitm

212 947 416 986 descendere,
431 947 538 979 mitius
552 958 624 979 eum
636 947 878 988 submissiusque
891 945 1011 988 rogavi.
1054 945 1218 988 Numquid
1232 946 1290 985 ais,
1306 946 1488 989 Protagora,
1500 945 1598 988 [334]
1614 956 1686 988 quae

213 1001 294 1033 nulli
308 1001 470 1033 hominum
485 1001 574 1033 utilia
585 1006 658 1033 sunt
670 1001 683 1033 ?
695 1011 746 1033 -an
766 1011 836 1044 quae
861 1001 949 1032 nullo
971 1001 1067 1032 modo
1091 1001 1182 1032 utilia
1195 1001 1206 1032 ?
1230 1006 1263 1032 et
1283 1001 1357 1032 talia
1371 1001 1516 1043 quaedam
1533 1000 1615 1032 bona
1629 1010 1687 1043 ap-

211 1056 335 1098 pellas?
379 1056 489 1088 Pnor.
521 1055 743 1098 Nequaquam.
787 1055 850 1087 Sed
873 1066 932 1097 ego
956 1055 1054 1087 multa
1076 1056 1151 1087 novi
1177 1056 1355 1086 bominibus
1374 1055 1511 1092 inutilia,
1532 1054 1634 1092 cibos,
1655 1058 1689 1086 et

211 1110 371 1153 potiones,
387 1114 420 1142 et
434 1110 612 1152 pharmaca,
625 1109 749 1151 aliaque
764 1109 940 1150 permulta:
963 1109 1025 1141 alia
1038 1119 1112 1140 vero
1128 1109 1230 1141 utilia.
1254 1109 1398 1151 quaedam
1415 1114 1533 1146 autem,
1558 1119 1630 1151 qum
1645 1109 1687 1143 ad

209 1165 353 1197 homines
367 1169 477 1196 neutra
491 1168 575 1200 sunt,
589 1173 695 1194 verum
709 1162 750 1193 ad
765 1172 863 1204 equos
877 1162 1012 1204 alicujus
1027 1163 1175 1193 momenti
1192 1168 1264 1194 sunt
1279 1173 1288 1195 z
1313 1169 1346 1194 et
1358 1162 1512 1194 nonnulla
1524 1163 1565 1194 ad
1578 1163 1687 1202 boves,

210 1220 253 1252 ad
269 1229 363 1252 canes
378 1219 462 1251 alias
486 1218 630 1260 quaedam
645 1227 718 1248 vero
743 1217 782 1248 ad
808 1217 918 1247 horum
941 1216 1075 1257 nullum,
1099 1217 1155 1248 sed
1179 1217 1218 1248 ad
1236 1217 1359 1249 arbores
1375 1217 1494 1259 potius.
1517 1221 1551 1248 et
1565 1227 1686 1257 eorum,

210 1284 284 1315 quse
298 1273 339 1304 ad
354 1273 491 1314 arbores,
514 1271 659 1313 quaedam
674 1270 718 1302 ita
740 1280 773 1302 se
799 1270 929 1308 habent,
951 1274 987 1302 ut
1001 1280 1085 1312 saepe
1101 1270 1259 1303 radicibus
1275 1271 1408 1313 prosint,
1423 1271 1614 1313 germinibus
1628 1271 1686 1302 ob-

211 1328 275 1360 sint
287 1339 296 1359 2
320 1326 584 1370 quemadmodum
600 1324 826 1367 sterquilinium
837 1325 994 1356 radicibus
1010 1325 1098 1362 utile,
1110 1325 1291 1357 ramusculis
1301 1325 1505 1367 caulibusque
1515 1325 1685 1357 admodum

210 1382 351 1414 noxium.
395 1380 510 1412 Oleum
526 1389 652 1422 quoque
668 1379 827 1410 arboribus
841 1379 986 1411 omnibus
995 1380 1161 1422 herbisque
1173 1379 1306 1411 maxime
1318 1380 1447 1421 prodest
1461 1391 1469 1411 :
1492 1378 1566 1421 pilis
1580 1384 1686 1411 autem

211 1435 393 1469 animalium
409 1435 559 1472 omnium,
574 1433 719 1466 humanis
734 1434 885 1476 exceptis,
912 1439 1007 1466 nocet
1021 1434 1201 1476 plurimum.
1247 1445 1319 1466 nam
1335 1438 1369 1465 et
1387 1434 1465 1476 pilis
1476 1433 1638 1464 hominum
1652 1438 1687 1465 et

213 1491 275 1523 toti
287 1490 408 1532 corpori
424 1489 555 1522 confert.
601 1487 710 1530 Atque
725 1488 770 1519 ita
784 1488 902 1519 varium
917 1488 1067 1531 quiddam
1084 1493 1116 1520 et
1131 1488 1320 1520 multiforme
1334 1489 1452 1519 bonum
1467 1487 1583 1524 existit,
1598 1487 1685 1519 unde

211 1549 246 1577 et
266 1545 370 1577 oleum
392 1544 525 1577 extemis
541 1543 646 1579 ‚nostri
669 1542 806 1585 corporis
824 1543 964 1585 partibus
985 1543 1152 1586 optimum,
1178 1543 1377 1575 interioribus
1403 1542 1583 1585 pessimum.
1607 1552 1686 1584 qua-

210 1603 340 1641 propter
354 1599 467 1631 medici
483 1598 704 1641 aegrotantibus
719 1597 782 1629 olei
796 1608 888 1630 usum
902 1602 1023 1640 vetant,
1047 1608 1106 1630 nec
1122 1597 1169 1629 uti
1184 1597 1383 1641 permittunt,
1407 1596 1469 1629 nisi
1490 1607 1584 1639 quam
1604 1606 1684 1638 pau-

210 1653 335 1685 cissimo
350 1654 390 1685 ad
406 1652 605 1685 obsoniorum
629 1652 823 1695 quorundam
841 1652 921 1683 male
942 1651 1094 1684 olentium
1113 1652 1319 1685 offensionem
1341 1651 1556 1694 rejiciendam.
1601 1651 1684 1683 Cum

211 1706 281 1738 haec
304 1706 435 1741 dixisset
458 1705 654 1748 Protagoras,
680 1710 850 1748 praesentes
873 1706 1030 1748 frequenti
1055 1706 1211 1749 applausu
1238 1706 1459 1748 acclamantes,
1485 1706 1570 1737 illius
1598 1705 1685 1738 dieta

212 1762 508 1803 comprobaverunt.
551 1762 597 1792 At
608 1771 680 1802 ege,
696 1770 715 1792 o
731 1760 914 1803 Protagora,
927 1759 1069 1803 inquam,
1091 1771 1158 1792 sum
1174 1760 1322 1803 equidem
1336 1759 1430 1793 nimis
1442 1759 1624 1800 obliviosus,
1645 1770 1685 1791 ae

212 1815 240 1847 si
265 1815 335 1858 quis
359 1814 532 1846 orationem
547 1814 587 1850 ,in
610 1815 737 1856 longum
760 1815 931 1856 protrahat,
956 1815 997 1847 de
1022 1825 1086 1857 quo
1111 1815 1205 1846 verba
1229 1815 1310 1846 fiunt
1337 1815 1479 1856 protinus
1504 1814 1684 1849 obliviscor.

210 1869 353 1911 profecto
368 1869 395 1900 si
409 1870 520 1901 surdus
535 1879 634 1900 essem
656 1869 902 1911 quodammodo,
923 1879 1112 1912 mecumque
1133 1879 1306 1900 sermonem
1327 1860 1469 1911 haberes,
1493 1868 1684 1900 existimares

212 1923 305 1955 altius
321 1923 397 1954 mihi
417 1934 510 1965 quam
533 1923 644 1955 ceteris
666 1923 920 1965 inclamandum
943 1923 988 1956 sic
1008 1924 1041 1955 in
1058 1924 1224 1966 praesentia
1235 1934 1308 1955 cum
1323 1923 1507 1956 obliviosum
1522 1923 1681 1956 hominem

211 1978 392 2020 alloquaris,
408 1977 629 2010 concisioribus
646 1988 767 2009 mecum
781 1977 1038 2020 responsionibus
1060 1982 1160 2014 utere,
1181 1978 1207 2009 si
1227 1979 1322 2009 modo
1344 1988 1433 2010 curas
1453 1983 1489 2009 ut
1511 1983 1542 2010 to
1556 1988 1679 2020 sequar.
1709 1975 1712 1979 ’

210 2033 321 2066 Ρηοτ.
344 2032 448 2070 Quam
462 2032 560 2074 exigis
573 2032 782 2064 brevitatem?
804 2042 879 2064 num
899 2032 1091 2064 brevioribus
1111 2042 1206 2074 quam
1230 2038 1374 2075 oporteat
1387 2032 1488 2064 verbis
1507 2033 1558 2075 agi
1574 2038 1679 2064 tecum

206 2088 328 2132 jubes?
373 2087 429 2119 So.
453 2086 589 2118 Minime
603 2087 753 2119 omnium.
799 2087 911 2120 Pnor.
933 2087 987 2118 An
1001 2087 1083 2119 forte
1104 2092 1183 2130 quot
1205 2098 1286 2130 opus
1309 2092 1357 2120 est
1371 2087 1495 2119 verbis?
1539 2086 1596 2119 So.
1617 2087 1680 2119 Tot

208 2142 331 2185 utique.
374 2141 482 2173 Pnor.
505 2140 671 2183 Numquid
694 2151 753 2183 ego
776 2141 910 2173 orationi
925 2142 1052 2174 modum
1068 2142 1254 2184 imponam?
1276 2152 1316 2174 an
1343 2147 1377 2173 tu
1403 2142 1510 2184 potius
1535 2141 1679 2173 debitum

209 2197 373 2229 terminum
386 2196 526 2228 statues?
549 2206 642 2238 quem
658 2206 723 2227 non
737 2194 831 2228 liceat
845 2197 1029 2238 transgredi,
1044 2208 1179 2240 eumque
1195 2197 1354 2240 loquendo
1370 2197 1426 2228 sim
1449 2196 1677 2228 observaturus.

211 2250 268 2284 So.
294 2250 414 2282 Audivi
429 2250 589 2292 equidem,
606 2250 682 2282 scire
698 2255 729 2282 te
740 2251 820 2283 adeo
837 2252 975 2289 abunde,
990 2252 1114 2294 quoties
1129 2251 1247 2294 placet,
1261 2258 1294 2284 et
1307 2251 1412 2294 ample
1426 2251 1527 2294 loqui,
1546 2255 1583 2283 ut
1595 2248 1678 2283 uun-

207 2315 303 2347 quam
318 2305 376 2337 tibi
392 2304 475 2336 desit
492 2304 613 2336 oratio:
636 2315 696 2337 nec
720 2315 784 2336 non
809 2316 857 2337 res
872 2306 998 2338 easdem
1014 2307 1211 2348 paucioribus
1226 2317 1318 2350 quam
1334 2306 1430 2339 ceteri
1453 2316 1562 2339 omues
1576 2305 1680 2338 verbis

208 2359 435 2401 perstringere:
457 2358 605 2400 idemque
627 2363 662 2389 ut
682 2359 778 2391 ceteri
802 2360 932 2402 faciant,
952 2361 1067 2394 docere
1090 2366 1192 2404 potes,
1216 2366 1252 2393 ut
1266 2362 1373 2393 audio.
1417 2361 1450 2392 Si
1465 2371 1538 2403 ergo
1553 2370 1676 2392 mecum

208 2413 423 2455 disputaturus
445 2423 490 2453 es,
515 2411 612 2454 [885]
635 2413 721 2444 brevi
742 2413 796 2445 illa
821 2420 854 2446 et
875 2415 1002 2446 concisa
1021 2416 1143 2448 ratione
1158 2416 1288 2449 dicendi·
1301 2422 1387 2448 utere
1401 2425 1519 2460 quoeso.
1564 2415 1677 2448 Pnor.

209 2467 239 2499 O
254 2467 408 2504 Socrates,
421 2466 528 2498 multis
541 2477 613 2497 eum
627 2467 804 2500 hominibus
819 2469 893 2500 olim
910 2469 1046 2502 dicendo
1061 2471 1189 2504 certavi.
1234 2471 1283 2503 Ac
1298 2470 1326 2502 si
1340 2471 1385 2502 ita
1398 2470 1542 2512 egissem,
1555 2474 1591 2501 ut
1605 2470 1675 2512 ipse

209 2532 330 2560 mones,
346 2521 384 2559 si,
397 2520 540 2562 inquam,
555 2521 595 2552 ad
611 2531 749 2553 normam
773 2523 850 2554 mihi
863 2524 904 2554 ab
925 2525 1069 2556 auditore
1093 2525 1272 2567 impositam
1288 2525 1383 2557 verba
1408 2525 1566 2567 fecissem,
1587 2524 1673 2556 haud

209 2586 286 2608 sane
300 2575 411 2618 quovis
426 2575 488 2607 alio
502 2575 630 2607 homine
645 2575 797 2618 insignior
812 2587 923 2615 essem,
947 2579 1138 2621 nomineque
1161 2579 1340 2621 Protagoras
1363 2579 1465 2611 omnis
1480 2578 1605 2611 Graecia
1625 2588 1672 2611 re-

209 2634 346 2662 sonaret.
390 2628 459 2672 Ego
475 2634 580 2661 autem
602 2640 697 2671 quum
712 2632 941 2673 cognovissem,
968 2634 1159 2675 superiorem
1186 2633 1396 2676 respondendi
1413 2634 1539 2665 modum
1554 2632 1600 2664 illi
1615 2632 1673 2664 mi-

208 2683 471 2726 nimeplacuisse,
485 2694 621 2725 eumque
645 2690 758 2726 sponte
778 2686 824 2717 ita
845 2686 997 2729 deinceps
1017 2687 1146 2719 minime
1166 2698 1409 2730 responsurum3
1430 2687 1672 2730 haudquaquam

208 2737 356 2779 expedire
372 2737 447 2769 mihi
461 2738 581 2775 censui,
599 2743 633 2770 ut
646 2738 710 2771 illis
723 2740 991 2782 disputationibus
1001 2741 1193 2780 interessem,
1206 2748 1300 2785 atque
1311 2741 1671 2784 idcirco‚OProtagora,

207 2789 351 2834 inquam,
376 2792 462 2824 haud
487 2792 595 2834 flagito
618 2793 867 2835 disputationem
896 2795 987 2828 nobis
1011 2801 1123 2837 praeter
1152 2797 1338 2828 sententiam
1368 2802 1453 2829 tuam
1483 2797 1669 2838 procedere:

209 2845 326 2877 etenim
349 2845 375 2876 si
389 2845 468 2877 velis
492 2845 540 2877 ita
558 2845 718 2885 disserere,
741 2853 776 2879 ut
798 2859 858 2891 ego
881 2849 1004 2892 assequi
1020 2850 1148 2892 possim,
1171 2851 1302 2883 adstabo
1329 2851 1486 2893 equidem.
1508 2860 1579 2881 nam
1602 2849 1672 2892 ipse

210 2900 350 2942 quidem,
365 2904 401 2932 ut
415 2900 457 2932 de
471 2904 503 2932 te
517 2900 624 2939 fertur,
649 2906 682 2934 et
697 2906 729 2934 tu
755 2903 919 2946 profiteris,
945 2915 1035 2946 aeque
1051 2910 1141 2947 potes
1157 2906 1267 2937 eadem
1282 2910 1315 2938 et
1329 2905 1506 2936 summatim
1521 2905 1668 2946 perstrin-

211 2963 297 2998 gere,
320 2960 352 2987 et
374 2954 563 2998 amplissime
584 2955 703 3000 eloqui.
735 2968 771 2990 es
792 2959 876 2991 enim
901 2959 1039 3002 sapiens.
1071 2971 1130 3002 ego
1156 2965 1259 2993 autem
1275 2959 1315 2992 ad
1332 2959 1482 3003 prolixam
1498 2959 1670 2992 orationem
