<?xml version="1.0" encoding="UTF-8"?>
<!DOCTYPE html PUBLIC "-//W3C//DTD XHTML 1.0 Transitional//EN"
    "http://www.w3.org/TR/xhtml1/DTD/xhtml1-transitional.dtd">
<html xmlns="http://www.w3.org/1999/xhtml" xml:lang="en" lang="en">
 <head>
  <title>
</title>
<meta http-equiv="Content-Type" content="text/html;charset=utf-8" />
  <meta name='ocr-system' content='tesseract 3.04.00' />
  <meta name='ocr-capabilities' content='ocr_page ocr_carea ocr_par ocr_line ocrx_word'/>
</head>
<body>
  <div class='ocr_page' id='page_1' title='image "./platonisetquaeve10plat_0443.png"; bbox 0 0 1846 3268; ppageno 0'>
   <div class='ocr_carea' id='block_1_1' title="bbox 222 276 1683 331">
    <p class='ocr_par' dir='ltr' id='par_1_1' title="bbox 222 276 1683 331">
     <span class='ocr_line' id='line_1_1' title="bbox 222 276 1683 331; baseline 0.003 -12"><span class='ocrx_word' id='word_1_1' title='bbox 222 276 292 331; x_wconf 74' lang='lat'>68]</span> <span class='ocrx_word' id='word_1_2' title='bbox 843 276 1062 319; x_wconf 60' lang='lat' dir='ltr'>pusaeo,</span> <span class='ocrx_word' id='word_1_3' title='bbox 1603 284 1683 325; x_wconf 82' lang='lat'>433</span> 
     </span>
    </p>
   </div>
   <div class='ocr_carea' id='block_1_2' title="bbox 220 381 1686 2942">
    <p class='ocr_par' dir='ltr' id='par_1_2' title="bbox 220 381 1686 2942">
     <span class='ocr_line' id='line_1_2' title="bbox 220 381 1682 425; baseline 0.003 -11"><span class='ocrx_word' id='word_1_4' title='bbox 220 382 350 424; x_wconf 76' lang='lat' dir='ltr'>quidem</span> <span class='ocrx_word' id='word_1_5' title='bbox 365 389 475 424; x_wconf 76' lang='lat' dir='ltr'>purum</span> <span class='ocrx_word' id='word_1_6' title='bbox 491 381 642 424; x_wconf 84' lang='lat' dir='ltr'>attingere</span> <span class='ocrx_word' id='word_1_7' title='bbox 658 381 745 413; x_wconf 72' lang='lat' dir='ltr'>nefas</span> <span class='ocrx_word' id='word_1_8' title='bbox 759 387 816 414; x_wconf 82' lang='lat' dir='ltr'>est.</span> <span class='ocrx_word' id='word_1_9' title='bbox 861 382 950 414; x_wconf 84' lang='lat' dir='ltr'>Talia</span> <span class='ocrx_word' id='word_1_10' title='bbox 972 382 1161 424; x_wconf 81' lang='lat' dir='ltr'>equidem‚o</span> <span class='ocrx_word' id='word_1_11' title='bbox 1185 382 1325 420; x_wconf 83' lang='lat' dir='ltr'>Simmia,</span> <span class='ocrx_word' id='word_1_12' title='bbox 1347 382 1458 425; x_wconf 83' lang='lat' dir='ltr'>judico</span> <span class='ocrx_word' id='word_1_13' title='bbox 1479 386 1682 418; x_wconf 80' lang='lat' dir='ltr'>necessarium</span> 
     </span>
     <span class='ocr_line' id='line_1_3' title="bbox 221 436 1683 478; baseline 0.002 -10"><span class='ocrx_word' id='word_1_14' title='bbox 221 446 289 468; x_wconf 63' lang='grc' dir='ltr'>ωδε</span> <span class='ocrx_word' id='word_1_15' title='bbox 304 447 410 468; x_wconf 86' lang='lat' dir='ltr'>omnes</span> <span class='ocrx_word' id='word_1_16' title='bbox 424 436 565 468; x_wconf 84' lang='lat' dir='ltr'>discendi</span> <span class='ocrx_word' id='word_1_17' title='bbox 581 436 714 478; x_wconf 80' lang='lat' dir='ltr'>cupidos</span> <span class='ocrx_word' id='word_1_18' title='bbox 730 436 815 477; x_wconf 89' lang='lat' dir='ltr'>loqui</span> <span class='ocrx_word' id='word_1_19' title='bbox 841 436 973 467; x_wconf 76' lang='lat' dir='ltr'>invicem</span> <span class='ocrx_word' id='word_1_20' title='bbox 997 442 1091 478; x_wconf 85' lang='lat' dir='ltr'>atque</span> <span class='ocrx_word' id='word_1_21' title='bbox 1113 437 1244 478; x_wconf 85' lang='lat' dir='ltr'>opinari.</span> <span class='ocrx_word' id='word_1_22' title='bbox 1268 447 1308 468; x_wconf 87' lang='lat' dir='ltr'>an</span> <span class='ocrx_word' id='word_1_23' title='bbox 1326 447 1388 468; x_wconf 86' lang='lat' dir='ltr'>non</span> <span class='ocrx_word' id='word_1_24' title='bbox 1404 437 1449 468; x_wconf 86' lang='lat' dir='ltr'>ita</span> <span class='ocrx_word' id='word_1_25' title='bbox 1465 437 1521 469; x_wconf 88' lang='lat' dir='ltr'>tibi</span> <span class='ocrx_word' id='word_1_26' title='bbox 1536 439 1683 471; x_wconf 83' lang='lat' dir='ltr'>videtur?</span> 
     </span>
     <span class='ocr_line' id='line_1_4' title="bbox 222 489 1684 532; baseline 0.002 -11"><span class='ocrx_word' id='word_1_27' title='bbox 222 490 302 521; x_wconf 71' lang='lat' dir='ltr'>Sur.</span> <span class='ocrx_word' id='word_1_28' title='bbox 324 490 367 521; x_wconf 85' lang='lat' dir='ltr'>Et</span> <span class='ocrx_word' id='word_1_29' title='bbox 391 490 520 521; x_wconf 80' lang='lat' dir='ltr'>maxime</span> <span class='ocrx_word' id='word_1_30' title='bbox 546 489 674 532; x_wconf 84' lang='lat' dir='ltr'>quidem</span> <span class='ocrx_word' id='word_1_31' title='bbox 700 490 850 527; x_wconf 88' lang='lat' dir='ltr'>omnium,</span> <span class='ocrx_word' id='word_1_32' title='bbox 876 501 894 520; x_wconf 95' lang='lat' dir='ltr'>o</span> <span class='ocrx_word' id='word_1_33' title='bbox 916 490 1068 521; x_wconf 76' lang='lat' dir='ltr'><strong>Socrates.</strong></span> <span class='ocrx_word' id='word_1_34' title='bbox 1113 491 1165 521; x_wconf 87' lang='lat' dir='ltr'>So.</span> <span class='ocrx_word' id='word_1_35' title='bbox 1188 490 1222 521; x_wconf 85' lang='lat' dir='ltr'>Si</span> <span class='ocrx_word' id='word_1_36' title='bbox 1249 492 1315 522; x_wconf 86' lang='lat' dir='ltr'>haec</span> <span class='ocrx_word' id='word_1_37' title='bbox 1342 490 1435 532; x_wconf 85' lang='lat' dir='ltr'>igitur</span> <span class='ocrx_word' id='word_1_38' title='bbox 1460 502 1532 522; x_wconf 85' lang='lat' dir='ltr'>vera</span> <span class='ocrx_word' id='word_1_39' title='bbox 1556 497 1638 529; x_wconf 83' lang='lat' dir='ltr'>sunt,</span> <span class='ocrx_word' id='word_1_40' title='bbox 1663 503 1684 524; x_wconf 85' lang='lat' dir='ltr'>o</span> 
     </span>
     <span class='ocr_line' id='line_1_5' title="bbox 221 543 1685 585; baseline 0.001 -10"><span class='ocrx_word' id='word_1_41' title='bbox 221 543 333 581; x_wconf 79' lang='lat' dir='ltr'>amice,</span> <span class='ocrx_word' id='word_1_42' title='bbox 350 554 460 585; x_wconf 84' lang='lat' dir='ltr'>magna</span> <span class='ocrx_word' id='word_1_43' title='bbox 475 554 545 585; x_wconf 83' lang='lat' dir='ltr'>spes</span> <span class='ocrx_word' id='word_1_44' title='bbox 560 549 608 575; x_wconf 81' lang='lat' dir='ltr'>est</span> <span class='ocrx_word' id='word_1_45' title='bbox 622 544 710 574; x_wconf 87' lang='lat' dir='ltr'>eunti</span> <span class='ocrx_word' id='word_1_46' title='bbox 724 544 810 585; x_wconf 77' lang='lat' dir='ltr'>illuc,</span> <span class='ocrx_word' id='word_1_47' title='bbox 826 554 889 585; x_wconf 87' lang='lat' dir='ltr'>quo</span> <span class='ocrx_word' id='word_1_48' title='bbox 903 554 987 575; x_wconf 87' lang='lat' dir='ltr'>nunc</span> <span class='ocrx_word' id='word_1_49' title='bbox 1003 554 1061 585; x_wconf 82' lang='lat' dir='ltr'>ego</span> <span class='ocrx_word' id='word_1_50' title='bbox 1077 544 1265 585; x_wconf 85' lang='lat' dir='ltr'>proficiscor,</span> <span class='ocrx_word' id='word_1_51' title='bbox 1285 545 1396 585; x_wconf 86' lang='lat' dir='ltr'>sicubi,</span> <span class='ocrx_word' id='word_1_52' title='bbox 1410 550 1443 576; x_wconf 89' lang='lat' dir='ltr'>et</span> <span class='ocrx_word' id='word_1_53' title='bbox 1467 545 1512 576; x_wconf 86' lang='lat' dir='ltr'>ibi</span> <span class='ocrx_word' id='word_1_54' title='bbox 1528 546 1685 577; x_wconf 86' lang='lat' dir='ltr'>sufficien-</span> 
     </span>
     <span class='ocr_line' id='line_1_6' title="bbox 223 596 1686 641; baseline 0.001 -13"><span class='ocrx_word' id='word_1_55' title='bbox 223 601 271 628; x_wconf 83' lang='lat' dir='ltr'>ter</span> <span class='ocrx_word' id='word_1_56' title='bbox 296 596 365 638; x_wconf 89' lang='lat' dir='ltr'>ejus</span> <span class='ocrx_word' id='word_1_57' title='bbox 390 596 434 628; x_wconf 86' lang='lat' dir='ltr'>rei</span> <span class='ocrx_word' id='word_1_58' title='bbox 449 608 481 628; x_wconf 89' lang='lat' dir='ltr'>se</span> <span class='ocrx_word' id='word_1_59' title='bbox 497 603 673 639; x_wconf 91' lang='lat' dir='ltr'>compotem</span> <span class='ocrx_word' id='word_1_60' title='bbox 690 597 766 633; x_wconf 87' lang='lat' dir='ltr'>fieri,</span> <span class='ocrx_word' id='word_1_61' title='bbox 784 597 875 638; x_wconf 78' lang='lat' dir='ltr'>cujus</span> <span class='ocrx_word' id='word_1_62' title='bbox 891 598 988 639; x_wconf 87' lang='lat' dir='ltr'>gratia</span> <span class='ocrx_word' id='word_1_63' title='bbox 1004 602 1125 628; x_wconf 86' lang='lat' dir='ltr'>tantum</span> <span class='ocrx_word' id='word_1_64' title='bbox 1140 608 1196 628; x_wconf 88' lang='lat' dir='ltr'>nos</span> <span class='ocrx_word' id='word_1_65' title='bbox 1212 599 1372 639; x_wconf 80' lang='lat' dir='ltr'>negotium</span> <span class='ocrx_word' id='word_1_66' title='bbox 1400 600 1433 630; x_wconf 88' lang='lat' dir='ltr'>in</span> <span class='ocrx_word' id='word_1_67' title='bbox 1456 599 1607 641; x_wconf 84' lang='lat' dir='ltr'>superiori</span> <span class='ocrx_word' id='word_1_68' title='bbox 1622 599 1686 630; x_wconf 82' lang='lat' dir='ltr'>vita</span> 
     </span>
     <span class='ocr_line' id='line_1_7' title="bbox 222 650 1684 694; baseline 0.002 -13"><span class='ocrx_word' id='word_1_69' title='bbox 222 651 426 693; x_wconf 77' lang='lat' dir='ltr'>suscepimus.</span> <span class='ocrx_word' id='word_1_70' title='bbox 471 650 562 682; x_wconf 87' lang='lat' dir='ltr'>Hanc</span> <span class='ocrx_word' id='word_1_71' title='bbox 577 662 650 694; x_wconf 83' lang='lat' dir='ltr'>ergo</span> <span class='ocrx_word' id='word_1_72' title='bbox 667 651 894 693; x_wconf 86' lang='lat' dir='ltr'>migrationem,</span> <span class='ocrx_word' id='word_1_73' title='bbox 908 651 942 682; x_wconf 88' lang='lat' dir='ltr'>in</span> <span class='ocrx_word' id='word_1_74' title='bbox 958 651 1122 692; x_wconf 79' lang='lat' dir='ltr'>praesentia</span> <span class='ocrx_word' id='word_1_75' title='bbox 1144 651 1218 682; x_wconf 85' lang='lat' dir='ltr'>mihi</span> <span class='ocrx_word' id='word_1_76' title='bbox 1235 651 1420 693; x_wconf 83' lang='lat' dir='ltr'>injunctam,</span> <span class='ocrx_word' id='word_1_77' title='bbox 1444 652 1529 683; x_wconf 89' lang='lat' dir='ltr'>bona</span> <span class='ocrx_word' id='word_1_78' title='bbox 1543 664 1613 685; x_wconf 90' lang='lat' dir='ltr'>cum</span> <span class='ocrx_word' id='word_1_79' title='bbox 1627 663 1684 694; x_wconf 79' lang='lat' dir='ltr'>spe</span> 
     </span>
     <span class='ocr_line' id='line_1_8' title="bbox 221 704 1684 747; baseline 0.002 -12"><span class='ocrx_word' id='word_1_80' title='bbox 221 705 379 746; x_wconf 82' lang='lat' dir='ltr'>suscipio:</span> <span class='ocrx_word' id='word_1_81' title='bbox 405 705 605 747; x_wconf 74' lang='lat' dir='ltr'>similiterque</span> <span class='ocrx_word' id='word_1_82' title='bbox 621 704 723 746; x_wconf 86' lang='lat' dir='ltr'>quivis</span> <span class='ocrx_word' id='word_1_83' title='bbox 739 704 830 741; x_wconf 89' lang='lat' dir='ltr'>alius,</span> <span class='ocrx_word' id='word_1_84' title='bbox 844 705 898 746; x_wconf 90' lang='lat' dir='ltr'>qui</span> <span class='ocrx_word' id='word_1_85' title='bbox 924 705 1016 735; x_wconf 85' lang='lat' dir='ltr'>modo</span> <span class='ocrx_word' id='word_1_86' title='bbox 1033 705 1156 746; x_wconf 85' lang='lat' dir='ltr'>putavit</span> <span class='ocrx_word' id='word_1_87' title='bbox 1173 711 1376 747; x_wconf 69' lang='lat' dir='ltr'><strong>praeparatam</strong></span> <span class='ocrx_word' id='word_1_88' title='bbox 1393 706 1450 736; x_wconf 87' lang='lat' dir='ltr'>sibi</span> <span class='ocrx_word' id='word_1_89' title='bbox 1466 711 1602 738; x_wconf 86' lang='lat' dir='ltr'><strong>mentem</strong></span> <span class='ocrx_word' id='word_1_90' title='bbox 1615 712 1684 738; x_wconf 86' lang='lat' dir='ltr'>tan-</span> 
     </span>
     <span class='ocr_line' id='line_1_9' title="bbox 221 757 1685 801; baseline 0.001 -12"><span class='ocrx_word' id='word_1_91' title='bbox 221 768 315 800; x_wconf 86' lang='lat' dir='ltr'>quam</span> <span class='ocrx_word' id='word_1_92' title='bbox 332 759 536 801; x_wconf 84' lang='lat' dir='ltr'>purificatam.</span> <span class='ocrx_word' id='word_1_93' title='bbox 581 758 660 790; x_wconf 73' lang='lat' dir='ltr'>Suu.</span> <span class='ocrx_word' id='word_1_94' title='bbox 683 757 734 789; x_wconf 86' lang='lat' dir='ltr'>Ita</span> <span class='ocrx_word' id='word_1_95' title='bbox 749 769 884 800; x_wconf 87' lang='lat' dir='ltr'>prorsus.</span> <span class='ocrx_word' id='word_1_96' title='bbox 929 758 985 790; x_wconf 87' lang='lat' dir='ltr'>So.</span> <span class='ocrx_word' id='word_1_97' title='bbox 1015 757 1196 790; x_wconf 82' lang='lat' dir='ltr'>Purificatio</span> <span class='ocrx_word' id='word_1_98' title='bbox 1207 769 1278 790; x_wconf 90' lang='lat' dir='ltr'>vero</span> <span class='ocrx_word' id='word_1_99' title='bbox 1289 769 1393 790; x_wconf 90' lang='lat' dir='ltr'>nonne</span> <span class='ocrx_word' id='word_1_100' title='bbox 1408 759 1441 790; x_wconf 90' lang='lat' dir='ltr'>in</span> <span class='ocrx_word' id='word_1_101' title='bbox 1456 760 1516 790; x_wconf 73' lang='lat' dir='ltr'>hec</span> <span class='ocrx_word' id='word_1_102' title='bbox 1529 760 1685 798; x_wconf 79' lang='lat' dir='ltr'><strong>consistit,</strong></span> 
     </span>
     <span class='ocr_line' id='line_1_10' title="bbox 221 812 1685 855; baseline -0.001 -11"><span class='ocrx_word' id='word_1_103' title='bbox 221 813 306 855; x_wconf 88' lang='lat' dir='ltr'>quod</span> <span class='ocrx_word' id='word_1_104' title='bbox 318 812 505 854; x_wconf 83' lang='lat' dir='ltr'>jamdudum</span> <span class='ocrx_word' id='word_1_105' title='bbox 529 813 722 854; x_wconf 86' lang='lat' dir='ltr'>dicebamus,</span> <span class='ocrx_word' id='word_1_106' title='bbox 745 812 891 843; x_wconf 86' lang='lat' dir='ltr'>videlicet</span> <span class='ocrx_word' id='word_1_107' title='bbox 917 817 962 848; x_wconf 83' lang='lat' dir='ltr'>ut,</span> <span class='ocrx_word' id='word_1_108' title='bbox 985 822 1077 854; x_wconf 84' lang='lat' dir='ltr'>quam</span> <span class='ocrx_word' id='word_1_109' title='bbox 1104 812 1234 843; x_wconf 81' lang='lat' dir='ltr'>maxime</span> <span class='ocrx_word' id='word_1_110' title='bbox 1261 823 1436 854; x_wconf 85' lang='lat' dir='ltr'>possumus,</span> <span class='ocrx_word' id='word_1_111' title='bbox 1453 812 1650 855; x_wconf 86' lang='lat' dir='ltr'>sejungamus</span> <span class='ocrx_word' id='word_1_112' title='bbox 1666 823 1685 843; x_wconf 88' lang='lat' dir='ltr'>a</span> 
     </span>
     <span class='ocr_line' id='line_1_11' title="bbox 221 865 1684 908; baseline 0.001 -12"><span class='ocrx_word' id='word_1_113' title='bbox 221 875 350 906; x_wconf 86' lang='lat' dir='ltr'>corpore</span> <span class='ocrx_word' id='word_1_114' title='bbox 365 865 514 902; x_wconf 86' lang='lat' dir='ltr'>animum,</span> <span class='ocrx_word' id='word_1_115' title='bbox 529 875 664 907; x_wconf 89' lang='lat' dir='ltr'>eumque</span> <span class='ocrx_word' id='word_1_116' title='bbox 679 865 918 896; x_wconf 78' lang='lat' dir='ltr'>assuefaciamus</span> <span class='ocrx_word' id='word_1_117' title='bbox 935 875 990 906; x_wconf 87' lang='lat' dir='ltr'>per</span> <span class='ocrx_word' id='word_1_118' title='bbox 1005 876 1037 896; x_wconf 84' lang='lat' dir='ltr'>se</span> <span class='ocrx_word' id='word_1_119' title='bbox 1053 865 1191 907; x_wconf 86' lang='lat' dir='ltr'>undique</span> <span class='ocrx_word' id='word_1_120' title='bbox 1210 876 1229 896; x_wconf 84' lang='lat' dir='ltr'>a</span> <span class='ocrx_word' id='word_1_121' title='bbox 1243 866 1380 908; x_wconf 87' lang='lat' dir='ltr'>corporis</span> <span class='ocrx_word' id='word_1_122' title='bbox 1395 866 1582 907; x_wconf 71' lang='lat' dir='ltr'>contagione</span> <span class='ocrx_word' id='word_1_123' title='bbox 1594 877 1684 897; x_wconf 83' lang='lat' dir='ltr'>sevo-</span> 
     </span>
     <span class='ocr_line' id='line_1_12' title="bbox 221 918 1683 961; baseline 0 -11"><span class='ocrx_word' id='word_1_124' title='bbox 221 919 284 950; x_wconf 81' lang='lat' dir='ltr'>cari</span> <span class='ocrx_word' id='word_1_125' title='bbox 299 922 332 950; x_wconf 82' lang='lat' dir='ltr'>et</span> <span class='ocrx_word' id='word_1_126' title='bbox 345 918 463 960; x_wconf 86' lang='lat' dir='ltr'>colligi,</span> <span class='ocrx_word' id='word_1_127' title='bbox 477 919 585 960; x_wconf 86' lang='lat' dir='ltr'>itaque</span> <span class='ocrx_word' id='word_1_128' title='bbox 600 919 723 961; x_wconf 85' lang='lat' dir='ltr'>(quoad</span> <span class='ocrx_word' id='word_1_129' title='bbox 738 918 807 960; x_wconf 84' lang='lat' dir='ltr'>ejus</span> <span class='ocrx_word' id='word_1_130' title='bbox 822 919 887 950; x_wconf 84' lang='lat' dir='ltr'>fieri</span> <span class='ocrx_word' id='word_1_131' title='bbox 904 918 1024 960; x_wconf 84' lang='lat' dir='ltr'>potest)</span> <span class='ocrx_word' id='word_1_132' title='bbox 1040 918 1198 958; x_wconf 81' lang='lat' dir='ltr'>habitare;</span> <span class='ocrx_word' id='word_1_133' title='bbox 1223 919 1331 961; x_wconf 86' lang='lat' dir='ltr'>idque,</span> <span class='ocrx_word' id='word_1_134' title='bbox 1346 920 1425 950; x_wconf 84' lang='lat' dir='ltr'>etin</span> <span class='ocrx_word' id='word_1_135' title='bbox 1442 919 1588 961; x_wconf 82' lang='lat' dir='ltr'>praesenti</span> <span class='ocrx_word' id='word_1_136' title='bbox 1604 925 1683 952; x_wconf 87' lang='lat' dir='ltr'>tem-</span> 
     </span>
     <span class='ocr_line' id='line_1_13' title="bbox 221 973 1684 1015; baseline 0.001 -11"><span class='ocrx_word' id='word_1_137' title='bbox 221 983 297 1015; x_wconf 87' lang='lat' dir='ltr'>pore</span> <span class='ocrx_word' id='word_1_138' title='bbox 313 979 346 1004; x_wconf 89' lang='lat' dir='ltr'>et</span> <span class='ocrx_word' id='word_1_139' title='bbox 358 973 392 1004; x_wconf 89' lang='lat' dir='ltr'>in</span> <span class='ocrx_word' id='word_1_140' title='bbox 408 973 524 1010; x_wconf 78' lang='lat' dir='ltr'>futuro,</span> <span class='ocrx_word' id='word_1_141' title='bbox 535 983 552 1003; x_wconf 87' lang='lat' dir='ltr'>a</span> <span class='ocrx_word' id='word_1_142' title='bbox 565 983 692 1015; x_wconf 89' lang='lat' dir='ltr'>corpore</span> <span class='ocrx_word' id='word_1_143' title='bbox 701 978 848 1014; x_wconf 87' lang='lat' dir='ltr'>tauquam</span> <span class='ocrx_word' id='word_1_144' title='bbox 864 984 882 1004; x_wconf 84' lang='lat' dir='ltr'>a</span> <span class='ocrx_word' id='word_1_145' title='bbox 896 973 1029 1004; x_wconf 87' lang='lat' dir='ltr'>vinculis</span> <span class='ocrx_word' id='word_1_146' title='bbox 1041 973 1211 1005; x_wconf 85' lang='lat' dir='ltr'>resolutum</span> <span class='ocrx_word' id='word_1_147' title='bbox 1230 974 1241 1005; x_wconf 87' lang='lat'>?</span> <span class='ocrx_word' id='word_1_148' title='bbox 1286 974 1365 1004; x_wconf 73' lang='lat' dir='ltr'>Suu.</span> <span class='ocrx_word' id='word_1_149' title='bbox 1389 974 1528 1005; x_wconf 81' lang='lat' dir='ltr'>Maxime</span> <span class='ocrx_word' id='word_1_150' title='bbox 1543 974 1684 1015; x_wconf 84' lang='lat' dir='ltr'>quidem.</span> 
     </span>
     <span class='ocr_line' id='line_1_14' title="bbox 221 1026 1685 1070; baseline 0 -12"><span class='ocrx_word' id='word_1_151' title='bbox 221 1026 279 1058; x_wconf 89' lang='lat' dir='ltr'>So.</span> <span class='ocrx_word' id='word_1_152' title='bbox 303 1026 418 1058; x_wconf 89' lang='lat' dir='ltr'>Nonne</span> <span class='ocrx_word' id='word_1_153' title='bbox 440 1026 533 1068; x_wconf 86' lang='lat' dir='ltr'>igitur</span> <span class='ocrx_word' id='word_1_154' title='bbox 557 1027 624 1058; x_wconf 66' lang='lat' dir='ltr'>haze</span> <span class='ocrx_word' id='word_1_155' title='bbox 651 1037 730 1058; x_wconf 88' lang='lat' dir='ltr'>mors</span> <span class='ocrx_word' id='word_1_156' title='bbox 755 1026 942 1069; x_wconf 88' lang='lat' dir='ltr'>appellatur,</span> <span class='ocrx_word' id='word_1_157' title='bbox 969 1026 1082 1058; x_wconf 85' lang='lat' dir='ltr'>solutio</span> <span class='ocrx_word' id='word_1_158' title='bbox 1110 1028 1222 1058; x_wconf 87' lang='lat' dir='ltr'>animae</span> <span class='ocrx_word' id='word_1_159' title='bbox 1249 1033 1280 1058; x_wconf 89' lang='lat' dir='ltr'>et</span> <span class='ocrx_word' id='word_1_160' title='bbox 1307 1027 1462 1069; x_wconf 81' lang='lat' dir='ltr'>separatio</span> <span class='ocrx_word' id='word_1_161' title='bbox 1488 1038 1507 1058; x_wconf 89' lang='lat' dir='ltr'>a</span> <span class='ocrx_word' id='word_1_162' title='bbox 1532 1028 1685 1070; x_wconf 85' lang='lat' dir='ltr'>corpore?</span> 
     </span>
     <span class='ocr_line' id='line_1_15' title="bbox 222 1078 1684 1123; baseline 0.001 -12"><span class='ocrx_word' id='word_1_163' title='bbox 222 1079 300 1112; x_wconf 78' lang='lat' dir='ltr'>Sm.</span> <span class='ocrx_word' id='word_1_164' title='bbox 325 1078 464 1111; x_wconf 85' lang='lat' dir='ltr'>Prorsus.</span> <span class='ocrx_word' id='word_1_165' title='bbox 508 1080 565 1112; x_wconf 90' lang='lat' dir='ltr'>So.</span> <span class='ocrx_word' id='word_1_166' title='bbox 588 1080 712 1112; x_wconf 88' lang='lat' dir='ltr'>Solvere</span> <span class='ocrx_word' id='word_1_167' title='bbox 728 1090 800 1112; x_wconf 87' lang='lat' dir='ltr'>vero</span> <span class='ocrx_word' id='word_1_168' title='bbox 816 1081 930 1122; x_wconf 86' lang='lat' dir='ltr'>ipsum,</span> <span class='ocrx_word' id='word_1_169' title='bbox 947 1081 1210 1123; x_wconf 78' lang='lat' dir='ltr'>quemadmodum</span> <span class='ocrx_word' id='word_1_170' title='bbox 1227 1081 1422 1118; x_wconf 84' lang='lat' dir='ltr'>confitemur,</span> <span class='ocrx_word' id='word_1_171' title='bbox 1444 1081 1530 1112; x_wconf 87' lang='lat' dir='ltr'>omni</span> <span class='ocrx_word' id='word_1_172' title='bbox 1545 1086 1684 1122; x_wconf 87' lang='lat' dir='ltr'>tempore</span> 
     </span>
     <span class='ocr_line' id='line_1_16' title="bbox 223 1133 1683 1176; baseline 0 -12"><span class='ocrx_word' id='word_1_173' title='bbox 223 1133 354 1165; x_wconf 84' lang='lat' dir='ltr'>maxime</span> <span class='ocrx_word' id='word_1_174' title='bbox 369 1143 404 1164; x_wconf 90' lang='lat' dir='ltr'>ac</span> <span class='ocrx_word' id='word_1_175' title='bbox 419 1133 475 1164; x_wconf 89' lang='lat' dir='ltr'>soli</span> <span class='ocrx_word' id='word_1_176' title='bbox 491 1133 629 1171; x_wconf 86' lang='lat' dir='ltr'>student,</span> <span class='ocrx_word' id='word_1_177' title='bbox 643 1133 699 1175; x_wconf 91' lang='lat' dir='ltr'>qui</span> <span class='ocrx_word' id='word_1_178' title='bbox 713 1139 797 1165; x_wconf 88' lang='lat' dir='ltr'>recte</span> <span class='ocrx_word' id='word_1_179' title='bbox 812 1140 844 1165; x_wconf 90' lang='lat' dir='ltr'>et</span> <span class='ocrx_word' id='word_1_180' title='bbox 859 1133 1135 1175; x_wconf 71' lang='lat' dir='ltr'>philosophantur,</span> <span class='ocrx_word' id='word_1_181' title='bbox 1151 1139 1244 1175; x_wconf 87' lang='lat' dir='ltr'>atque</span> <span class='ocrx_word' id='word_1_182' title='bbox 1258 1135 1325 1165; x_wconf 83' lang='lat' dir='ltr'>haec</span> <span class='ocrx_word' id='word_1_183' title='bbox 1341 1134 1412 1176; x_wconf 85' lang='lat' dir='ltr'>ipsa</span> <span class='ocrx_word' id='word_1_184' title='bbox 1426 1133 1683 1176; x_wconf 88' lang='lat' dir='ltr'>philosophorum</span> 
     </span>
     <span class='ocr_line' id='line_1_17' title="bbox 222 1186 1685 1228; baseline -0.001 -9"><span class='ocrx_word' id='word_1_185' title='bbox 222 1188 387 1219; x_wconf 74' lang='lat' dir='ltr'>meditatio</span> <span class='ocrx_word' id='word_1_186' title='bbox 411 1192 468 1224; x_wconf 84' lang='lat' dir='ltr'>est,</span> <span class='ocrx_word' id='word_1_187' title='bbox 494 1186 630 1218; x_wconf 87' lang='lat' dir='ltr'>animum</span> <span class='ocrx_word' id='word_1_188' title='bbox 657 1197 677 1218; x_wconf 82' lang='lat' dir='ltr'>a</span> <span class='ocrx_word' id='word_1_189' title='bbox 702 1197 829 1228; x_wconf 89' lang='lat' dir='ltr'>corpore</span> <span class='ocrx_word' id='word_1_190' title='bbox 853 1187 972 1218; x_wconf 77' lang='lat' dir='ltr'>solvere</span> <span class='ocrx_word' id='word_1_191' title='bbox 994 1194 1088 1228; x_wconf 85' lang='lat' dir='ltr'>atque</span> <span class='ocrx_word' id='word_1_192' title='bbox 1111 1197 1263 1228; x_wconf 81' lang='lat' dir='ltr'>separare.</span> <span class='ocrx_word' id='word_1_193' title='bbox 1286 1198 1391 1218; x_wconf 87' lang='lat' dir='ltr'>nonne</span> <span class='ocrx_word' id='word_1_194' title='bbox 1415 1188 1459 1218; x_wconf 87' lang='lat' dir='ltr'>ita</span> <span class='ocrx_word' id='word_1_195' title='bbox 1473 1187 1484 1218; x_wconf 86' lang='lat'>?</span> <span class='ocrx_word' id='word_1_196' title='bbox 1529 1187 1608 1219; x_wconf 79' lang='lat' dir='ltr'>Sm.</span> <span class='ocrx_word' id='word_1_197' title='bbox 1633 1187 1685 1218; x_wconf 85' lang='lat' dir='ltr'>Ita</span> 
     </span>
     <span class='ocr_line' id='line_1_18' title="bbox 223 1240 1684 1283; baseline -0.001 -11"><span class='ocrx_word' id='word_1_198' title='bbox 223 1242 357 1274; x_wconf 81' lang='lat' dir='ltr'>videtur.</span> <span class='ocrx_word' id='word_1_199' title='bbox 402 1242 458 1273; x_wconf 88' lang='lat' dir='ltr'>So.</span> <span class='ocrx_word' id='word_1_200' title='bbox 482 1241 704 1278; x_wconf 84' lang='lat' dir='ltr'>Quamobrem,</span> <span class='ocrx_word' id='word_1_201' title='bbox 719 1247 754 1272; x_wconf 87' lang='lat' dir='ltr'>ut</span> <span class='ocrx_word' id='word_1_202' title='bbox 769 1241 801 1271; x_wconf 89' lang='lat' dir='ltr'>in</span> <span class='ocrx_word' id='word_1_203' title='bbox 817 1240 972 1283; x_wconf 86' lang='lat' dir='ltr'>principio</span> <span class='ocrx_word' id='word_1_204' title='bbox 989 1241 1145 1278; x_wconf 88' lang='lat' dir='ltr'>dicebam,</span> <span class='ocrx_word' id='word_1_205' title='bbox 1160 1241 1324 1273; x_wconf 86' lang='lat' dir='ltr'>ridiculum</span> <span class='ocrx_word' id='word_1_206' title='bbox 1350 1242 1441 1278; x_wconf 81' lang='lat' dir='ltr'>soret,</span> <span class='ocrx_word' id='word_1_207' title='bbox 1467 1241 1493 1272; x_wconf 86' lang='lat' dir='ltr'>si</span> <span class='ocrx_word' id='word_1_208' title='bbox 1508 1240 1565 1278; x_wconf 87' lang='lat' dir='ltr'>vir,</span> <span class='ocrx_word' id='word_1_209' title='bbox 1580 1241 1635 1282; x_wconf 90' lang='lat' dir='ltr'>qui</span> <span class='ocrx_word' id='word_1_210' title='bbox 1650 1251 1684 1272; x_wconf 89' lang='lat' dir='ltr'>se</span> 
     </span>
     <span class='ocr_line' id='line_1_19' title="bbox 222 1294 1683 1337; baseline -0.001 -10"><span class='ocrx_word' id='word_1_211' title='bbox 222 1295 257 1327; x_wconf 89' lang='lat' dir='ltr'>in</span> <span class='ocrx_word' id='word_1_212' title='bbox 273 1296 337 1328; x_wconf 84' lang='lat' dir='ltr'>vita</span> <span class='ocrx_word' id='word_1_213' title='bbox 351 1295 395 1327; x_wconf 86' lang='lat' dir='ltr'>sie</span> <span class='ocrx_word' id='word_1_214' title='bbox 409 1295 610 1337; x_wconf 85' lang='lat' dir='ltr'>comparavit,</span> <span class='ocrx_word' id='word_1_215' title='bbox 626 1299 661 1325; x_wconf 84' lang='lat' dir='ltr'>ut</span> <span class='ocrx_word' id='word_1_216' title='bbox 673 1305 764 1336; x_wconf 85' lang='lat' dir='ltr'>quam</span> <span class='ocrx_word' id='word_1_217' title='bbox 782 1294 919 1336; x_wconf 84' lang='lat' dir='ltr'>proxime</span> <span class='ocrx_word' id='word_1_218' title='bbox 934 1295 972 1326; x_wconf 86' lang='lat' dir='ltr'>ad</span> <span class='ocrx_word' id='word_1_219' title='bbox 989 1300 1117 1326; x_wconf 89' lang='lat' dir='ltr'>mortem</span> <span class='ocrx_word' id='word_1_220' title='bbox 1131 1296 1306 1333; x_wconf 81' lang='lat' dir='ltr'>accederet,</span> <span class='ocrx_word' id='word_1_221' title='bbox 1319 1306 1356 1326; x_wconf 89' lang='lat' dir='ltr'>ea</span> <span class='ocrx_word' id='word_1_222' title='bbox 1368 1295 1483 1326; x_wconf 84' lang='lat' dir='ltr'>deinde</span> <span class='ocrx_word' id='word_1_223' title='bbox 1495 1294 1683 1326; x_wconf 78' lang='lat' dir='ltr'>adveniente</span> 
     </span>
     <span class='ocr_line' id='line_1_20' title="bbox 224 1347 1685 1391; baseline -0.001 -11"><span class='ocrx_word' id='word_1_224' title='bbox 224 1350 462 1391; x_wconf 81' lang='lat' dir='ltr'>perturbaretur.</span> <span class='ocrx_word' id='word_1_225' title='bbox 485 1359 589 1380; x_wconf 87' lang='lat' dir='ltr'>noune</span> <span class='ocrx_word' id='word_1_226' title='bbox 612 1347 801 1380; x_wconf 88' lang='lat' dir='ltr'>ridiculum?</span> <span class='ocrx_word' id='word_1_227' title='bbox 846 1349 926 1381; x_wconf 77' lang='lat' dir='ltr'>Sm.</span> <span class='ocrx_word' id='word_1_228' title='bbox 950 1348 1095 1386; x_wconf 86' lang='lat' dir='ltr'>Quidni?</span> <span class='ocrx_word' id='word_1_229' title='bbox 1138 1349 1194 1381; x_wconf 88' lang='lat' dir='ltr'>So.</span> <span class='ocrx_word' id='word_1_230' title='bbox 1218 1348 1341 1380; x_wconf 87' lang='lat' dir='ltr'>Revera</span> <span class='ocrx_word' id='word_1_231' title='bbox 1364 1349 1471 1390; x_wconf 85' lang='lat' dir='ltr'>igitur,</span> <span class='ocrx_word' id='word_1_232' title='bbox 1501 1359 1520 1380; x_wconf 91' lang='lat' dir='ltr'>o</span> <span class='ocrx_word' id='word_1_233' title='bbox 1543 1347 1685 1386; x_wconf 82' lang='lat' dir='ltr'>Simmia,</span> 
     </span>
     <span class='ocr_line' id='line_1_21' title="bbox 222 1401 1683 1444; baseline -0.001 -10"><span class='ocrx_word' id='word_1_234' title='bbox 222 1407 306 1434; x_wconf 87' lang='lat' dir='ltr'>recte</span> <span class='ocrx_word' id='word_1_235' title='bbox 323 1402 578 1444; x_wconf 72' lang='lat' dir='ltr'>philosophantes</span> <span class='ocrx_word' id='word_1_236' title='bbox 602 1407 730 1432; x_wconf 89' lang='lat' dir='ltr'>mortem</span> <span class='ocrx_word' id='word_1_237' title='bbox 755 1407 1016 1444; x_wconf 85' lang='lat' dir='ltr'>commentantur,</span> <span class='ocrx_word' id='word_1_238' title='bbox 1032 1407 1126 1443; x_wconf 86' lang='lat' dir='ltr'>atque</span> <span class='ocrx_word' id='word_1_239' title='bbox 1150 1403 1189 1433; x_wconf 86' lang='lat' dir='ltr'>ab</span> <span class='ocrx_word' id='word_1_240' title='bbox 1212 1412 1250 1433; x_wconf 91' lang='lat' dir='ltr'>ea</span> <span class='ocrx_word' id='word_1_241' title='bbox 1272 1402 1399 1433; x_wconf 88' lang='lat' dir='ltr'>minime</span> <span class='ocrx_word' id='word_1_242' title='bbox 1415 1401 1552 1432; x_wconf 84' lang='lat' dir='ltr'>omnium</span> <span class='ocrx_word' id='word_1_243' title='bbox 1568 1406 1683 1444; x_wconf 85' lang='lat' dir='ltr'>perter-</span> 
     </span>
     <span class='ocr_line' id='line_1_22' title="bbox 223 1454 1683 1498; baseline 0.001 -12"><span class='ocrx_word' id='word_1_244' title='bbox 223 1459 338 1487; x_wconf 85' lang='lat' dir='ltr'>rentur.</span> <span class='ocrx_word' id='word_1_245' title='bbox 383 1454 432 1486; x_wconf 88' lang='lat' dir='ltr'>Ita</span> <span class='ocrx_word' id='word_1_246' title='bbox 445 1465 517 1486; x_wconf 87' lang='lat' dir='ltr'>vero</span> <span class='ocrx_word' id='word_1_247' title='bbox 541 1454 715 1486; x_wconf 83' lang='lat' dir='ltr'>considera.</span> <span class='ocrx_word' id='word_1_248' title='bbox 759 1455 839 1486; x_wconf 89' lang='lat' dir='ltr'>Cum</span> <span class='ocrx_word' id='word_1_249' title='bbox 864 1454 947 1486; x_wconf 86' lang='lat' dir='ltr'>enim</span> <span class='ocrx_word' id='word_1_250' title='bbox 973 1465 1088 1496; x_wconf 83' lang='lat' dir='ltr'>corpus</span> <span class='ocrx_word' id='word_1_251' title='bbox 1103 1455 1230 1497; x_wconf 89' lang='lat' dir='ltr'>quidem</span> <span class='ocrx_word' id='word_1_252' title='bbox 1248 1454 1365 1498; x_wconf 89' lang='lat' dir='ltr'>ubique</span> <span class='ocrx_word' id='word_1_253' title='bbox 1381 1461 1594 1497; x_wconf 78' lang='lat' dir='ltr'>aspernentur,</span> <span class='ocrx_word' id='word_1_254' title='bbox 1617 1454 1683 1487; x_wconf 81' lang='lat' dir='ltr'>ani·</span> 
     </span>
     <span class='ocr_line' id='line_1_23' title="bbox 222 1508 1683 1551; baseline -0.001 -11"><span class='ocrx_word' id='word_1_255' title='bbox 222 1519 307 1540; x_wconf 88' lang='lat' dir='ltr'>mum</span> <span class='ocrx_word' id='word_1_256' title='bbox 323 1519 395 1539; x_wconf 86' lang='lat' dir='ltr'>vero</span> <span class='ocrx_word' id='word_1_257' title='bbox 410 1508 510 1550; x_wconf 86' lang='lat' dir='ltr'>ipsum</span> <span class='ocrx_word' id='word_1_258' title='bbox 527 1508 657 1550; x_wconf 89' lang='lat' dir='ltr'>cupiant</span> <span class='ocrx_word' id='word_1_259' title='bbox 670 1508 840 1540; x_wconf 79' lang='lat' dir='ltr'>secundum</span> <span class='ocrx_word' id='word_1_260' title='bbox 853 1509 988 1551; x_wconf 85' lang='lat' dir='ltr'>seipsum</span> <span class='ocrx_word' id='word_1_261' title='bbox 1002 1509 1114 1540; x_wconf 87' lang='lat' dir='ltr'>habere</span> <span class='ocrx_word' id='word_1_262' title='bbox 1128 1520 1137 1549; x_wconf 92' lang='lat'>;</span> <span class='ocrx_word' id='word_1_263' title='bbox 1154 1519 1258 1540; x_wconf 88' lang='lat' dir='ltr'>nonne</span> <span class='ocrx_word' id='word_1_264' title='bbox 1270 1519 1389 1540; x_wconf 82' lang='lat' dir='ltr'>summa</span> <span class='ocrx_word' id='word_1_265' title='bbox 1402 1514 1483 1540; x_wconf 83' lang='lat' dir='ltr'>esset</span> <span class='ocrx_word' id='word_1_266' title='bbox 1498 1508 1683 1545; x_wconf 84' lang='lat' dir='ltr'>absurditas,</span> 
     </span>
     <span class='ocr_line' id='line_1_24' title="bbox 223 1561 1684 1604; baseline -0.001 -11"><span class='ocrx_word' id='word_1_267' title='bbox 223 1562 248 1593; x_wconf 87' lang='lat' dir='ltr'>si</span> <span class='ocrx_word' id='word_1_268' title='bbox 265 1567 354 1602; x_wconf 89' lang='lat' dir='ltr'>tunc,</span> <span class='ocrx_word' id='word_1_269' title='bbox 368 1562 542 1603; x_wconf 84' lang='lat' dir='ltr'>quandoid</span> <span class='ocrx_word' id='word_1_270' title='bbox 555 1562 670 1598; x_wconf 87' lang='lat' dir='ltr'>evenit,</span> <span class='ocrx_word' id='word_1_271' title='bbox 687 1567 894 1604; x_wconf 84' lang='lat' dir='ltr'>expavescant</span> <span class='ocrx_word' id='word_1_272' title='bbox 907 1563 1098 1603; x_wconf 82' lang='lat' dir='ltr'>molesteque</span> <span class='ocrx_word' id='word_1_273' title='bbox 1108 1562 1208 1594; x_wconf 84' lang='lat' dir='ltr'>serant</span> <span class='ocrx_word' id='word_1_274' title='bbox 1220 1573 1228 1601; x_wconf 83' lang='lat'><em>3</em></span> <span class='ocrx_word' id='word_1_275' title='bbox 1240 1573 1343 1604; x_wconf 90' lang='lat' dir='ltr'>neque</span> <span class='ocrx_word' id='word_1_276' title='bbox 1358 1562 1489 1594; x_wconf 84' lang='lat' dir='ltr'>libenter</span> <span class='ocrx_word' id='word_1_277' title='bbox 1503 1562 1577 1593; x_wconf 92' lang='lat' dir='ltr'>illuc</span> <span class='ocrx_word' id='word_1_278' title='bbox 1588 1561 1684 1603; x_wconf 88' lang='lat' dir='ltr'>profi-</span> 
     </span>
     <span class='ocr_line' id='line_1_25' title="bbox 224 1614 1682 1659; baseline -0.002 -11"><span class='ocrx_word' id='word_1_279' title='bbox 224 1616 391 1653; x_wconf 80' lang='lat' dir='ltr'>ciscantur,</span> <span class='ocrx_word' id='word_1_280' title='bbox 404 1626 467 1656; x_wconf 90' lang='lat' dir='ltr'>quo</span> <span class='ocrx_word' id='word_1_281' title='bbox 482 1625 553 1647; x_wconf 91' lang='lat' dir='ltr'>cum</span> <span class='ocrx_word' id='word_1_282' title='bbox 563 1614 771 1656; x_wconf 82' lang='lat' dir='ltr'>pervenerint,</span> <span class='ocrx_word' id='word_1_283' title='bbox 787 1626 857 1657; x_wconf 89' lang='lat' dir='ltr'>spes</span> <span class='ocrx_word' id='word_1_284' title='bbox 869 1621 916 1647; x_wconf 89' lang='lat' dir='ltr'>est</span> <span class='ocrx_word' id='word_1_285' title='bbox 928 1627 966 1648; x_wconf 89' lang='lat' dir='ltr'>eo</span> <span class='ocrx_word' id='word_1_286' title='bbox 979 1616 1120 1658; x_wconf 81' lang='lat' dir='ltr'>quidem,</span> <span class='ocrx_word' id='word_1_287' title='bbox 1135 1616 1219 1658; x_wconf 91' lang='lat' dir='ltr'>quod</span> <span class='ocrx_word' id='word_1_288' title='bbox 1235 1616 1309 1659; x_wconf 78' lang='lat'>[68]</span> <span class='ocrx_word' id='word_1_289' title='bbox 1332 1615 1478 1646; x_wconf 87' lang='lat' dir='ltr'>amabant</span> <span class='ocrx_word' id='word_1_290' title='bbox 1489 1615 1519 1646; x_wconf 89' lang='lat' dir='ltr'>in</span> <span class='ocrx_word' id='word_1_291' title='bbox 1533 1614 1608 1652; x_wconf 81' lang='lat' dir='ltr'>vita,</span> <span class='ocrx_word' id='word_1_292' title='bbox 1624 1625 1682 1656; x_wconf 90' lang='lat' dir='ltr'>po-</span> 
     </span>
     <span class='ocr_line' id='line_1_26' title="bbox 224 1667 1681 1711; baseline -0.001 -11"><span class='ocrx_word' id='word_1_293' title='bbox 224 1669 273 1700; x_wconf 89' lang='lat' dir='ltr'>tiri</span> <span class='ocrx_word' id='word_1_294' title='bbox 286 1668 451 1711; x_wconf 83' lang='lat' dir='ltr'>(amabant.</span> <span class='ocrx_word' id='word_1_295' title='bbox 465 1673 568 1700; x_wconf 78' lang='lat' dir='ltr'>autem</span> <span class='ocrx_word' id='word_1_296' title='bbox 585 1668 788 1711; x_wconf 88' lang='lat' dir='ltr'>sapientiam)</span> <span class='ocrx_word' id='word_1_297' title='bbox 802 1681 811 1709; x_wconf 88' lang='lat'>;</span> <span class='ocrx_word' id='word_1_298' title='bbox 827 1680 864 1700; x_wconf 91' lang='lat' dir='ltr'>eo</span> <span class='ocrx_word' id='word_1_299' title='bbox 881 1675 997 1706; x_wconf 82' lang='lat' dir='ltr'>autem,</span> <span class='ocrx_word' id='word_1_300' title='bbox 1010 1669 1100 1711; x_wconf 85' lang='lat' dir='ltr'>cujus</span> <span class='ocrx_word' id='word_1_301' title='bbox 1112 1669 1328 1701; x_wconf 88' lang='lat' dir='ltr'>commercium</span> <span class='ocrx_word' id='word_1_302' title='bbox 1338 1669 1469 1700; x_wconf 83' lang='lat' dir='ltr'>moleste</span> <span class='ocrx_word' id='word_1_303' title='bbox 1477 1667 1628 1706; x_wconf 83' lang='lat' dir='ltr'>ferebant,</span> <span class='ocrx_word' id='word_1_304' title='bbox 1644 1667 1681 1698; x_wconf 89' lang='lat' dir='ltr'>li-</span> 
     </span>
     <span class='ocr_line' id='line_1_27' title="bbox 223 1722 1684 1764; baseline -0.001 -10"><span class='ocrx_word' id='word_1_305' title='bbox 223 1723 346 1755; x_wconf 87' lang='lat' dir='ltr'>berari?</span> <span class='ocrx_word' id='word_1_306' title='bbox 380 1723 433 1754; x_wconf 87' lang='lat' dir='ltr'>An</span> <span class='ocrx_word' id='word_1_307' title='bbox 450 1733 521 1754; x_wconf 78' lang='lat' dir='ltr'>vero</span> <span class='ocrx_word' id='word_1_308' title='bbox 537 1723 645 1755; x_wconf 89' lang='lat' dir='ltr'>amatis</span> <span class='ocrx_word' id='word_1_309' title='bbox 660 1728 693 1755; x_wconf 86' lang='lat' dir='ltr'>et</span> <span class='ocrx_word' id='word_1_310' title='bbox 708 1723 885 1755; x_wconf 89' lang='lat' dir='ltr'>mulieribus</span> <span class='ocrx_word' id='word_1_311' title='bbox 900 1729 931 1755; x_wconf 88' lang='lat' dir='ltr'>et</span> <span class='ocrx_word' id='word_1_312' title='bbox 941 1723 1013 1754; x_wconf 87' lang='lat' dir='ltr'>filiis</span> <span class='ocrx_word' id='word_1_313' title='bbox 1027 1724 1199 1760; x_wconf 85' lang='lat' dir='ltr'>defunctis,</span> <span class='ocrx_word' id='word_1_314' title='bbox 1216 1723 1304 1754; x_wconf 88' lang='lat' dir='ltr'>multi</span> <span class='ocrx_word' id='word_1_315' title='bbox 1315 1723 1380 1764; x_wconf 86' lang='lat' dir='ltr'>jam</span> <span class='ocrx_word' id='word_1_316' title='bbox 1397 1728 1507 1764; x_wconf 83' lang='lat' dir='ltr'>sponte</span> <span class='ocrx_word' id='word_1_317' title='bbox 1518 1722 1684 1754; x_wconf 87' lang='lat' dir='ltr'>voluerunt</span> 
     </span>
     <span class='ocr_line' id='line_1_28' title="bbox 223 1776 1681 1819; baseline -0.001 -12"><span class='ocrx_word' id='word_1_318' title='bbox 223 1777 263 1807; x_wconf 85' lang='lat' dir='ltr'>ad</span> <span class='ocrx_word' id='word_1_319' title='bbox 280 1776 393 1808; x_wconf 74' lang='lat' dir='ltr'>inferos</span> <span class='ocrx_word' id='word_1_320' title='bbox 407 1776 573 1818; x_wconf 85' lang='lat' dir='ltr'>proficisci,</span> <span class='ocrx_word' id='word_1_321' title='bbox 589 1782 748 1819; x_wconf 84' lang='lat' dir='ltr'>sperantes</span> <span class='ocrx_word' id='word_1_322' title='bbox 762 1787 816 1809; x_wconf 86' lang='lat' dir='ltr'>eos</span> <span class='ocrx_word' id='word_1_323' title='bbox 841 1777 885 1808; x_wconf 88' lang='lat' dir='ltr'>ibi</span> <span class='ocrx_word' id='word_1_324' title='bbox 902 1778 998 1809; x_wconf 83' lang='lat' dir='ltr'>visere</span> <span class='ocrx_word' id='word_1_325' title='bbox 1025 1786 1095 1809; x_wconf 86' lang='lat' dir='ltr'>cum</span> <span class='ocrx_word' id='word_1_326' title='bbox 1123 1777 1230 1818; x_wconf 86' lang='lat' dir='ltr'>eisque</span> <span class='ocrx_word' id='word_1_327' title='bbox 1246 1777 1367 1813; x_wconf 83' lang='lat' dir='ltr'>versari,</span> <span class='ocrx_word' id='word_1_328' title='bbox 1383 1787 1462 1818; x_wconf 90' lang='lat' dir='ltr'>quos</span> <span class='ocrx_word' id='word_1_329' title='bbox 1484 1780 1681 1807; x_wconf 81' lang='lat' dir='ltr'>atnaverant:</span> 
     </span>
     <span class='ocr_line' id='line_1_29' title="bbox 223 1828 1682 1872; baseline -0.001 -11"><span class='ocrx_word' id='word_1_330' title='bbox 223 1829 386 1872; x_wconf 74' lang='lat' dir='ltr'>sapientiae</span> <span class='ocrx_word' id='word_1_331' title='bbox 402 1835 506 1861; x_wconf 85' lang='lat' dir='ltr'>autern</span> <span class='ocrx_word' id='word_1_332' title='bbox 523 1841 611 1861; x_wconf 91' lang='lat' dir='ltr'>verus</span> <span class='ocrx_word' id='word_1_333' title='bbox 627 1835 757 1866; x_wconf 85' lang='lat' dir='ltr'>amator,</span> <span class='ocrx_word' id='word_1_334' title='bbox 773 1831 970 1862; x_wconf 81' lang='lat' dir='ltr'>vehementer</span> <span class='ocrx_word' id='word_1_335' title='bbox 985 1830 1016 1862; x_wconf 91' lang='lat' dir='ltr'>in</span> <span class='ocrx_word' id='word_1_336' title='bbox 1029 1831 1109 1862; x_wconf 88' lang='lat' dir='ltr'>hauc</span> <span class='ocrx_word' id='word_1_337' title='bbox 1126 1831 1222 1872; x_wconf 85' lang='lat' dir='ltr'>ipsam</span> <span class='ocrx_word' id='word_1_338' title='bbox 1240 1840 1326 1871; x_wconf 90' lang='lat' dir='ltr'>spem</span> <span class='ocrx_word' id='word_1_339' title='bbox 1342 1830 1508 1869; x_wconf 81' lang='lat' dir='ltr'>adductus,</span> <span class='ocrx_word' id='word_1_340' title='bbox 1517 1839 1581 1859; x_wconf 85' lang='lat' dir='ltr'>non</span> <span class='ocrx_word' id='word_1_341' title='bbox 1593 1828 1682 1860; x_wconf 83' lang='lat' dir='ltr'>aliter</span> 
     </span>
     <span class='ocr_line' id='line_1_30' title="bbox 222 1883 1680 1926; baseline -0.001 -12"><span class='ocrx_word' id='word_1_342' title='bbox 222 1893 290 1915; x_wconf 89' lang='lat' dir='ltr'>eam</span> <span class='ocrx_word' id='word_1_343' title='bbox 307 1893 362 1925; x_wconf 89' lang='lat' dir='ltr'>pro</span> <span class='ocrx_word' id='word_1_344' title='bbox 377 1883 527 1925; x_wconf 87' lang='lat' dir='ltr'>dignitate</span> <span class='ocrx_word' id='word_1_345' title='bbox 551 1883 615 1914; x_wconf 91' lang='lat' dir='ltr'>ulla</span> <span class='ocrx_word' id='word_1_346' title='bbox 633 1894 665 1915; x_wconf 89' lang='lat' dir='ltr'>se</span> <span class='ocrx_word' id='word_1_347' title='bbox 691 1889 951 1926; x_wconf 81' lang='lat' dir='ltr'>comparaturum,</span> <span class='ocrx_word' id='word_1_348' title='bbox 966 1895 1059 1926; x_wconf 84' lang='lat' dir='ltr'>quam</span> <span class='ocrx_word' id='word_1_349' title='bbox 1084 1884 1107 1915; x_wconf 87' lang='lat' dir='ltr'>si</span> <span class='ocrx_word' id='word_1_350' title='bbox 1135 1883 1294 1920; x_wconf 81' lang='lat' dir='ltr'>moriatur,</span> <span class='ocrx_word' id='word_1_351' title='bbox 1310 1883 1523 1914; x_wconf 88' lang='lat' dir='ltr'>imminentem</span> <span class='ocrx_word' id='word_1_352' title='bbox 1551 1887 1680 1914; x_wconf 89' lang='lat' dir='ltr'>mortem</span> 
     </span>
     <span class='ocr_line' id='line_1_31' title="bbox 223 1936 1680 1980; baseline 0.001 -13"><span class='ocrx_word' id='word_1_353' title='bbox 223 1947 304 1978; x_wconf 80' lang='lat' dir='ltr'>aegre</span> <span class='ocrx_word' id='word_1_354' title='bbox 315 1937 403 1974; x_wconf 87' lang='lat' dir='ltr'>feret,</span> <span class='ocrx_word' id='word_1_355' title='bbox 418 1947 454 1967; x_wconf 91' lang='lat' dir='ltr'>ac</span> <span class='ocrx_word' id='word_1_356' title='bbox 471 1947 533 1967; x_wconf 89' lang='lat' dir='ltr'>non</span> <span class='ocrx_word' id='word_1_357' title='bbox 549 1936 681 1968; x_wconf 88' lang='lat' dir='ltr'>libenter</span> <span class='ocrx_word' id='word_1_358' title='bbox 695 1938 770 1969; x_wconf 87' lang='lat' dir='ltr'>hinc</span> <span class='ocrx_word' id='word_1_359' title='bbox 784 1938 861 1969; x_wconf 89' lang='lat' dir='ltr'>illuc</span> <span class='ocrx_word' id='word_1_360' title='bbox 876 1938 1042 1980; x_wconf 82' lang='lat' dir='ltr'>emigrabit</span> <span class='ocrx_word' id='word_1_361' title='bbox 1057 1938 1068 1968; x_wconf 72' lang='grc' dir='ltr'><strong><em>ἓ</em></strong></span> <span class='ocrx_word' id='word_1_362' title='bbox 1113 1936 1264 1968; x_wconf 85' lang='lat' dir='ltr'>Arbitrari</span> <span class='ocrx_word' id='word_1_363' title='bbox 1275 1937 1415 1978; x_wconf 84' lang='lat' dir='ltr'>quidem,</span> <span class='ocrx_word' id='word_1_364' title='bbox 1430 1947 1449 1967; x_wconf 90' lang='lat' dir='ltr'>o</span> <span class='ocrx_word' id='word_1_365' title='bbox 1462 1936 1572 1973; x_wconf 87' lang='lat' dir='ltr'>amice,</span> <span class='ocrx_word' id='word_1_366' title='bbox 1588 1946 1680 1978; x_wconf 90' lang='lat' dir='ltr'>opor-</span> 
     </span>
     <span class='ocr_line' id='line_1_32' title="bbox 223 1990 1680 2034; baseline 0 -13"><span class='ocrx_word' id='word_1_367' title='bbox 223 1995 280 2028; x_wconf 90' lang='lat' dir='ltr'>tet,</span> <span class='ocrx_word' id='word_1_368' title='bbox 296 1990 321 2021; x_wconf 88' lang='lat' dir='ltr'>si</span> <span class='ocrx_word' id='word_1_369' title='bbox 336 2000 406 2022; x_wconf 81' lang='lat' dir='ltr'>vere</span> <span class='ocrx_word' id='word_1_370' title='bbox 422 1990 628 2033; x_wconf 83' lang='lat' dir='ltr'>philosophus</span> <span class='ocrx_word' id='word_1_371' title='bbox 643 1990 694 2028; x_wconf 82' lang='lat' dir='ltr'>sit,</span> <span class='ocrx_word' id='word_1_372' title='bbox 710 2001 896 2033; x_wconf 83' lang='lat' dir='ltr'>magnopere</span> <span class='ocrx_word' id='word_1_373' title='bbox 912 1993 996 2034; x_wconf 89' lang='lat' dir='ltr'>apud</span> <span class='ocrx_word' id='word_1_374' title='bbox 1015 1993 1115 2033; x_wconf 88' lang='lat' dir='ltr'>ipsum</span> <span class='ocrx_word' id='word_1_375' title='bbox 1138 1992 1218 2023; x_wconf 87' lang='lat' dir='ltr'>hane</span> <span class='ocrx_word' id='word_1_376' title='bbox 1244 1991 1425 2032; x_wconf 85' lang='lat' dir='ltr'>opinionem</span> <span class='ocrx_word' id='word_1_377' title='bbox 1440 1990 1604 2033; x_wconf 76' lang='lat' dir='ltr'>valcre,‚ut</span> <span class='ocrx_word' id='word_1_378' title='bbox 1617 2000 1680 2022; x_wconf 89' lang='lat' dir='ltr'>non</span> 
     </span>
     <span class='ocr_line' id='line_1_33' title="bbox 222 2042 1681 2087; baseline 0 -13"><span class='ocrx_word' id='word_1_379' title='bbox 222 2043 297 2074; x_wconf 90' lang='lat' dir='ltr'>alibi</span> <span class='ocrx_word' id='word_1_380' title='bbox 313 2053 421 2085; x_wconf 90' lang='lat' dir='ltr'>puram</span> <span class='ocrx_word' id='word_1_381' title='bbox 445 2043 628 2085; x_wconf 82' lang='lat' dir='ltr'>sapientiam</span> <span class='ocrx_word' id='word_1_382' title='bbox 646 2054 737 2086; x_wconf 85' lang='lat' dir='ltr'>posse</span> <span class='ocrx_word' id='word_1_383' title='bbox 753 2045 875 2086; x_wconf 87' lang='lat' dir='ltr'>assequi</span> <span class='ocrx_word' id='word_1_384' title='bbox 891 2051 994 2087; x_wconf 83' lang='lat' dir='ltr'>speret</span> <span class='ocrx_word' id='word_1_385' title='bbox 1008 2056 1100 2086; x_wconf 87' lang='lat' dir='ltr'>quam</span> <span class='ocrx_word' id='word_1_386' title='bbox 1124 2045 1155 2075; x_wconf 89' lang='lat' dir='ltr'>in</span> <span class='ocrx_word' id='word_1_387' title='bbox 1180 2045 1283 2075; x_wconf 81' lang='lat' dir='ltr'>futura</span> <span class='ocrx_word' id='word_1_388' title='bbox 1298 2050 1369 2086; x_wconf 83' lang='lat' dir='ltr'>post</span> <span class='ocrx_word' id='word_1_389' title='bbox 1385 2049 1511 2075; x_wconf 89' lang='lat' dir='ltr'>mortem</span> <span class='ocrx_word' id='word_1_390' title='bbox 1527 2042 1603 2074; x_wconf 86' lang='lat' dir='ltr'>vita.</span> <span class='ocrx_word' id='word_1_391' title='bbox 1646 2043 1681 2074; x_wconf 88' lang='lat' dir='ltr'>Si</span> 
     </span>
     <span class='ocr_line' id='line_1_34' title="bbox 222 2097 1680 2140; baseline 0 -12"><span class='ocrx_word' id='word_1_392' title='bbox 222 2102 326 2128; x_wconf 85' lang='lat' dir='ltr'>autem</span> <span class='ocrx_word' id='word_1_393' title='bbox 342 2098 401 2129; x_wconf 90' lang='lat' dir='ltr'>hoc</span> <span class='ocrx_word' id='word_1_394' title='bbox 415 2097 461 2128; x_wconf 86' lang='lat' dir='ltr'>ita</span> <span class='ocrx_word' id='word_1_395' title='bbox 477 2108 508 2129; x_wconf 85' lang='lat' dir='ltr'>se</span> <span class='ocrx_word' id='word_1_396' title='bbox 524 2098 631 2138; x_wconf 89' lang='lat' dir='ltr'>habet,</span> <span class='ocrx_word' id='word_1_397' title='bbox 646 2108 765 2139; x_wconf 87' lang='lat' dir='ltr'>nonne,</span> <span class='ocrx_word' id='word_1_398' title='bbox 781 2099 1044 2140; x_wconf 88' lang='lat' dir='ltr'>quemadmodum</span> <span class='ocrx_word' id='word_1_399' title='bbox 1060 2100 1153 2130; x_wconf 88' lang='lat' dir='ltr'>modo</span> <span class='ocrx_word' id='word_1_400' title='bbox 1166 2098 1320 2137; x_wconf 84' lang='lat' dir='ltr'>dicebam,</span> <span class='ocrx_word' id='word_1_401' title='bbox 1334 2103 1445 2139; x_wconf 85' lang='lat' dir='ltr'>praeter</span> <span class='ocrx_word' id='word_1_402' title='bbox 1466 2097 1617 2128; x_wconf 90' lang='lat' dir='ltr'>rationem</span> <span class='ocrx_word' id='word_1_403' title='bbox 1633 2098 1680 2128; x_wconf 80' lang='lat' dir='ltr'>fo-</span> 
     </span>
     <span class='ocr_line' id='line_1_35' title="bbox 221 2150 1679 2192; baseline 0.001 -12"><span class='ocrx_word' id='word_1_404' title='bbox 221 2155 269 2181; x_wconf 87' lang='lat' dir='ltr'>ret</span> <span class='ocrx_word' id='word_1_405' title='bbox 279 2150 419 2191; x_wconf 78' lang='lat' dir='ltr'>omnino‚</span> <span class='ocrx_word' id='word_1_406' title='bbox 430 2150 456 2181; x_wconf 89' lang='lat' dir='ltr'>si</span> <span class='ocrx_word' id='word_1_407' title='bbox 469 2155 597 2182; x_wconf 87' lang='lat' dir='ltr'>mortem</span> <span class='ocrx_word' id='word_1_408' title='bbox 610 2151 654 2181; x_wconf 87' lang='lat' dir='ltr'>vir</span> <span class='ocrx_word' id='word_1_409' title='bbox 666 2151 821 2192; x_wconf 84' lang='lat' dir='ltr'>ejusmodi</span> <span class='ocrx_word' id='word_1_410' title='bbox 832 2151 1010 2183; x_wconf 83' lang='lat' dir='ltr'>formidaret</span> <span class='ocrx_word' id='word_1_411' title='bbox 1023 2153 1035 2182; x_wconf 66' lang='grc' dir='ltr'><strong><em>ἒ</em></strong></span> <span class='ocrx_word' id='word_1_412' title='bbox 1081 2152 1159 2184; x_wconf 75' lang='lat' dir='ltr'>Sim.</span> <span class='ocrx_word' id='word_1_413' title='bbox 1184 2151 1245 2183; x_wconf 88' lang='lat' dir='ltr'>Per</span> <span class='ocrx_word' id='word_1_414' title='bbox 1255 2151 1275 2183; x_wconf 79' lang='lat' dir='ltr'><strong>J</strong></span> <span class='ocrx_word' id='word_1_415' title='bbox 1279 2161 1379 2188; x_wconf 88' lang='lat' dir='ltr'>ovem,</span> <span class='ocrx_word' id='word_1_416' title='bbox 1396 2156 1503 2182; x_wconf 84' lang='lat' dir='ltr'>contra</span> <span class='ocrx_word' id='word_1_417' title='bbox 1516 2150 1679 2182; x_wconf 86' lang='lat' dir='ltr'>rationem.</span> 
     </span>
     <span class='ocr_line' id='line_1_36' title="bbox 223 2203 1679 2247; baseline 0 -13"><span class='ocrx_word' id='word_1_418' title='bbox 223 2203 281 2235; x_wconf 90' lang='lat' dir='ltr'>So.</span> <span class='ocrx_word' id='word_1_419' title='bbox 304 2203 467 2235; x_wconf 83' lang='lat' dir='ltr'>Sufficiens</span> <span class='ocrx_word' id='word_1_420' title='bbox 483 2214 555 2245; x_wconf 89' lang='lat' dir='ltr'>ergo</span> <span class='ocrx_word' id='word_1_421' title='bbox 579 2204 761 2245; x_wconf 85' lang='lat' dir='ltr'>conjectura</span> <span class='ocrx_word' id='word_1_422' title='bbox 777 2205 847 2245; x_wconf 87' lang='lat' dir='ltr'>erit,</span> <span class='ocrx_word' id='word_1_423' title='bbox 861 2205 974 2247; x_wconf 86' lang='lat' dir='ltr'>inquit,</span> <span class='ocrx_word' id='word_1_424' title='bbox 991 2205 1016 2236; x_wconf 79' lang='lat' dir='ltr'>si</span> <span class='ocrx_word' id='word_1_425' title='bbox 1040 2216 1131 2247; x_wconf 87' lang='lat' dir='ltr'>quem</span> <span class='ocrx_word' id='word_1_426' title='bbox 1148 2204 1260 2236; x_wconf 86' lang='lat' dir='ltr'>videris</span> <span class='ocrx_word' id='word_1_427' title='bbox 1283 2205 1411 2235; x_wconf 87' lang='lat' dir='ltr'>moleste</span> <span class='ocrx_word' id='word_1_428' title='bbox 1436 2208 1564 2235; x_wconf 89' lang='lat' dir='ltr'>mortem</span> <span class='ocrx_word' id='word_1_429' title='bbox 1589 2203 1679 2241; x_wconf 81' lang='lat' dir='ltr'>ferre,</span> 
     </span>
     <span class='ocr_line' id='line_1_37' title="bbox 223 2257 1678 2300; baseline -0.001 -11"><span class='ocrx_word' id='word_1_430' title='bbox 223 2268 294 2289; x_wconf 84' lang='lat' dir='ltr'>eum</span> <span class='ocrx_word' id='word_1_431' title='bbox 310 2267 373 2288; x_wconf 88' lang='lat' dir='ltr'>non</span> <span class='ocrx_word' id='word_1_432' title='bbox 390 2268 456 2288; x_wconf 89' lang='lat' dir='ltr'>esse</span> <span class='ocrx_word' id='word_1_433' title='bbox 473 2258 707 2300; x_wconf 81' lang='lat' dir='ltr'>philosophum,</span> <span class='ocrx_word' id='word_1_434' title='bbox 723 2259 777 2290; x_wconf 90' lang='lat' dir='ltr'>sed</span> <span class='ocrx_word' id='word_1_435' title='bbox 795 2259 1035 2300; x_wconf 87' lang='lat' dir='ltr'>philosomatum</span> <span class='ocrx_word' id='word_1_436' title='bbox 1051 2259 1220 2300; x_wconf 86' lang='lat' dir='ltr'>quendam,</span> <span class='ocrx_word' id='word_1_437' title='bbox 1235 2259 1268 2289; x_wconf 90' lang='lat' dir='ltr'>id</span> <span class='ocrx_word' id='word_1_438' title='bbox 1284 2263 1330 2289; x_wconf 88' lang='lat' dir='ltr'>est</span> <span class='ocrx_word' id='word_1_439' title='bbox 1346 2257 1483 2299; x_wconf 87' lang='lat' dir='ltr'>corporis</span> <span class='ocrx_word' id='word_1_440' title='bbox 1499 2263 1678 2294; x_wconf 84' lang='lat' dir='ltr'>amatorem,</span> 
     </span>
     <span class='ocr_line' id='line_1_38' title="bbox 227 2311 1679 2354; baseline -0.001 -12"><span class='ocrx_word' id='word_1_441' title='bbox 227 2316 321 2353; x_wconf 84' lang='lat' dir='ltr'>atque</span> <span class='ocrx_word' id='word_1_442' title='bbox 333 2312 466 2342; x_wconf 84' lang='lat' dir='ltr'>eundem</span> <span class='ocrx_word' id='word_1_443' title='bbox 482 2311 577 2342; x_wconf 81' lang='lat' dir='ltr'>ferme</span> <span class='ocrx_word' id='word_1_444' title='bbox 594 2311 843 2353; x_wconf 85' lang='lat' dir='ltr'>philocrimatum</span> <span class='ocrx_word' id='word_1_445' title='bbox 858 2317 890 2343; x_wconf 84' lang='lat' dir='ltr'>et</span> <span class='ocrx_word' id='word_1_446' title='bbox 906 2312 1116 2354; x_wconf 87' lang='lat' dir='ltr'>philotimum,</span> <span class='ocrx_word' id='word_1_447' title='bbox 1131 2312 1164 2343; x_wconf 90' lang='lat' dir='ltr'>id</span> <span class='ocrx_word' id='word_1_448' title='bbox 1181 2317 1228 2343; x_wconf 82' lang='lat' dir='ltr'>est</span> <span class='ocrx_word' id='word_1_449' title='bbox 1244 2311 1442 2354; x_wconf 86' lang='lat' dir='ltr'>pecuniarum</span> <span class='ocrx_word' id='word_1_450' title='bbox 1463 2312 1679 2352; x_wconf 88' lang='lat' dir='ltr'>honorumque</span> 
     </span>
     <span class='ocr_line' id='line_1_39' title="bbox 227 2363 1679 2408; baseline -0.001 -12"><span class='ocrx_word' id='word_1_451' title='bbox 227 2364 378 2406; x_wconf 85' lang='lat' dir='ltr'>cupidum</span> <span class='ocrx_word' id='word_1_452' title='bbox 392 2375 400 2397; x_wconf 86' lang='lat'>:</span> <span class='ocrx_word' id='word_1_453' title='bbox 426 2375 463 2396; x_wconf 85' lang='lat' dir='ltr'>ac</span> <span class='ocrx_word' id='word_1_454' title='bbox 479 2365 585 2407; x_wconf 83' lang='lat' dir='ltr'>talem,</span> <span class='ocrx_word' id='word_1_455' title='bbox 602 2365 780 2397; x_wconf 83' lang='lat' dir='ltr'>ut.alterum</span> <span class='ocrx_word' id='word_1_456' title='bbox 797 2366 905 2397; x_wconf 90' lang='lat' dir='ltr'>horum</span> <span class='ocrx_word' id='word_1_457' title='bbox 929 2366 1054 2397; x_wconf 85' lang='lat' dir='ltr'>affectet</span> <span class='ocrx_word' id='word_1_458' title='bbox 1078 2371 1132 2396; x_wconf 85' lang='lat' dir='ltr'>aut</span> <span class='ocrx_word' id='word_1_459' title='bbox 1156 2371 1331 2408; x_wconf 87' lang='lat' dir='ltr'>utrumque.</span> <span class='ocrx_word' id='word_1_460' title='bbox 1377 2364 1455 2396; x_wconf 68' lang='lat' dir='ltr'>Suu.</span> <span class='ocrx_word' id='word_1_461' title='bbox 1479 2363 1618 2395; x_wconf 88' lang='lat' dir='ltr'>Omnino</span> <span class='ocrx_word' id='word_1_462' title='bbox 1633 2364 1679 2395; x_wconf 82' lang='lat' dir='ltr'>ita</span> 
     </span>
     <span class='ocr_line' id='line_1_40' title="bbox 222 2417 1678 2461; baseline 0.001 -14"><span class='ocrx_word' id='word_1_463' title='bbox 222 2423 282 2453; x_wconf 81' lang='lat' dir='ltr'>est,</span> <span class='ocrx_word' id='word_1_464' title='bbox 296 2423 332 2448; x_wconf 84' lang='lat' dir='ltr'>ut</span> <span class='ocrx_word' id='word_1_465' title='bbox 347 2418 402 2448; x_wconf 83' lang='lat' dir='ltr'>ais.</span> <span class='ocrx_word' id='word_1_466' title='bbox 446 2418 501 2450; x_wconf 87' lang='lat' dir='ltr'>So.</span> <span class='ocrx_word' id='word_1_467' title='bbox 525 2418 662 2451; x_wconf 86' lang='lat' dir='ltr'>Proinde</span> <span class='ocrx_word' id='word_1_468' title='bbox 677 2429 759 2461; x_wconf 83' lang='lat' dir='ltr'>quae.</span> <span class='ocrx_word' id='word_1_469' title='bbox 775 2431 794 2451; x_wconf 93' lang='lat' dir='ltr'>o</span> <span class='ocrx_word' id='word_1_470' title='bbox 809 2419 948 2457; x_wconf 87' lang='lat' dir='ltr'>Simmia,</span> <span class='ocrx_word' id='word_1_471' title='bbox 959 2420 1108 2450; x_wconf 84' lang='lat' dir='ltr'>fortitudo</span> <span class='ocrx_word' id='word_1_472' title='bbox 1121 2419 1309 2461; x_wconf 81' lang='lat' dir='ltr'>nominatur,</span> <span class='ocrx_word' id='word_1_473' title='bbox 1323 2428 1362 2449; x_wconf 80' lang='lat' dir='ltr'>an</span> <span class='ocrx_word' id='word_1_474' title='bbox 1378 2429 1440 2449; x_wconf 88' lang='lat' dir='ltr'>non</span> <span class='ocrx_word' id='word_1_475' title='bbox 1453 2417 1525 2449; x_wconf 89' lang='lat' dir='ltr'>viris</span> <span class='ocrx_word' id='word_1_476' title='bbox 1541 2417 1678 2459; x_wconf 85' lang='lat' dir='ltr'>ejusmo-</span> 
     </span>
     <span class='ocr_line' id='line_1_41' title="bbox 222 2469 1675 2514; baseline 0.002 -14"><span class='ocrx_word' id='word_1_477' title='bbox 222 2469 254 2500; x_wconf 90' lang='lat' dir='ltr'>di</span> <span class='ocrx_word' id='word_1_478' title='bbox 271 2470 400 2502; x_wconf 84' lang='lat' dir='ltr'>maxime</span> <span class='ocrx_word' id='word_1_479' title='bbox 414 2473 584 2504; x_wconf 86' lang='lat' dir='ltr'>convenit?</span> <span class='ocrx_word' id='word_1_480' title='bbox 626 2474 706 2504; x_wconf 69' lang='lat' dir='ltr'>Sim.</span> <span class='ocrx_word' id='word_1_481' title='bbox 729 2473 881 2505; x_wconf 83' lang='lat' dir='ltr'>Maxime.</span> <span class='ocrx_word' id='word_1_482' title='bbox 924 2475 979 2505; x_wconf 87' lang='lat' dir='ltr'>So.</span> <span class='ocrx_word' id='word_1_483' title='bbox 1003 2473 1118 2504; x_wconf 89' lang='lat' dir='ltr'>Nonne</span> <span class='ocrx_word' id='word_1_484' title='bbox 1141 2479 1173 2504; x_wconf 86' lang='lat' dir='ltr'>et</span> <span class='ocrx_word' id='word_1_485' title='bbox 1188 2472 1391 2514; x_wconf 86' lang='lat' dir='ltr'>temperantia</span> <span class='ocrx_word' id='word_1_486' title='bbox 1407 2471 1516 2514; x_wconf 83' lang='lat' dir='ltr'>(cujus</span> <span class='ocrx_word' id='word_1_487' title='bbox 1534 2472 1675 2512; x_wconf 82' lang='lat' dir='ltr'>plerique</span> 
     </span>
     <span class='ocr_line' id='line_1_42' title="bbox 222 2523 1677 2569; baseline 0.001 -16"><span class='ocrx_word' id='word_1_488' title='bbox 222 2523 310 2554; x_wconf 84' lang='lat' dir='ltr'>aiunt</span> <span class='ocrx_word' id='word_1_489' title='bbox 325 2524 458 2556; x_wconf 89' lang='lat' dir='ltr'>officium</span> <span class='ocrx_word' id='word_1_490' title='bbox 475 2536 540 2558; x_wconf 88' lang='lat' dir='ltr'>esse</span> <span class='ocrx_word' id='word_1_491' title='bbox 553 2537 748 2568; x_wconf 86' lang='lat' dir='ltr'>nequaquam</span> <span class='ocrx_word' id='word_1_492' title='bbox 765 2533 956 2569; x_wconf 85' lang='lat' dir='ltr'>prosternere</span> <span class='ocrx_word' id='word_1_493' title='bbox 979 2538 1011 2558; x_wconf 87' lang='lat' dir='ltr'>se</span> <span class='ocrx_word' id='word_1_494' title='bbox 1035 2527 1227 2568; x_wconf 88' lang='lat' dir='ltr'>libidinibus,</span> <span class='ocrx_word' id='word_1_495' title='bbox 1244 2526 1296 2557; x_wconf 85' lang='lat' dir='ltr'>sed</span> <span class='ocrx_word' id='word_1_496' title='bbox 1322 2525 1408 2567; x_wconf 88' lang='lat' dir='ltr'>parvi</span> <span class='ocrx_word' id='word_1_497' title='bbox 1435 2526 1572 2566; x_wconf 89' lang='lat' dir='ltr'>pendere</span> <span class='ocrx_word' id='word_1_498' title='bbox 1595 2524 1677 2560; x_wconf 86' lang='lat' dir='ltr'>illas,</span> 
     </span>
     <span class='ocr_line' id='line_1_43' title="bbox 223 2578 1674 2623; baseline 0 -16"><span class='ocrx_word' id='word_1_499' title='bbox 223 2578 468 2620; x_wconf 87' lang='lat' dir='ltr'>modestiamque</span> <span class='ocrx_word' id='word_1_500' title='bbox 481 2580 618 2621; x_wconf 84' lang='lat' dir='ltr'>servare)</span> <span class='ocrx_word' id='word_1_501' title='bbox 641 2581 686 2611; x_wconf 81' lang='lat' dir='ltr'>his</span> <span class='ocrx_word' id='word_1_502' title='bbox 701 2581 852 2612; x_wconf 85' lang='lat' dir='ltr'>duntaxat</span> <span class='ocrx_word' id='word_1_503' title='bbox 866 2581 1022 2619; x_wconf 87' lang='lat' dir='ltr'>convenit,</span> <span class='ocrx_word' id='word_1_504' title='bbox 1039 2581 1093 2623; x_wconf 90' lang='lat' dir='ltr'>qui</span> <span class='ocrx_word' id='word_1_505' title='bbox 1113 2591 1225 2622; x_wconf 88' lang='lat' dir='ltr'>corpus</span> <span class='ocrx_word' id='word_1_506' title='bbox 1240 2579 1419 2620; x_wconf 87' lang='lat' dir='ltr'>despiciunt</span> <span class='ocrx_word' id='word_1_507' title='bbox 1434 2578 1564 2609; x_wconf 89' lang='lat' dir='ltr'>maxime</span> <span class='ocrx_word' id='word_1_508' title='bbox 1580 2582 1674 2618; x_wconf 87' lang='lat' dir='ltr'>atque</span> 
     </span>
     <span class='ocr_line' id='line_1_44' title="bbox 224 2629 1676 2672; baseline 0 -12"><span class='ocrx_word' id='word_1_509' title='bbox 224 2629 256 2660; x_wconf 90' lang='lat' dir='ltr'>in</span> <span class='ocrx_word' id='word_1_510' title='bbox 273 2631 470 2672; x_wconf 85' lang='lat' dir='ltr'>philosophia</span> <span class='ocrx_word' id='word_1_511' title='bbox 481 2633 614 2664; x_wconf 87' lang='lat' dir='ltr'>vivunt?</span> <span class='ocrx_word' id='word_1_512' title='bbox 658 2634 737 2665; x_wconf 75' lang='lat' dir='ltr'>Suu.</span> <span class='ocrx_word' id='word_1_513' title='bbox 759 2634 897 2667; x_wconf 83' lang='lat' dir='ltr'>Necesse</span> <span class='ocrx_word' id='word_1_514' title='bbox 913 2641 970 2666; x_wconf 86' lang='lat' dir='ltr'>est.</span> <span class='ocrx_word' id='word_1_515' title='bbox 1017 2635 1073 2667; x_wconf 88' lang='lat' dir='ltr'>So.</span> <span class='ocrx_word' id='word_1_516' title='bbox 1097 2635 1129 2665; x_wconf 88' lang='lat' dir='ltr'>Si</span> <span class='ocrx_word' id='word_1_517' title='bbox 1146 2634 1227 2665; x_wconf 88' lang='lat' dir='ltr'>enirn</span> <span class='ocrx_word' id='word_1_518' title='bbox 1245 2633 1439 2664; x_wconf 86' lang='lat' dir='ltr'>considerare</span> <span class='ocrx_word' id='word_1_519' title='bbox 1463 2631 1538 2662; x_wconf 89' lang='lat' dir='ltr'>velis</span> <span class='ocrx_word' id='word_1_520' title='bbox 1554 2631 1676 2661; x_wconf 84' lang='lat' dir='ltr'>sortitu-</span> 
     </span>
     <span class='ocr_line' id='line_1_45' title="bbox 223 2683 1676 2730; baseline -0.001 -16"><span class='ocrx_word' id='word_1_521' title='bbox 223 2683 330 2714; x_wconf 89' lang='lat' dir='ltr'>dinem</span> <span class='ocrx_word' id='word_1_522' title='bbox 356 2686 654 2728; x_wconf 81' lang='lat' dir='ltr'>temperantiamque</span> <span class='ocrx_word' id='word_1_523' title='bbox 684 2687 825 2729; x_wconf 87' lang='lat' dir='ltr'>aliorum,</span> <span class='ocrx_word' id='word_1_524' title='bbox 854 2689 908 2719; x_wconf 89' lang='lat' dir='ltr'>tibi</span> <span class='ocrx_word' id='word_1_525' title='bbox 940 2688 1128 2730; x_wconf 84' lang='lat' dir='ltr'>perabsurda</span> <span class='ocrx_word' id='word_1_526' title='bbox 1145 2687 1311 2718; x_wconf 87' lang='lat' dir='ltr'>videbitur.</span> <span class='ocrx_word' id='word_1_527' title='bbox 1355 2686 1434 2717; x_wconf 73' lang='lat' dir='ltr'>Sim.</span> <span class='ocrx_word' id='word_1_528' title='bbox 1470 2685 1626 2723; x_wconf 79' lang='lat' dir='ltr'>Quanam,</span> <span class='ocrx_word' id='word_1_529' title='bbox 1656 2693 1676 2713; x_wconf 93' lang='grc' dir='ltr'><strong>ο</strong></span> 
     </span>
     <span class='ocr_line' id='line_1_46' title="bbox 223 2736 1677 2783; baseline -0.001 -15"><span class='ocrx_word' id='word_1_530' title='bbox 223 2737 379 2775; x_wconf 88' lang='lat' dir='ltr'>Socrates,</span> <span class='ocrx_word' id='word_1_531' title='bbox 392 2738 536 2770; x_wconf 86' lang='lat' dir='ltr'>ratione?</span> <span class='ocrx_word' id='word_1_532' title='bbox 581 2740 636 2771; x_wconf 89' lang='lat' dir='ltr'>So.</span> <span class='ocrx_word' id='word_1_533' title='bbox 658 2741 725 2772; x_wconf 89' lang='lat' dir='ltr'>Scis</span> <span class='ocrx_word' id='word_1_534' title='bbox 739 2742 860 2783; x_wconf 83' lang='lat' dir='ltr'>utique,</span> <span class='ocrx_word' id='word_1_535' title='bbox 876 2747 994 2773; x_wconf 88' lang='lat' dir='ltr'>ceteros</span> <span class='ocrx_word' id='word_1_536' title='bbox 1011 2752 1117 2772; x_wconf 86' lang='lat' dir='ltr'>omnes</span> <span class='ocrx_word' id='word_1_537' title='bbox 1131 2746 1261 2772; x_wconf 86' lang='lat' dir='ltr'>mortem</span> <span class='ocrx_word' id='word_1_538' title='bbox 1279 2750 1372 2771; x_wconf 90' lang='lat' dir='ltr'>unum</span> <span class='ocrx_word' id='word_1_539' title='bbox 1389 2750 1425 2770; x_wconf 90' lang='lat' dir='ltr'>ex</span> <span class='ocrx_word' id='word_1_540' title='bbox 1437 2737 1574 2768; x_wconf 80' lang='lat' dir='ltr'>maximis</span> <span class='ocrx_word' id='word_1_541' title='bbox 1589 2736 1677 2767; x_wconf 87' lang='lat' dir='ltr'>malis</span> 
     </span>
     <span class='ocr_line' id='line_1_47' title="bbox 221 2790 1675 2836; baseline 0 -16"><span class='ocrx_word' id='word_1_542' title='bbox 221 2790 407 2822; x_wconf 81' lang='lat' dir='ltr'>existimare.</span> <span class='ocrx_word' id='word_1_543' title='bbox 452 2791 530 2823; x_wconf 72' lang='lat' dir='ltr'>Sim.</span> <span class='ocrx_word' id='word_1_544' title='bbox 554 2792 596 2823; x_wconf 87' lang='lat' dir='ltr'>Et</span> <span class='ocrx_word' id='word_1_545' title='bbox 612 2794 738 2825; x_wconf 85' lang='lat' dir='ltr'>maxime</span> <span class='ocrx_word' id='word_1_546' title='bbox 753 2795 890 2836; x_wconf 88' lang='lat' dir='ltr'>quidem.</span> <span class='ocrx_word' id='word_1_547' title='bbox 935 2795 991 2826; x_wconf 90' lang='lat' dir='ltr'>So.</span> <span class='ocrx_word' id='word_1_548' title='bbox 1014 2795 1131 2826; x_wconf 87' lang='lat' dir='ltr'>Nonne</span> <span class='ocrx_word' id='word_1_549' title='bbox 1145 2795 1236 2836; x_wconf 84' lang='lat' dir='ltr'>igitur</span> <span class='ocrx_word' id='word_1_550' title='bbox 1251 2793 1399 2835; x_wconf 86' lang='lat' dir='ltr'>majorum</span> <span class='ocrx_word' id='word_1_551' title='bbox 1417 2797 1499 2822; x_wconf 88' lang='lat' dir='ltr'>metu</span> <span class='ocrx_word' id='word_1_552' title='bbox 1514 2790 1675 2827; x_wconf 88' lang='lat' dir='ltr'>malorum,</span> 
     </span>
     <span class='ocr_line' id='line_1_48' title="bbox 228 2842 1675 2889; baseline -0.001 -15"><span class='ocrx_word' id='word_1_553' title='bbox 228 2843 408 2885; x_wconf 91' lang='lat' dir='ltr'>quicunque</span> <span class='ocrx_word' id='word_1_554' title='bbox 424 2843 503 2874; x_wconf 82' lang='lat' dir='ltr'>inter</span> <span class='ocrx_word' id='word_1_555' title='bbox 517 2855 571 2875; x_wconf 86' lang='lat' dir='ltr'>eos</span> <span class='ocrx_word' id='word_1_556' title='bbox 586 2845 680 2877; x_wconf 82' lang='lat' dir='ltr'>fortes</span> <span class='ocrx_word' id='word_1_557' title='bbox 703 2852 787 2886; x_wconf 85' lang='lat' dir='ltr'>sunt,</span> <span class='ocrx_word' id='word_1_558' title='bbox 801 2847 955 2878; x_wconf 84' lang='lat' dir='ltr'>sustinent</span> <span class='ocrx_word' id='word_1_559' title='bbox 978 2852 1116 2884; x_wconf 84' lang='lat' dir='ltr'>mortem,</span> <span class='ocrx_word' id='word_1_560' title='bbox 1133 2848 1258 2889; x_wconf 88' lang='lat' dir='ltr'>quando</span> <span class='ocrx_word' id='word_1_561' title='bbox 1285 2845 1458 2878; x_wconf 82' lang='lat' dir='ltr'>sustinent?</span> <span class='ocrx_word' id='word_1_562' title='bbox 1502 2843 1580 2875; x_wconf 68' lang='lat' dir='ltr'>Suu.</span> <span class='ocrx_word' id='word_1_563' title='bbox 1602 2842 1675 2874; x_wconf 87' lang='lat' dir='ltr'>Hoc</span> 
     </span>
     <span class='ocr_line' id='line_1_49' title="bbox 224 2896 1674 2942; baseline -0.001 -16"><span class='ocrx_word' id='word_1_564' title='bbox 224 2901 330 2937; x_wconf 83' lang='lat' dir='ltr'>pacto.</span> <span class='ocrx_word' id='word_1_565' title='bbox 374 2896 431 2929; x_wconf 85' lang='lat' dir='ltr'>So.</span> <span class='ocrx_word' id='word_1_566' title='bbox 454 2897 631 2929; x_wconf 88' lang='lat' dir='ltr'>Metuendo</span> <span class='ocrx_word' id='word_1_567' title='bbox 654 2898 746 2940; x_wconf 84' lang='lat' dir='ltr'>igitur</span> <span class='ocrx_word' id='word_1_568' title='bbox 767 2905 862 2942; x_wconf 85' lang='lat' dir='ltr'>atque</span> <span class='ocrx_word' id='word_1_569' title='bbox 884 2906 968 2932; x_wconf 90' lang='lat' dir='ltr'>metu</span> <span class='ocrx_word' id='word_1_570' title='bbox 985 2901 1078 2932; x_wconf 84' lang='lat' dir='ltr'>fortes</span> <span class='ocrx_word' id='word_1_571' title='bbox 1103 2905 1174 2932; x_wconf 87' lang='lat' dir='ltr'>sunt</span> <span class='ocrx_word' id='word_1_572' title='bbox 1193 2910 1299 2931; x_wconf 88' lang='lat' dir='ltr'>omnes</span> <span class='ocrx_word' id='word_1_573' title='bbox 1327 2903 1437 2940; x_wconf 87' lang='lat' dir='ltr'>praeter</span> <span class='ocrx_word' id='word_1_574' title='bbox 1451 2896 1674 2937; x_wconf 83' lang='lat' dir='ltr'>philosophos:</span> 
     </span>
    </p>
   </div>
   <div class='ocr_carea' id='block_1_3' title="bbox 224 2949 1673 3040">
    <p class='ocr_par' dir='ltr' id='par_1_3' title="bbox 224 2949 1673 3040">
     <span class='ocr_line' id='line_1_50' title="bbox 224 2949 1673 2996; baseline 0.001 -16"><span class='ocrx_word' id='word_1_575' title='bbox 224 2949 282 2981; x_wconf 78' lang='lat' dir='ltr'>etsi</span> <span class='ocrx_word' id='word_1_576' title='bbox 296 2950 461 2982; x_wconf 80' lang='lat' dir='ltr'>absurdum</span> <span class='ocrx_word' id='word_1_577' title='bbox 476 2956 535 2989; x_wconf 85' lang='lat' dir='ltr'>est,</span> <span class='ocrx_word' id='word_1_578' title='bbox 549 2958 632 2984; x_wconf 88' lang='lat' dir='ltr'>metu</span> <span class='ocrx_word' id='word_1_579' title='bbox 653 2953 702 2985; x_wconf 75' lang='lat' dir='ltr'>v&#39;el</span> <span class='ocrx_word' id='word_1_580' title='bbox 718 2953 884 2987; x_wconf 86' lang='lat' dir='ltr'>timiditate</span> <span class='ocrx_word' id='word_1_581' title='bbox 907 2954 1043 2996; x_wconf 84' lang='lat' dir='ltr'>aliquem</span> <span class='ocrx_word' id='word_1_582' title='bbox 1066 2965 1132 2987; x_wconf 86' lang='lat' dir='ltr'>esse</span> <span class='ocrx_word' id='word_1_583' title='bbox 1157 2955 1278 2992; x_wconf 70' lang='lat' dir='ltr'>sonem.</span> <span class='ocrx_word' id='word_1_584' title='bbox 1323 2952 1401 2983; x_wconf 71' lang='lat' dir='ltr'>Suu.</span> <span class='ocrx_word' id='word_1_585' title='bbox 1424 2949 1564 2982; x_wconf 88' lang='lat' dir='ltr'>Nimium</span> <span class='ocrx_word' id='word_1_586' title='bbox 1578 2953 1673 2981; x_wconf 84' lang='lat' dir='ltr'>certe.</span> 
     </span>
     <span class='ocr_line' id='line_1_51' title="bbox 309 3000 1585 3040; baseline -0.002 -4"><span class='ocrx_word' id='word_1_587' title='bbox 309 3000 397 3036; x_wconf 76' lang='lat' dir='ltr'>P‘lat.</span> <span class='ocrx_word' id='word_1_588' title='bbox 424 3004 477 3038; x_wconf 88' lang='lat' dir='ltr'>Tr.</span> <span class='ocrx_word' id='word_1_589' title='bbox 961 3008 990 3040; x_wconf 84' lang='grc' dir='ltr'>Ι.</span> <span class='ocrx_word' id='word_1_590' title='bbox 1526 3005 1545 3033; x_wconf 77' lang='grc'>3</span> <span class='ocrx_word' id='word_1_591' title='bbox 1569 3002 1585 3033; x_wconf 91' lang='grc' dir='ltr'><strong>Ῑ</strong></span> 
     </span>
    </p>
   </div>
  </div>
 </body>
</html>
