1846 3268
247 242 322 281 100
841 243 1109 284 Pin-roms
1675 251 1719 304 [s

245 356 283 377 ac
299 345 345 377 vir
355 345 427 377 Deo
442 345 572 384 amicus,
588 350 736 378 sanctus:
760 357 841 388 opus
853 353 959 380 autern
974 347 1138 381 inimicum
1153 347 1239 392 Deo,
1263 349 1442 392 profanum,
1466 356 1500 383 et
1513 351 1558 383 vir
1573 350 1645 384 Deo
1660 351 1722 384 ini-

247 399 358 437 micus,
375 400 522 442 profanus
537 400 663 433 dicitur.
688 406 831 436 sanctum
848 413 920 434 vero
934 408 968 434 et
982 403 1148 445 profanum
1173 414 1239 435 non
1264 405 1377 436 eadem
1399 412 1488 444 sunt,
1512 406 1568 438 sed
1591 405 1720 438 omnino

245 455 411 486 contraria.
434 455 563 486 nonne?
609 454 674 487 Eu.
698 455 752 487 Sic
767 460 826 488 est.
872 456 930 491 So.
953 456 1040 488 Num
1055 457 1151 499 probe
1167 458 1255 491 dicta
1269 458 1337 491 haec
1353 470 1422 491 esse
1437 460 1583 492 videntur
1598 461 1610 492 ?
1654 459 1720 493 Eu.

244 508 296 540 Sic
319 509 484 539 existimo:
509 509 596 540 dicta
619 508 704 540 enim
729 515 814 542 sunt.
857 510 915 544 So.
937 510 1055 543 Nonne
1076 511 1195 543 dictum
1221 518 1271 544 est
1293 513 1371 548 deos
1396 513 1533 546 invicem
1557 513 1722 554 dissidere,

243 568 340 604 atque
354 573 507 604 pugnare,
534 563 778 606 inimicitiasque
801 564 882 596 inter
894 575 951 597 eos
964 576 1032 598 esse
1045 566 1057 598 ?
1079 566 1181 598 hocne
1197 567 1291 598 etiam
1307 567 1428 599 dictum
1443 569 1455 600 ἓ
1499 568 1565 601 Eu.
1588 568 1721 600 Dictum

244 616 399 658 profecto.
443 617 500 648 So-
525 617 709 650 Inimicitias
723 623 830 652 autem
846 625 879 651 et
893 619 966 658 iras,
981 630 1000 651 o
1017 620 1150 662 optime,
1176 621 1332 653 dissensio
1347 623 1388 654 de
1402 623 1589 664 quibusdam
1605 623 1719 665 gignit.

243 670 295 702 Sic
311 676 416 701 autem
432 671 666 704 consideremus
680 683 688 703 ε
713 674 868 715 numquid
884 674 910 705 si
924 685 986 718 ego
998 680 1032 707 et
1047 680 1082 707 tu
1097 676 1138 707 de
1153 686 1284 708 numero
1299 677 1551 719 dissentiremus,
1574 682 1644 709 utra
1657 678 1721 710 sint

244 724 334 765 ptum
348 724 566 767 discutientes,
578 726 730 759 dissensio
745 728 928 770 hujusmodi
942 740 1000 761 nos
1014 729 1158 763 inimicos
1179 730 1308 768 faceret,
1333 735 1366 762 et
1387 730 1585 764 iracundiam
1612 732 1720 765 conci-

245 778 350 809 taret?
373 789 414 809 an
432 780 537 821 potius
562 781 603 812 nd
622 783 828 823 computandi
851 783 1002 815 rationein
1024 784 1260 826 confugientes,
1284 796 1355 816 mox
1378 786 1418 817 ab
1444 787 1503 818 hac
1524 786 1721 819 dissensione

241 834 457 865 cessaremus?
503 833 568 866 Eu.
589 835 732 868 Prorsus.
776 837 833 868 So.
856 836 898 868 Et
913 839 939 870 si
954 839 995 870 de
1011 838 1122 880 majori
1145 849 1182 870 ac
1205 839 1318 870 minori
1341 839 1589 878 dissentiremus,
1613 850 1719 872 nonne

242 886 282 918 ad
298 896 471 918 mensuram
488 895 691 927 recurrentes.
714 890 820 922 statim
843 892 1084 924 controversiam
1102 892 1318 925 solveremus?
1363 893 1430 927 Eu.
1452 894 1536 926 Vera
1551 894 1620 926 haec
1634 900 1719 927 sunt.

241 940 299 972 So.
324 940 373 972 Ac
388 941 415 973 si
429 942 469 974 ad
493 943 732 984 ponderandum
749 944 988 988 librandumque
1013 947 1191 985 tendamus,
1215 947 1404 979 seditionem
1422 948 1505 980 circa
1529 948 1665 991 gravius,
1686 954 1720 980 et

241 993 341 1025 levius
355 995 586 1029 dissolvemus?
632 997 696 1030 Eu.
721 999 844 1036 Quidni
857 1000 869 1031 ?
914 1000 971 1032 So.
994 1000 1075 1038 Quae
1092 1006 1164 1034 sunt
1179 1001 1276 1044 igitur
1290 1012 1345 1040 ea,
1358 1002 1399 1034 de
1413 1003 1528 1045 quibus
1543 1013 1638 1046 quum
1654 1003 1719 1034 ‹iis-

239 1048 407 1086 sentimus.
421 1060 480 1082 nec
492 1049 636 1090 judicare
652 1052 746 1084 facite
772 1063 950 1095 possumus,
974 1054 1094 1086 inimici
1110 1055 1272 1094 efficimur,
1297 1061 1329 1088 et
1345 1056 1530 1088 irascimur?
1575 1056 1718 1088 Forsitan

240 1101 273 1132 in
290 1108 436 1145 promptu
452 1115 516 1136 non
534 1104 642 1139 habea.
666 1117 772 1138 verum
797 1118 845 1138 me
871 1108 1030 1141 dicentem
1051 1109 1219 1141 considera
1233 1114 1334 1141 utrum
1350 1110 1413 1142 ista
1436 1110 1511 1149 sint,
1528 1110 1663 1153 justum,
1684 1116 1719 1143 et

240 1155 395 1197 injustum
410 1169 421 1191 ι
454 1159 632 1200 pulchrum,
657 1165 691 1191 et
713 1166 826 1203 turpe:
851 1162 1031 1204 bonumque
1050 1167 1084 1195 et
1109 1163 1236 1196 malum.
1281 1163 1450 1206 Numquid
1475 1165 1543 1198 haec
1567 1170 1654 1206 sunt,
1675 1164 1718 1196 de

238 1209 354 1251 quibus
379 1222 451 1245 cum
471 1212 685 1251 dissentimus,
710 1225 770 1247 nec
796 1227 960 1257 possumus
982 1217 1023 1248 ad
1047 1217 1203 1249 sufficiens
1225 1218 1336 1251 horum
1357 1218 1516 1260 judicium
1542 1219 1718 1262 pervenire,

239 1264 345 1298 hostes
360 1266 522 1303 efficimur,
537 1268 661 1309 quoties
682 1268 717 1300 in
740 1269 869 1301 hostiles
883 1270 1063 1304 inimicitias
1078 1271 1260 1310 incidimus,
1286 1277 1320 1303 et
1333 1283 1406 1314 ego,
1420 1277 1455 1304 et
1469 1278 1516 1315 tu,
1537 1283 1574 1305 ac
1589 1274 1716 1305 (imnum

239 1317 382 1352 homines
397 1320 557 1352 universi?
603 1321 668 1356 Eu.
693 1322 773 1356 Haec
790 1323 899 1366 utique
914 1324 1068 1357 dissensio
1091 1330 1152 1368 est,
1175 1336 1196 1356 ο
1218 1326 1376 1368 Socrates,
1401 1331 1435 1358 et
1459 1337 1531 1369 quae
1553 1327 1637 1359 circa
1655 1327 1717 1359 ista

239 1377 392 1407 versatur.
436 1375 491 1406 So.
515 1375 557 1407 Et
570 1377 630 1413 dii,
645 1388 664 1408 ο
679 1377 905 1420 Euthyphron,
932 1379 958 1410 si
973 1380 1015 1410 de
1030 1379 1137 1422 aliquo
1152 1380 1353 1422 dissentiant,
1377 1381 1417 1413 de
1431 1381 1482 1414 his
1496 1386 1579 1414 certe
1594 1382 1716 1414 dissen-

239 1426 332 1462 tient.
378 1427 443 1460 Eu.
467 1429 606 1465 Necesse
628 1436 677 1463 est
697 1433 838 1465 omnino.
884 1433 940 1465 So.
963 1433 1010 1464 Ex
1037 1434 1098 1466 diis
1122 1435 1243 1477 itaque,
1264 1446 1285 1466 o
1311 1446 1462 1477 generose
1490 1435 1716 1478 Eutbyphrom

239 1480 296 1512 alii
311 1481 373 1515 alia
385 1482 474 1524 justa
490 1489 603 1526 putant
617 1487 791 1518 secundum
813 1487 986 1519 orationem
1002 1493 1101 1526 tuam,
1126 1494 1160 1520 et
1176 1489 1317 1531 pulchra,
1343 1494 1377 1521 et
1392 1489 1508 1532 turpia,
1522 1490 1669 1532 bonaque
1682 1494 1716 1521 et

240 1535 333 1568 mala.
348 1546 509 1579 nunquam
525 1539 610 1572 enim
625 1539 762 1572 invicem
784 1542 993 1583 decertarent,
1012 1542 1074 1574 nisi
1097 1543 1138 1574 de
1161 1543 1209 1574 his
1223 1542 1439 1575 dissenserint.
1461 1554 1502 1575 nn
1517 1544 1606 1575 non?
1652 1543 1716 1575 Eu.

241 1588 346 1622 Recte
359 1591 505 1634 loqueris.
540 1587 605 1628 ‘S‹›.
629 1593 748 1627 Nonne
770 1606 842 1637 quae
858 1596 989 1637 pulchra
1005 1596 1120 1639 singuli
1145 1601 1270 1639 putant,
1298 1598 1445 1640 bonaque
1469 1602 1504 1629 et
1525 1597 1624 1639 justa,
1646 1598 1715 1630 haec

239 1646 371 1678 amant?
393 1657 466 1688 quae
480 1649 648 1686 contraria,
666 1659 790 1690 prorsus
805 1650 939 1682 oderunt
952 1651 964 1682 ?
1010 1650 1076 1685 Eu.
1097 1651 1248 1686 Omnino.
1292 1651 1348 1684 So.
1369 1651 1490 1684 Eadem
1505 1662 1591 1689 vero,
1607 1657 1643 1684 ut
1655 1651 1714 1693 ais,

241 1698 297 1729 alii
309 1698 409 1740 justa,
433 1700 553 1743 injusta
577 1703 631 1734 aiii
659 1709 802 1741 censent,
826 1705 867 1736 de
891 1704 1007 1747 quibus
1030 1705 1244 1748 disceptantes
1268 1707 1468 1738 contendunt
1487 1706 1635 1743 invicem.
1658 1705 1716 1747 [8]

239 1757 336 1794 atque
350 1761 506 1796 pugnant.
529 1767 605 1789 num
622 1756 690 1789 ita?
735 1757 800 1790 Eu.
825 1759 887 1791 lta.
932 1759 989 1791 So.
1012 1759 1134 1792 Eadem
1151 1760 1258 1803 igitur,
1285 1765 1319 1795 nt
1331 1761 1466 1799 videtur,
1490 1771 1510 1792 a
1531 1760 1594 1792 diis
1607 1770 1716 1792 minn-

239 1811 302 1848 tur,
317 1808 456 1851 odioque
471 1811 637 1849 habentur,
654 1817 750 1854 atque
766 1813 876 1845 eadem
892 1814 960 1846 haec
977 1818 1042 1847 tum
1062 1814 1125 1846 diis
1146 1814 1259 1852 amica,
1275 1820 1341 1846 tum
1356 1815 1450 1846 etiam
1466 1813 1606 1847 inimica.
1649 1814 1715 1846 Eu.

237 1860 385 1894 Videtur.
428 1864 486 1896 So.
509 1865 581 1897 Hac
597 1867 730 1904 :atione,
757 1879 777 1899 0
800 1867 1024 1911 Euihyphrom
1050 1869 1161 1901 eudem
1185 1874 1294 1902 sancta
1307 1875 1400 1901 erunt
1412 1869 1504 1902 simul
1525 1874 1621 1911 atque
1640 1879 1715 1911 pro·-

237 1914 321 1946 sana.
369 1916 435 1949 Eo.
457 1917 615 1961 Apparet.
658 1921 717 1954 So.
739 1921 815 1953 Non
838 1933 911 1964 ergo
929 1924 1016 1964 qnod
1032 1923 1247 1966 quaesiveram,
1273 1934 1292 1955 o
1309 1924 1354 1954 vir
1367 1923 1571 1960 admirabilis,
1585 1933 1715 1965 respon-

238 1969 323 2001 disti.
346 1981 410 2003 non
426 1972 510 2005 enim
527 1974 558 2005 id
586 1975 741 2013 volebam,
764 1977 850 2018 quod
875 1981 909 2008 et
927 1982 1071 2009 sanctum
1098 1983 1132 2010 et
1151 1978 1314 2019 profanum
1330 1978 1422 2010 simul
1443 1988 1512 2010 esse
1533 1977 1713 2020 contingit:

237 2024 324 2064 quod
343 2036 415 2058 vero
438 2026 502 2069 deo·
523 2028 660 2061 amicum
683 2035 742 2067 est,
769 2032 831 2062 deo
858 2041 986 2073 quoque
1009 2031 1173 2065 inimicum
1197 2043 1265 2065 esse
1290 2033 1422 2065 videtur.
1453 2032 1668 2075 quamobrem,
1692 2043 1713 2063 ο

238 2077 462 2121 ΕυίΙιγρΙιῐοιι,
478 2083 563 2123 quod
581 2094 664 2116 nunc
681 2085 759 2126 agis,
783 2090 944 2127 parentem
971 2086 1118 2127 puniens,
1146 2087 1224 2119 nihil
1250 2087 1360 2119 mirum
1381 2091 1475 2128 esset,
1501 2086 1528 2118 si
1552 2087 1613 2118 hoc
1637 2086 1714 2119 Jovi

238 2132 372 2164 amicum
389 2135 608 2178 contingeret3
632 2139 766 2171 Saturno
780 2145 900 2180 autem,
924 2145 958 2171 et
973 2141 1063 2174 Coelo
1078 2142 1263 2174 inimicum:
1286 2147 1320 2175 et
1336 2142 1484 2174 Vulcano
1497 2141 1626 2184 quidem
1641 2151 1712 2183 gra-

237 2189 316 2224 tum,
328 2187 449 2220 Junoui
465 2190 642 2234 molestum,
663 2198 697 2225 et
716 2193 741 2225 si
756 2194 826 2236 quis
841 2195 970 2227 deorum
987 2195 1066 2227 atius
1082 2196 1122 2228 de
1137 2196 1208 2238 ipso
1231 2197 1270 2228 ab
1293 2196 1356 2228 alio
1376 2196 1520 2229 dissidet.
1543 2196 1627 2229 circa
1641 2195 1714 2227 ilios

237 2240 321 2272 enim
337 2242 479 2276 similiter
493 2246 644 2280 eveniret.
689 2247 756 2280 Eu.
778 2249 821 2279 At
835 2249 961 2291 opinor,
975 2261 995 2281 ο
1017 2251 1175 2292 Socrates,
1189 2251 1223 2282 in
1239 2251 1299 2283 hoc
1313 2252 1443 2283 deorum
1457 2250 1578 2282 nullum
1592 2250 1634 2282 ab
1647 2250 1711 2282 atio

236 2295 427 2338 discrepare,
442 2299 521 2341 quin
535 2301 589 2342 qui
605 2301 723 2343 injuste
738 2314 918 2346 quenquam
932 2305 1077 2346 peremit.
1095 2315 1203 2346 poenas
1219 2306 1357 2347 pendere
1371 2306 1497 2338 debeat.
1541 2305 1602 2337 So.
1622 2303 1713 2336 Num

235 2348 395 2382 hominem
411 2353 562 2396 aliquem.
578 2366 597 2386 ο
614 2356 841 2400 Euthyphron,
856 2358 887 2389 in
904 2359 965 2391 hoc
987 2358 1158 2401 aliquando
1173 2360 1371 2392 dubitantem
1385 2359 1514 2397 audisti,
1538 2359 1625 2401 quod
1651 2359 1710 2390 ho-

237 2403 354 2435 minem
370 2406 487 2448 injuste
499 2409 710 2449 occidentem,
731 2417 789 2443 aut
809 2413 930 2454 aliquid
945 2413 1032 2445 aliud
1047 2419 1192 2455 agentern
1209 2414 1337 2456 injuste,
1361 2424 1469 2456 poenns
1483 2414 1558 2445 dare
1573 2423 1637 2445 non
1652 2413 1711 2444 de·

235 2458 330 2489 ceat?
375 2460 440 2494 Eu.
463 2461 636 2506 Nunquam
652 2465 693 2497 de
710 2466 746 2497 iis
762 2466 950 2509 disceptare,
964 2478 1037 2500 cum
1054 2468 1142 2506 alibi,
1158 2473 1223 2499 turn
1239 2469 1332 2500 etiam
1348 2468 1380 2501 in
1399 2467 1548 2510 judiciis,
1572 2470 1708 2500 cessant.

236 2511 292 2552 qui
307 2513 391 2546 enim
408 2524 592 2560 peccarunt,
618 2525 731 2553 concta
748 2521 853 2553 dicere
868 2527 901 2553 et
921 2533 1014 2564 agere
1038 2523 1253 2565 experiuntur,
1272 2523 1387 2566 quibus
1411 2533 1534 2564 poenmn
1556 2522 1710 2554 devitent.

234 2565 292 2598 So,
316 2566 368 2599 An
382 2568 500 2611 injuste
515 2583 607 2614 agere
618 2575 833 2608 confitentur?
856 2587 893 2609 ac
904 2576 996 2608 siniul
1008 2577 1098 2609 aiunt
1110 2588 1218 2619 poenns
1233 2578 1370 2619 pendere
1385 2588 1450 2609 non
1461 2577 1597 2609 decere?
1641 2575 1709 2609 Eu.

236 2618 275 2650 Id
290 2620 376 2653 nulio
389 2624 498 2656 modo.
541 2627 597 2659 So.
620 2627 697 2660 Non
713 2641 787 2673 ergo
811 2636 927 2663 cuncta
942 2631 1048 2664 dicere
1063 2643 1099 2664 ac
1116 2632 1218 2664 facere
1234 2633 1458 2674 experiunturz
1480 2632 1541 2664 hoc
1551 2631 1648 2669 enim,
1672 2635 1709 2662 ut

234 2674 376 2717 arbitror,
395 2676 512 2717 dicere,
537 2686 592 2714 aut
607 2683 764 2725 ambigere
779 2695 978 2727 nequaquam
993 2686 1124 2723 audent,
1145 2686 1232 2729 qnod
1247 2687 1288 2718 de
1303 2686 1428 2728 injustis
1442 2685 1630 2728 supplicium
1653 2695 1706 2716 su-

233 2729 383 2763 mendum
397 2732 524 2764 minime
550 2734 612 2766 sit:
635 2737 690 2768 sed
711 2737 802 2770 aiunt
826 2740 930 2781 potius
954 2751 1018 2772 nou
1043 2740 1160 2782 injuste
1185 2741 1309 2774 fecisse.
1333 2752 1376 2772 an
1399 2741 1490 2773 non?
1534 2738 1598 2771 Eu.
1621 2738 1707 2770 Vera

232 2781 381 2825 loqueris.
423 2786 478 2819 So.
502 2787 597 2821 Haud
614 2789 709 2831 igitur
727 2792 760 2823 in
777 2793 837 2826 hoc
851 2795 1029 2837 ambigunt,
1055 2800 1158 2827 utrum
1171 2796 1322 2838 injustum
1339 2795 1450 2838 punire
1463 2798 1607 2837 oporteat
1621 2805 1630 2824 ε
1652 2804 1705 2825 ve-

233 2845 300 2867 rum
325 2838 366 2869 de
388 2839 449 2871 hoo
471 2841 578 2883 potius
604 2843 685 2876 inter
711 2856 745 2877 se
769 2847 962 2890 disceptant,
985 2849 1057 2892 quis
1078 2850 1196 2891 injuste
1224 2850 1347 2891 fecerit,
1370 2848 1493 2892 etquid
1509 2848 1647 2890 agendo,
1671 2853 1706 2879 et

231 2892 372 2931 quando.
418 2892 481 2926 Ευ.
506 2895 590 2927 Vera
615 2908 731 2932 narras.
777 2901 832 2933 So.
858 2902 975 2934 Nonne
1001 2904 1112 2935 endem
1137 2905 1204 2936 haec
1225 2905 1286 2936 diis
1312 2903 1471 2939 accidunt,
1497 2902 1523 2933 si
1544 2903 1585 2934 de
1607 2902 1704 2944 justis

229 2949 325 2988 atque
339 2946 478 2989 injustis,
503 2957 538 2982 ut
552 2952 651 2985 oratio
667 2958 722 2986 tua
745 2959 887 2995 testatur,
912 2958 1128 2991 dissentiunt?
1151 2964 1246 3003 atquc
1267 2958 1291 2992 ii
1309 2959 1438 3002 quidem
1461 2956 1579 3000 injuste
1599 2957 1702 2990 facero
