1846 3268
257 302 334 342 392
850 301 1118 343 PLATONrs
1617 311 1721 363 ,μω

255 415 338 448 mus,
351 415 450 438 unum
464 406 565 438 solum
586 406 646 438 hoc
667 409 744 438 erat.
789 403 851 439 So.
871 404 1019 439 Videtur.
1063 406 1174 441 Hosr.
1195 407 1285 446 Quid
1308 410 1423 452 porro?
1444 409 1592 453 quotiens
1611 422 1723 456 ⁴neque

253 471 293 493 ex
309 460 378 503 lege
393 471 496 503 neque
509 471 546 492 ex
561 471 646 492 more
660 460 818 503 quispiam
832 460 1023 503 dominatur,
1036 466 1070 493 et
1089 463 1180 504 quasi
1199 464 1302 496 sciens
1324 465 1451 497 simulat
1464 465 1525 497 hoc
1540 466 1621 499 ultra
1635 466 1721 510 leges

253 515 306 557 agi
321 519 464 558 oportere
475 520 570 558 atque
585 520 742 558 praestare,
757 514 840 547 inest
851 520 955 548 autem
970 515 1067 548 libido
1082 517 1227 560 quaedam
1243 524 1276 551 et
1290 519 1478 561 ignorantia,
1495 521 1558 552 dux
1573 520 1721 561 imitatio-

252 569 303 601 nis
319 569 486 612 ejusmodi,
501 580 539 601 an
555 580 620 601 non
634 569 680 600 vir
695 569 766 600 talis
781 573 933 613 tyrannus
947 574 996 602 est
1010 570 1220 613 appellandus
1238 572 1249 604 ?
1294 573 1349 606 So.
1373 574 1416 605 Et
1431 574 1565 607 maxime
1579 575 1719 618 quidem.

253 624 363 656 Hom».
386 623 457 656 Hac
472 624 593 656 ratione
608 635 661 656 rex
675 624 806 661 exstitit,
823 629 858 655 ut
871 624 1017 663 diximus,
1034 629 1067 655 et
1089 629 1254 667 tyrannus,
1269 636 1439 668 paucorum
1463 628 1621 669 potentia,
1635 627 1720 670 opti-

249 684 370 710 matum
392 679 589 721 gubernatio,
604 689 664 710 nec
687 689 752 710 non
777 678 939 721 popularis
963 678 1204 717 administratio,
1231 690 1302 712 cum
1332 689 1413 723 aegre
1437 682 1553 713 ferrent
1574 681 1719 714 homines

249 733 346 765 unius
360 732 540 776 imperium,
553 733 792 775 diffiderentque
807 732 905 763 virum
928 733 1022 764 talem
1047 733 1171 773 reperiri
1184 734 1357 776 aliquando
1373 745 1464 776 posse
1480 740 1568 768 tanto
1587 735 1718 778 imperio

250 788 393 830 dignum,
419 787 474 829 qui
495 791 528 818 et
547 787 647 828 possit
667 791 701 818 et
719 786 798 818 velit
812 786 926 817 virtute
949 790 982 817 et
1003 786 1135 818 scientia
1156 786 1314 828 imperans
1335 793 1442 820 sancte
1465 793 1498 820 et
1516 789 1604 831 juste
1626 800 1717 825 suum

248 842 363 884 cuique
387 840 442 883 jus
467 839 601 872 tribuere
616 851 624 871 ε
657 840 863 882 timerentque
889 843 1052 881 praeterea,
1075 849 1117 871 ne
1139 839 1220 871 forte
1246 841 1293 872 vir
1317 851 1399 873 unus
1421 842 1579 874 licentiam
1605 848 1717 876 nactus

247 895 424 939 quemlibet
436 905 492 937 pro
509 894 639 926 libidine
655 893 784 925 laederet
798 898 831 925 et
844 893 1034 935 opprimeret
1050 898 1145 936 atque
1159 900 1305 927 necaret:
1329 897 1479 938 quoniam
1501 898 1528 929 si
1553 899 1625 931 talis
1645 900 1716 942 qui·

246 950 332 988 dam,
348 949 473 992 qualem
497 948 707 990 figuravimus,
729 947 819 978 nobis
835 952 1022 988 occurreret,
1037 952 1192 979 amaretur
1216 949 1359 990 profecto
1385 949 1454 991 ejus
1474 950 1713 991 administratio,

246 1015 319 1047 quae
334 1004 401 1035 sola
427 1003 566 1035 omnium
589 1001 760 1034 rectissima
783 1005 832 1033 est
857 1001 1070 1044 conducitque
1094 1002 1134 1033 ad
1161 1003 1242 1034 bene
1261 1003 1418 1046 beateque
1432 1005 1611 1038 vivendum.
1657 1008 1714 1040 So.

246 1059 342 1091 Sane.
387 1057 495 1090 Hosr.
518 1056 615 1088 Nunc
641 1061 758 1094 autem,
773 1060 939 1098 postquam
961 1066 1027 1087 non
1050 1056 1190 1088 nascitur
1205 1067 1257 1088 rex
1273 1056 1343 1088 talis
1359 1057 1393 1088 in
1407 1058 1598 1101 civitatibus,
1613 1047 1715 1102 qualis

244 1112 326 1144 inter
340 1122 435 1154 apum
451 1111 607 1153 examina,
621 1109 726 1142 statim
743 1120 760 1141 a
775 1109 930 1152 principio
943 1114 1006 1140 tam
1025 1109 1163 1152 corporis
1178 1120 1272 1152 quarn
1289 1111 1386 1142 animi
1399 1112 1509 1144 habitu
1524 1118 1644 1146 ceteros
1659 1125 1715 1147 an-

241 1167 407 1209 tecellens,
425 1176 553 1199 necesse
578 1171 638 1204 est,
653 1170 735 1197 coetu
754 1163 999 1197 consultantium
1022 1163 1107 1196 facto
1130 1164 1274 1196 instituta
1296 1166 1502 1203 conscribere,
1518 1168 1714 1212 vestigiaque

242 1221 409 1254 verissimae
426 1221 470 1252 rei
486 1220 623 1263 publicae
646 1219 731 1251 illius
752 1229 941 1262 percurrere.
986 1218 1043 1250 So.
1064 1218 1118 1250 Sic
1144 1225 1290 1261 apparet.
1334 1219 1440 1253 Hosr.
1464 1220 1508 1252 Et
1521 1222 1677 1262 miramur,
1692 1235 1712 1256 ο

243 1276 398 1314 Socrates,
414 1276 499 1318 quod
511 1275 544 1306 in
561 1273 840 1317 gubernationibus
863 1273 1082 1315 hujuscemodi
1105 1273 1187 1305 mala
1208 1274 1358 1306 eveniant
1372 1279 1564 1318 venturaque
1579 1277 1653 1316 sint,
1673 1288 1712 1310 eo

241 1331 330 1372 jacto
346 1330 567 1371 fundamento,
582 1329 668 1371 quod
679 1339 742 1360 non
756 1328 900 1366 scientia,
917 1328 972 1360 sed
988 1328 1021 1359 in
1034 1328 1158 1370 scriptis
1177 1329 1364 1371 quibusdam
1382 1329 1630 1363 institutionibus
1645 1342 1712 1364 mo·

243 1385 391 1427 ribusque
406 1395 498 1427 agere
509 1379 671 1426 cogimur?
715 1382 807 1414 Nulli
822 1393 896 1414 sane
920 1382 1051 1414 dubium
1072 1387 1131 1420 est,
1146 1383 1223 1425 quin
1239 1383 1307 1415 istis
1321 1383 1384 1415 alia
1398 1385 1543 1427 quaedam
1557 1386 1712 1428 guberna.

243 1439 288 1470 tio
303 1439 353 1470 vel
381 1437 492 1470 civitas
515 1442 619 1480 utens,
643 1436 742 1479 [302]
765 1437 872 1468 omnia
893 1447 964 1478 quae
986 1436 1032 1468 ita
1055 1436 1147 1475 fiunt,
1169 1437 1231 1468 sint
1254 1438 1396 1469 funditus
1420 1449 1582 1472 eversuras.
1625 1440 1711 1473 Illud

242 1498 346 1524 autem
358 1492 470 1524 mirum
481 1492 586 1534 potius
597 1491 698 1523 videri
709 1492 817 1533 debet,
831 1501 924 1533 quam
941 1492 1067 1522 robusta
1081 1502 1118 1523 cx
1133 1496 1244 1523 natura
1259 1492 1300 1523 sit
1311 1491 1433 1525 civitas.
1447 1503 1520 1525 nam
1535 1504 1620 1527 nunc
1634 1495 1711 1526 civi-

242 1551 323 1579 tates
332 1546 493 1578 nonnullae
504 1546 550 1579 sic
566 1546 619 1578 diu
629 1546 755 1578 infectae
767 1550 951 1588 permanent
961 1546 1165 1577 nihilominus
1177 1557 1279 1588 neque
1291 1551 1439 1578 corruunt
1451 1558 1460 1580 ε
1483 1547 1589 1579 multae
1605 1553 1710 1581 tamen

239 1602 366 1633 navium
382 1601 478 1632 instar
492 1601 659 1633 submersas
674 1601 844 1642 perierunt,
858 1604 992 1642 pereunt
1007 1604 1101 1642 atque
1118 1600 1279 1642 peribunt,
1294 1601 1336 1631 ob
1347 1601 1587 1642 gubernatorum
1599 1608 1710 1635 nauta·

239 1667 370 1698 rumque
385 1656 627 1698 improbitatem,
642 1655 698 1697 qui
712 1655 746 1687 in
760 1655 852 1686 rebus
865 1654 1006 1686 maximis
1020 1659 1157 1686 extrema
1167 1655 1303 1696 quadam
1318 1654 1495 1695 ignorantia
1509 1655 1710 1696 detinentur3

239 1710 389 1753 quoniam
403 1721 474 1742 curn
490 1720 590 1741 rerum
605 1709 745 1742 civilium
761 1719 886 1751 prorsus
905 1708 1005 1750 ignari
1021 1708 1095 1749 sint,
1111 1707 1145 1739 in
1161 1707 1200 1739 iis
1207 1713 1311 1739 tamen
1326 1717 1435 1750 sapere
1450 1718 1647 1751 summopere
1661 1721 1711 1742 ar-

237 1765 401 1796 bitrantur.
444 1764 498 1796 So.
522 1764 608 1796 Vera
629 1763 777 1806 loqueris.
823 1763 933 1796 Hosr.
957 1762 1039 1794 Cum
1067 1762 1163 1804 igitur
1189 1772 1298 1794 omnes
1322 1773 1388 1794 non
1402 1768 1495 1794 rectae
1511 1773 1559 1795 res
1573 1764 1710 1806 publicas

237 1820 301 1851 sint
312 1819 352 1850 ad
373 1818 604 1850 convivendum
619 1817 775 1859 difficiles,
789 1817 973 1854 videndum,
989 1827 1060 1859 quae
1075 1816 1184 1855 levior,
1200 1827 1312 1859 quaeve
1326 1816 1467 1848 omnium
1482 1817 1710 1851 onerosissima.

237 1873 295 1906 etsi
312 1873 415 1905 minus
432 1873 472 1905 ad
487 1872 533 1914 id,
547 1873 588 1904 de
602 1882 665 1914 quo
681 1882 766 1903 nunc
779 1871 911 1913 agimus,
926 1871 1082 1913 pertinere
1096 1872 1238 1904 videtur:
1262 1875 1463 1903 veruntamen
1474 1872 1513 1903 ad
1531 1871 1708 1903 universum

237 1928 319 1960 forte
333 1927 536 1970 respicientes
551 1931 667 1959 cuncta
687 1926 781 1968 hujus
796 1926 895 1968 gratia
915 1925 1058 1958 facimus.
1102 1925 1162 1959 So.
1184 1925 1236 1957 Ita
1251 1935 1374 1967 prorsus
1389 1926 1558 1968 agendum.
1599 1925 1708 1959 Hos?-

238 1981 268 2012 E
282 1981 380 2013 tribus
395 1991 489 2013 unam
512 1985 609 2023 atque
631 1981 765 2012 eandem
786 1979 967 2012 facillimam
993 1979 1084 2011 simul
1107 1984 1140 2011 et
1161 1979 1376 2011 difficillimam
1402 1979 1517 2013 ferunt.
1560 1980 1617 2013 So.
1641 1981 1708 2020 Qui

237 2035 320 2068 istuc
335 2035 404 2067 ais?
448 2035 558 2067 Hosr.
580 2034 612 2066 N
615 2045 656 2066 on
671 2034 761 2066 aliter
770 2044 864 2076 quam
879 2044 975 2075 supra
987 2033 1157 2076 tetigerim,
1173 2038 1234 2065 tres
1247 2033 1368 2065 scilicet
1377 2044 1445 2065 esse
1457 2033 1590 2076 primum
1598 2034 1707 2066 civiles

237 2090 494 2132 gubernationes,
504 2089 608 2128 unius,
618 2099 789 2132 paucorum
802 2093 897 2130 atque
907 2088 1090 2129 multorum,
1104 2087 1296 2130 superiorem
1311 2097 1484 2119 sermonem
1498 2087 1708 2130 amplificans.

235 2143 292 2176 So.
309 2143 407 2175 Erant
421 2149 570 2186 et-supra.
613 2143 722 2175 Hos».
745 2143 883 2185 Singulis
893 2147 998 2174 autem
1011 2142 1043 2173 in
1054 2143 1132 2173 duas
1141 2142 1252 2174 divisis
1265 2152 1318 2174 sex
1331 2141 1512 2180 efficiamus,
1527 2147 1707 2185 rectamque

237 2198 338 2240 ipsam
355 2202 390 2229 nt
404 2199 568 2240 septimam
580 2197 620 2229 ab
635 2197 705 2229 aliis
720 2207 927 2230 secernamus.
970 2197 1027 2229 So.
1050 2197 1125 2234 Quo
1139 2196 1257 2239 paeto?
1301 2195 1410 2228 Hosr.
1432 2195 1537 2228 Unius
1547 2196 1707 2239 principa-

237 2257 305 2284 tum
320 2253 352 2283 in
368 2263 497 2294 regnum
517 2257 551 2283 et
572 2251 772 2295 tyrannidem
789 2251 1014 2284 distribuimus.
1059 2251 1318 2283 Dominationem
1333 2260 1419 2289 vero,
1433 2260 1506 2293 quae
1521 2260 1585 2282 non
1600 2250 1708 2283 multia

237 2306 401 2349 competit,
415 2307 447 2338 in
463 2307 602 2350 speciem
619 2317 725 2346 unam,
739 2317 811 2350 quae
827 2307 986 2338 laudanda
1011 2310 1071 2344 est,
1087 2305 1274 2348 optimatum
1289 2304 1411 2338 scilicet
1425 2305 1683 2347 gubernationem
1696 2315 1706 2339 :

235 2361 378 2403 alteram,
392 2370 463 2403 quae
479 2361 698 2404 vituperanda,
725 2371 896 2404 paucorum
923 2360 1113 2403 potentiam.
1158 2359 1206 2392 At
1223 2360 1390 2391 multorum
1404 2358 1705 2391 adniinistrationem

234 2419 311 2447 tunc
329 2415 502 2457 simplicem
530 2415 704 2458 posuimus,
720 2416 903 2459 popularem
928 2415 1186 2457 gubernationem
1209 2413 1470 2446 denominantes:
1492 2423 1577 2445 nunc
1601 2423 1705 2444 rursus

235 2474 270 2500 et
288 2470 369 2501 hanc
384 2469 543 2511 duplicem
559 2480 627 2503 esse
641 2470 793 2502 dicamus.
837 2470 893 2502 So.
916 2470 992 2508 Qua
1013 2469 1133 2501 ratione
1149 2469 1231 2501 hanc
1251 2468 1452 2500 dividemus?
1495 2467 1605 2499 Hos».
1625 2466 1705 2499 Non

236 2522 310 2560 alia,
336 2533 431 2565 quam
457 2524 601 2566 reliqua:
626 2525 750 2556 etiarnsi
774 2535 890 2556 nomen
910 2523 1006 2566 hujus
1029 2524 1070 2555 sit
1091 2523 1262 2566 geminum.
1309 2522 1427 2554 Verum
1443 2526 1506 2553 tam
1519 2521 1594 2554 huic
1608 2531 1703 2564 quam

236 2575 306 2607 aliis
320 2586 486 2608 commune
502 2577 564 2609 hoc
588 2583 646 2615 est,
663 2582 700 2609 ut
716 2578 765 2609 vel
789 2578 876 2620 leges
903 2582 1030 2610 servent
1051 2577 1098 2609 vel
1121 2576 1398 2619 transgrediantur.
1442 2576 1504 2613 So,
1523 2574 1582 2607 Est
1593 2574 1705 2618 utique

234 2629 343 2662 Hosr.
364 2630 456 2663 Tunc
471 2640 546 2663 sane
560 2637 676 2665 rectam
692 2633 949 2675 gubernationem
964 2632 1176 2675 quaerentibus
1197 2630 1324 2674 partitio
1347 2631 1416 2662 haec
1438 2639 1636 2672 nequaquam
1649 2639 1703 2661 ex-

232 2683 395 2726 pediebat,
410 2690 447 2715 ut
471 2695 564 2728 supra
589 2687 838 2718 monstravimus.
862 2691 1028 2730 postquam
1045 2696 1119 2717 vero
1141 2686 1227 2717 illam
1251 2684 1495 2727 segregavimus,
1520 2688 1703 2727 ceterasque

234 2737 334 2769 veluti
346 2739 536 2770 necessarias
548 2739 788 2779 introduximus,
801 2741 835 2772 in
850 2741 898 2772 his
910 2740 977 2783 jam
994 2741 1071 2783 legis
1087 2738 1219 2772 servatio
1240 2745 1274 2772 et
1289 2738 1488 2782 transgressio
1500 2737 1640 2780 singulas
1652 2737 1702 2768 bi·

233 2791 343 2824 fariam
356 2792 545 2834 partiuntur.
590 2794 645 2826 So.
667 2795 719 2827 Ita
740 2795 865 2827 videtur
890 2805 928 2827 ex
953 2805 1005 2832 eo,
1028 2794 1084 2837 qui
1099 2804 1184 2826 nunc
1201 2799 1250 2826 est
1264 2793 1380 2831 dictus,
1395 2801 1548 2824 sermone.
1590 2789 1701 2823 Hosn-

235 2845 339 2878 Unius
361 2845 456 2888 igitur
479 2847 664 2886 dominatio,
681 2849 771 2881 bonis
793 2849 966 2892 conjuncta
985 2847 1282 2891 conscriptionibus,
1296 2858 1374 2891 quas
1400 2847 1485 2889 leges
1509 2844 1701 2882 vocavimus,

235 2900 374 2932 omnium
389 2911 442 2933 sex
457 2901 577 2943 optima
591 2907 640 2934 est
654 2915 661 2934 ε
686 2903 789 2945 legum
805 2915 916 2946 expers
930 2905 1007 2936 dura
1021 2908 1080 2941 est,
1096 2908 1128 2935 et
1155 2902 1305 2946 subjectis
1320 2901 1457 2934 omnium
1473 2898 1701 2933 onerosissima.

235 2953 335 2998 [303]
359 2955 415 2988 So.
439 2956 592 2999 Apparet.
638 2957 747 2992 Hosr’.
780 2958 1051 2992 Gubernationem
1071 2968 1157 2996 vero,
1178 2958 1212 2989 in
1238 2968 1301 3000 qua
1323 2967 1388 2989 non
1412 2955 1503 2988 multi
1525 2953 1702 2987 communi-

234 3014 320 3052 cant,
336 3010 441 3053 quoad
458 3016 588 3054 utraque
603 3017 737 3055 spectat,
753 3013 887 3047 mediam
903 3023 1039 3049 ‚censere
1060 3014 1222 3052 debemus,
1238 3010 1504 3054 quemadmodum
1517 3008 1604 3052 quod
1621 3017 1700 3051 pau·
