1846 3268
170 273 264 326 192]
771 269 996 310 LACHES.
1584 277 1633 314 77

164 377 285 409 letrime
309 375 382 407 hinc
396 373 529 405 etimne
550 371 696 415 persequi
717 377 813 415 atque
834 372 962 414 fugere:
987 370 1186 415 AEnearnque
1212 373 1317 415 ipsum
1339 372 1480 405 similiter
1501 374 1541 406 ab
1564 375 1634 416 ipsa

165 429 325 462 metuendi
340 427 468 460 scientia
482 426 674 468 quandoque
690 426 843 467 laudavit,
865 425 1008 468 dixitque
1033 425 1124 458 illum
1147 437 1216 459 esse
1239 427 1400 458 metuendi
1426 426 1633 471 fugiendique

162 483 312 525 peritum.
355 481 418 514 LA.
441 480 484 511 Et
494 485 577 513 recte
591 480 732 522 quidem,
758 490 778 511 o
792 479 955 512 Socrates:
981 490 1053 511 narn
1070 480 1112 512 de
1127 480 1266 512 curribus
1280 480 1477 522 loquebatur.
1501 485 1535 512 tu
1554 492 1626 514 vero

163 536 205 568 de
228 535 414 578 Scytharum
439 534 597 576 equitibus
621 534 768 577 loqueris.
791 533 912 575 equites
942 543 1017 565 sane
1043 532 1170 565 illorum
1200 534 1245 567 sic
1274 534 1444 567 dimicant:
1468 540 1631 568 armaturae

163 593 267 621 autem
291 588 411 621 Graecae
436 587 541 630 periti,
567 587 834 630 quemadmodum
861 587 929 629 ipse
950 587 1107 619 dicebam.
1151 587 1208 621 So.
1231 587 1349 620 Praeter
1374 586 1632 625 Lacedaemones,

162 642 294 675 Laches.
338 640 463 684 Nempe
477 641 721 674 Lacedaemones
734 641 838 683 inquit
853 640 886 672 in
921 640 1060 678 Platreis,
1081 638 1159 673 cum‘
1173 640 1327 673 scutiferis
1353 641 1631 684 propinquassent,

163 706 229 728 non
252 695 434 727 sustinuisse
455 696 589 737 primum
609 688 734 727 illorum
761 695 927 738 impetum,
951 705 1055 737 neque
1079 694 1262 737 perstitisse,
1287 696 1342 727 sed
1365 695 1483 737 fugisse
1506 694 1634 737 potius=

163 754 328 792 postquam
343 759 415 781 vero
435 749 597 781 Persarum
621 749 733 781 solutae
757 753 832 780 sunt
852 748 948 786 acies,
974 759 1009 780 se
1032 748 1235 788 convertisse,
1262 753 1356 791 atque
1381 749 1522 791 equitum
1547 759 1632 780 more

164 803 349 835 dimicantes
372 802 407 835 in
429 812 468 834 ea
490 813 602 845 pugna
625 802 761 835 victores
782 801 928 834 evasisse.
973 802 1037 834 LA.
1069 801 1154 834 Vera
1178 812 1292 833 narras.
1335 801 1392 833 So.
1414 801 1533 833 Merito
1558 811 1633 843 ergo

163 856 596 898 dicebam,interrogationem
614 867 717 888 meam
731 867 797 887 non
813 860 928 888 rectam
944 856 1049 887 minus
1068 860 1162 888 rectae
1183 855 1394 897 responsionis
1423 859 1485 886 tuae
1506 865 1633 886 causam

162 909 326 942 exstitisse.
369 909 565 952 Interrogare
580 910 663 942 enim
679 910 834 948 volebam,
859 920 924 941 non
939 909 1040 941 solum
1051 910 1093 940 de
1107 909 1144 941 iis
1160 909 1215 952 qui
1230 909 1313 941 circa
1329 908 1429 940 levem
1445 912 1629 939 armaturam

163 962 258 994 fortes
272 967 356 1001 sunt,
372 963 427 994 sed
442 963 537 995 etiam
551 944 786 1005 dgequitibus,
808 963 911 1006 deque
932 962 1078 995 omnibus
1103 962 1288 1004 simpliciter
1302 962 1335 993 in
1352 961 1464 1005 quovis
1478 961 1554 993 belli
1577 973 1632 1004 ge-

163 1026 237 1048 nere
253 1015 406 1056 fortibus3
429 1027 533 1059 neque
547 1016 582 1048 in
598 1021 676 1048 terra
692 1017 866 1058 dumtaxat,
887 1017 943 1048 sed
956 1021 989 1048 et
1009 1016 1043 1048 in
1070 1016 1231 1048 maritimis
1254 1014 1511 1056 tempestatibus:
1535 1014 1631 1046 immo

165 1069 260 1102 etiam
277 1069 317 1100 de
330 1069 391 1106 his,
417 1069 598 1112 quicunque
613 1070 760 1102 adversus
772 1071 907 1107 morbos,
931 1069 981 1101 vel
998 1069 1150 1111 inopiam,
1178 1069 1228 1100 vel
1256 1068 1364 1100 civilia
1385 1067 1513 1109 negotia
1537 1068 1632 1099 fortes

167 1127 250 1154 sunt.
273 1131 377 1164 neque
390 1122 432 1153 de
445 1122 494 1154 his
509 1127 642 1160 tautum,
669 1123 725 1164 qui
746 1123 893 1155 adversus
917 1123 1041 1154 dolores
1065 1128 1206 1154 metusve
1221 1125 1399 1154 constantes
1415 1125 1499 1162 sunt,
1523 1131 1631 1152 verum

167 1177 208 1208 de
222 1175 284 1208 illis
297 1175 403 1212 etiam,
426 1175 481 1217 qui
495 1180 603 1206 contra
617 1176 799 1217 voluptates
820 1176 1158 1217 concupiscentiasque
1181 1185 1321 1216 pugnare
1343 1174 1465 1205 fortiter
1487 1178 1631 1214 possunt,

163 1229 228 1261 sive
253 1228 466 1270 persistentes,
492 1227 557 1259 sive
586 1227 681 1259 etiarn
707 1227 957 1269 tergiversantes.
981 1231 1055 1258 sunt
1083 1237 1220 1269 namque
1244 1232 1277 1259 et
1302 1227 1336 1257 in
1362 1227 1451 1258 hisce
1475 1226 1580 1263 rebus,
1607 1236 1629 1258 ο

165 1283 297 1323 Laches,
309 1282 402 1313 fortes
417 1280 573 1312 nonnulli.
616 1280 679 1312 La.
705 1280 747 1311 Et
762 1280 893 1312 maxime
907 1279 1048 1322 quidem,
1074 1290 1093 1311 o
1109 1280 1264 1311 Socrates.
1309 1279 1367 1310 So.
1389 1278 1506 1310 Nonne
1521 1287 1630 1311 omnes

162 1335 198 1367 hi
212 1335 306 1367 fortes
320 1335 416 1366 sunt?
439 1339 650 1366 verumtamen
665 1334 779 1376 partlm
801 1334 884 1366 circa
898 1333 1092 1375 voluptates,
1114 1332 1227 1376 partim
1251 1333 1335 1365 circa
1355 1332 1491 1370 dolores,
1515 1331 1628 1374 partim

163 1389 244 1421 circa
268 1388 470 1430 cupiditates,
488 1387 602 1429 partim
617 1387 701 1419 circa
715 1387 839 1419 timores
854 1387 1069 1418 fortitudinem
1094 1386 1257 1429 possident
1271 1396 1279 1418 :
1304 1391 1338 1417 et
1352 1385 1407 1427 qui
1421 1385 1523 1416 timidi
1542 1390 1628 1427 sunt,

164 1442 246 1474 circa
263 1442 387 1483 eadem,
408 1445 444 1472 ut
464 1441 605 1482 arbitror,
628 1441 741 1472 timidi.
785 1441 845 1473 LA.
867 1440 920 1473 Sic
941 1445 990 1472 est
1016 1440 1156 1472 omnino.
1200 1440 1255 1471 So.
1279 1439 1366 1476 Quid
1393 1439 1434 1470 sit
1460 1443 1627 1480 utrumque

163 1496 284 1537 horum,
306 1495 543 1537 interrogabam.
588 1493 710 1526 Rursus
731 1494 838 1536 itaque
861 1504 918 1537 pro
934 1493 1050 1526 viribus
1065 1494 1215 1535 exprime,
1231 1493 1309 1535 quid
1324 1493 1393 1534 ipsa
1407 1492 1559 1523 fortitudo
1577 1492 1631 1534 sit,

163 1559 235 1591 quas
258 1549 291 1580 in
310 1548 359 1580 his
375 1549 520 1580 omnibus
535 1548 644 1580 eadem
667 1548 830 1590 reperitur.
874 1547 1028 1579 Nondum
1046 1546 1221 1589 intelligis?
1267 1547 1328 1579 LA.
1350 1545 1427 1577 Non
1441 1546 1527 1577 satis.
1570 1546 1628 1578 So.

165 1603 250 1635 Dico
264 1607 367 1634 autem
383 1602 514 1644 perinde
535 1602 635 1644 [192]
660 1611 696 1633 ac
722 1602 750 1632 si
770 1600 1020 1643 interrogassem,
1064 1600 1151 1638 Quid
1172 1605 1220 1632 est
1246 1600 1315 1642 ipsa
1328 1599 1489 1636 velocitas,
1511 1609 1582 1641 quae
1595 1598 1630 1630 in

164 1656 316 1690 currendo
330 1655 421 1687 nobis
431 1656 533 1693 adest,
548 1655 762 1696 citharamque
778 1654 946 1695 pulsando,
969 1654 1048 1685 etin
1064 1653 1236 1695 loquendo,
1260 1658 1292 1684 et
1306 1653 1339 1683 in
1355 1652 1520 1689 discendo,
1542 1657 1629 1684 cete-

164 1710 267 1752 risque
282 1708 444 1751 permultis
460 1709 472 1740 ?
495 1719 590 1750 quam
606 1708 734 1750 quidem
750 1708 958 1750 possidemus,
975 1713 1010 1739 ut
1025 1707 1115 1739 dictu
1131 1708 1260 1749 dignum
1277 1711 1336 1743 est,
1352 1705 1400 1737 vel
1417 1705 1449 1736 in
1467 1716 1630 1748 manuum,

165 1763 214 1795 vel
240 1764 367 1805 pedum,
384 1763 432 1794 vel
458 1763 520 1794 oris
536 1762 697 1804 vocisque,
722 1763 771 1794 vel
795 1762 1012 1804 intelligentiae
1039 1762 1186 1793 motibus.
1229 1760 1347 1792 Nonne
1372 1764 1404 1791 et
1428 1764 1462 1791 tu
1489 1759 1632 1791 similiter

165 1817 267 1848 dicis?
313 1816 374 1848 LA.
398 1816 537 1848 Prorsus.
583 1815 637 1847 So.
662 1815 746 1857 Ergo
773 1817 800 1848 si
815 1816 886 1858 quis
902 1827 951 1848 me
967 1821 1212 1858 percontaretur,
1238 1814 1267 1846 Ο
1283 1814 1437 1851 Socrates,
1464 1813 1540 1855 quid
1560 1824 1630 1845 esse

165 1870 243 1902 dicis
258 1868 342 1902 istud
357 1871 442 1912 quod
458 1871 490 1900 in
505 1870 648 1901 omuibus
663 1870 863 1902 velocitatem
886 1870 1028 1902 nominas
1042 1870 1053 1901 ?
1077 1870 1296 1912 responderem
1319 1868 1440 1910 utique,
1454 1866 1528 1899 Vim
1544 1866 1631 1898 brevi

162 1923 197 1957 in
213 1929 351 1966 tempore
366 1924 464 1954 multa
486 1928 684 1965 peragentem
700 1923 898 1955 velocitatem
913 1934 1037 1961 vocare,
1065 1929 1128 1954 tam
1145 1923 1227 1954 circa
1242 1932 1362 1960 vocem,
1382 1931 1476 1963 quam
1491 1931 1630 1962 cursum,

165 1988 202 2010 ac
216 1982 318 2010 cetera
334 1977 451 2008 omnia.
494 1977 556 2010 La.
578 1977 693 2010 Recte.
737 1978 796 2012 So.
818 1978 940 2010 Conare
963 1978 1056 2019 igitur
1078 1982 1111 2008 et
1135 1982 1181 2015 tu,
1208 1976 1341 2015 Laches,
1357 1974 1570 2007 fortitudinem
1588 1974 1630 2006 si·

165 2031 278 2063 militer
291 2032 432 2068 definire,
457 2042 599 2073 quaenam
617 2032 758 2073 potentia
774 2032 843 2074 ipsa
859 2032 899 2064 sit
913 2033 1021 2063 eadem
1038 2032 1069 2062 in
1084 2031 1261 2072 voluptate,
1284 2029 1467 2070 doloreque,
1482 2033 1515 2060 et
1528 2027 1628 2059 omni-

164 2086 234 2123 bus,
249 2086 362 2127 quibus
375 2086 543 2121 convenire
556 2085 642 2116 illam
667 2087 762 2117 modo
784 2086 898 2127 pariter
919 2085 1113 2122 dicebamus,
1137 2089 1170 2116 et
1193 2082 1406 2115 fortitudinem
1430 2092 1484 2123 per
1505 2081 1629 2123 singula

164 2139 328 2175 nominari.
372 2139 434 2170 LA.
458 2139 593 2171 Videtur
608 2139 682 2170 mihi
697 2140 849 2171 fortitudo
870 2139 1035 2171 tolerantia
1057 2139 1199 2180 quaedam
1223 2137 1317 2168 animi
1335 2147 1414 2178 esse,
1430 2135 1456 2166 si
1471 2136 1555 2178 quod
1573 2145 1630 2177 per

165 2193 272 2224 omnia
294 2192 472 2224 fortitudini
494 2193 654 2234 convenit,
680 2193 862 2225 dicendum.
904 2193 960 2225 So.
983 2193 1163 2224 Dicendum
1189 2191 1342 2233 profecto,
1366 2190 1392 2220 si
1406 2188 1497 2220 nobis
1511 2189 1570 2230 ipsi
1587 2189 1629 2220 ad

165 2247 353 2288 interrogata
370 2248 625 2288 respondeamus.
648 2247 778 2278 arbitror
799 2252 916 2289 autem,
938 2257 1001 2277 non
1018 2246 1189 2288 quamlibet
1204 2244 1397 2276 tolerantiam
1412 2242 1628 2274 fortitudinem

165 2304 197 2331 te
220 2305 340 2342 putare.
361 2301 446 2341 quod
471 2299 544 2332 hinc
569 2311 644 2332 saue
668 2300 816 2342 conjicio.
843 2302 903 2332 hoc
930 2301 1025 2332 ferme
1050 2310 1218 2342 cognosco,
1246 2298 1381 2338 Laches,
1406 2301 1437 2328 te
1462 2297 1626 2338 pulchrum

165 2353 316 2394 quiddam
328 2352 543 2384 fortitudinem
560 2363 626 2385 esse
650 2360 771 2395 putare.
817 2354 879 2386 LA.
902 2353 1004 2385 Immo
1027 2357 1111 2384 certe
1137 2352 1385 2395 pulcherrimum.
1431 2351 1487 2383 So.
1509 2350 1628 2382 Nonne

167 2407 343 2448 tolerantia,
369 2417 461 2448 quarn
485 2407 655 2449 prudentia
681 2407 859 2443 comitatur,
889 2412 921 2438 et
946 2407 1072 2449 pulchra
1096 2411 1144 2438 est
1170 2411 1203 2437 et
1224 2405 1331 2437 bona?
1377 2404 1439 2437 LA.
1474 2403 1625 2436 Om‘nino.

165 2461 220 2492 So.
242 2461 291 2491 Ea
305 2471 389 2497 vero,
405 2471 498 2502 quarn
513 2462 736 2503 imprudentia,
757 2472 863 2492 nonne
879 2468 989 2493 contra
1009 2461 1160 2492 damnosa
1182 2470 1219 2492 ac
1242 2459 1360 2490 noxia?
1403 2458 1464 2491 LA.
1486 2457 1626 2500 Nempe.

165 2514 221 2545 So.
243 2514 452 2546 Pulchrumue
475 2514 542 2556 ipse
559 2515 685 2546 vocabis
710 2516 796 2556 quod
813 2515 874 2546 tale
901 2515 952 2551 sit,
979 2515 1162 2545 damnosum
1185 2524 1222 2545 ac
1244 2513 1394 2544 noxium?
1440 2512 1502 2544 LA.
1525 2511 1624 2543 Nefas

166 2567 263 2607 istud,
278 2578 296 2598 o
313 2565 464 2599 Socrates.
506 2567 565 2600 So.
587 2568 662 2599 Non
679 2579 754 2610 ergo
770 2569 966 2600 tolerantiam
983 2565 1177 2609 ejuscemodi
1188 2567 1404 2599 fortitudinem
1415 2565 1624 2607 nuncupabis,

166 2620 424 2662 quandoquidem
436 2621 520 2651 haud
534 2621 664 2662 pulchra
677 2627 736 2659 est,
751 2633 823 2654 cum
840 2628 945 2653 tamen
961 2622 1112 2653 fortitudo
1127 2622 1198 2663 ipsa
1214 2621 1254 2652 sit
1273 2621 1412 2663 pulchra.
1456 2620 1518 2652 LA.
1541 2619 1626 2651 Vera

167 2674 316 2715 loqueris.
361 2673 415 2704 So.
437 2673 579 2705 Prudens
594 2675 699 2717 itaque
712 2676 887 2713 tolerantia,
905 2676 1076 2707 secundum
1090 2676 1260 2706 orationem
1277 2680 1373 2711 tuam,
1400 2678 1448 2705 est
1461 2674 1624 2705 fortitudo.

166 2726 230 2759 La.
251 2727 395 2759 Videtur.
439 2727 495 2758 So.
518 2727 689 2760 Videamus
714 2740 787 2771 ergo
817 2741 960 2772 quaenam
986 2729 1161 2766 tolerantia,
1191 2735 1224 2760 et
1249 2730 1289 2760 ad
1313 2728 1390 2770 quid
1414 2728 1562 2769 prudens,
1585 2725 1626 2757 sit

166 2781 316 2812 fortitudo
331 2792 340 2812 ε
363 2780 514 2822 numquid
531 2781 571 2811 ad
586 2782 692 2814 omnia
706 2787 771 2813 tum
789 2794 911 2824 magna,
940 2788 1004 2814 turn
1020 2783 1139 2824 parva?
1164 2783 1259 2814 veluti
1275 2783 1299 2813 si
1314 2783 1383 2824 quis
1399 2781 1521 2818 toleret,
1545 2780 1621 2811 dum

167 2834 337 2876 prudenter
351 2839 512 2875 argentum
528 2839 646 2876 erogat,
661 2845 853 2877 cognoscens
869 2848 906 2868 ex
922 2837 981 2868 hoc
996 2841 1100 2867 sumtu
1114 2847 1148 2867 se
1163 2836 1363 2875 lucraturum,
1374 2836 1498 2866 huncne
1511 2834 1624 2864 fortem

168 2888 274 2919 dices?
319 2887 379 2919 LA.
404 2887 624 2930 Nequaquam.
671 2889 725 2920 So.
749 2890 802 2920 An
818 2901 890 2921 vero
907 2891 932 2921 si
943 2890 1013 2932 quis
1029 2890 1180 2928 medicus,
1195 2901 1266 2921 cum
1284 2889 1367 2921 filius
1383 2888 1464 2931 ejus,
1480 2887 1527 2918 vel
1544 2887 1624 2918 alius

168 2941 279 2982 quivis,
295 2941 478 2983 pulmonum
491 2942 646 2975 anxietate
662 2948 816 2986 gravatus,
843 2949 953 2986 potum
980 2945 1047 2976 dari
1073 2944 1240 2986 cibumque
1265 2944 1355 2986 petit,
1378 2943 1498 2980 toleret,
1522 2950 1623 2982 nequo
