1846 3268
610 771 1214 826 ALCIBIADES.

639 1038 879 1078 SOCRATES,
903 1038 1196 1072 ALCIBIADES.

184 1256 283 1299 [138]
307 1255 477 1294 Daunus,
493 1267 511 1287 o
537 1253 731 1290 Alcibiades,
758 1258 939 1295 precaturus
966 1252 1116 1285 accedis?
1162 1251 1228 1285 Ar..
1252 1252 1294 1283 Et
1319 1255 1453 1287 maxime
1468 1255 1607 1298 quidem,
1631 1267 1650 1287 o

185 1311 339 1343 Socrates.
385 1311 441 1343 So.
461 1309 632 1342 Tristitiam
649 1308 808 1350 quandam
825 1319 888 1349 prae
906 1313 935 1340 te
950 1308 1030 1340 ferre
1047 1307 1173 1344 videris,
1189 1312 1223 1340 et
1244 1309 1353 1340 oculos
1375 1311 1407 1341 in
1423 1315 1532 1342 terram
1549 1310 1659 1352 figere,

184 1370 333 1407 tanquam
358 1364 477 1407 aliquid
495 1370 597 1395 tecum
622 1363 691 1404 ipse
714 1362 946 1403 praemeditanS.
989 1362 1054 1393 AL.
1080 1361 1123 1392 At
1138 1362 1214 1404 quid
1241 1363 1281 1393 ad
1306 1364 1373 1395 haec
1389 1364 1659 1406 praemeditatione

183 1430 264 1462 opus
279 1424 338 1456 est,
352 1430 370 1450 o
385 1419 528 1450 Socrates
542 1418 553 1448 ?
598 1417 656 1448 So.
679 1415 834 1453 Maxima,
850 1421 886 1447 ut
902 1415 977 1446 mihi
992 1415 1126 1448 videtur.
1174 1415 1257 1447 Nam
1279 1417 1345 1455 dic,
1370 1429 1425 1460 per
1438 1419 1551 1450 Jovem
1567 1419 1658 1450 obse·

184 1484 250 1515 cro,
265 1484 371 1505 nonne
386 1478 490 1514 putas,
506 1473 599 1513 deos,
611 1481 681 1513 quae
697 1481 860 1512 precamur
875 1477 908 1501 et
924 1469 1068 1512 privatim
1085 1474 1117 1501 et
1134 1470 1273 1511 publice,
1300 1482 1528 1514 nonnunquam
1545 1473 1657 1514 partim

183 1527 379 1564 concederes
411 1526 522 1568 partim
549 1525 696 1555 minime:
728 1528 761 1555 et
791 1524 859 1555 aliis
889 1523 1016 1566 quidem
1043 1534 1194 1562 annuere,
1219 1524 1288 1556 aliis
1315 1536 1387 1557 vero
1415 1527 1546 1558 contra?
1591 1526 1659 1558 Ar..

183 1580 323 1613 Omnino
336 1581 474 1623 quidem.
519 1580 574 1612 So.
597 1578 717 1610 Nonne
731 1577 826 1619 igitur
839 1578 898 1609 tibi
914 1578 1039 1609 videtur
1065 1588 1180 1620 magna
1205 1580 1404 1621 providentia
1425 1591 1506 1623 opus
1521 1591 1600 1619 esse,
1617 1591 1657 1613 ne

183 1635 253 1678 quis
268 1646 300 1667 se
315 1635 418 1677 ipsum
433 1634 542 1675 lateat,
559 1633 634 1664 dum
650 1642 762 1674 magna
778 1631 859 1674 petit
875 1632 968 1669 mala,
995 1633 1126 1664 credens
1148 1634 1232 1664 bona
1258 1645 1290 1665 se
1314 1645 1465 1676 poscere:
1482 1622 1535 1666 'dii
1551 1640 1657 1666 autem

183 1688 216 1721 in
231 1699 271 1721 eo
288 1689 351 1720 sint
365 1688 487 1725 habitu,
502 1687 534 1719 in
551 1698 615 1730 quo
630 1687 813 1729 rogantibus
829 1687 998 1718 annuunt?
1021 1687 1288 1729 quemadmodum
1305 1688 1458 1730 OEdipum
1474 1688 1578 1720 serunt
1600 1689 1658 1720 ob-

182 1753 318 1775 secrasse
333 1743 441 1784 deum,
454 1746 490 1772 ut
503 1741 558 1772 filii
582 1741 622 1772 de
638 1751 734 1782 regno
751 1745 880 1782 paterno
897 1740 976 1772 ferro
991 1741 1217 1772 decernerent:
1241 1752 1376 1785 cumque
1393 1742 1504 1774 liceret
1519 1753 1658 1784 praesen-

182 1797 261 1829 tium
283 1797 434 1829 malorum
458 1795 687 1827 absolutionem
713 1805 854 1837 poscere,
883 1795 945 1826 alia
972 1795 1100 1837 insuper
1125 1795 1366 1838 imprecabatur.
1406 1798 1491 1829 unde
1516 1799 1555 1829 ad
1583 1809 1655 1830 eum

182 1852 331 1884 effectum
342 1851 403 1882 ista
419 1855 582 1887 venerunt,
598 1855 692 1892 atque
710 1860 746 1881 ex
762 1850 800 1881 iis
815 1849 877 1881 alia
903 1850 1002 1880 multa
1026 1854 1058 1881 et
1079 1849 1197 1891 gravia,
1223 1861 1293 1892 quae
1321 1851 1432 1884 referre
1458 1852 1582 1893 singula
1602 1863 1658 1883 ne-

180 1915 338 1948 quaquam
353 1915 432 1948 opus
447 1909 505 1936 est.
548 1903 613 1935 At..
637 1903 682 1935 At
697 1908 730 1934 tu
746 1903 898 1935 furentem
916 1904 1045 1945 quidem
1061 1904 1221 1935 hominem
1237 1905 1270 1935 in
1285 1906 1463 1948 exemplum
1480 1906 1653 1938 adduxisti.

182 1970 254 1991 nam
270 1970 363 2002 quern
380 1964 471 2001 putas
487 1969 570 1990 sana>
585 1958 697 1989 mentis
712 1958 871 1989 hominem
886 1958 1001 1990 audere
1018 1958 1094 1990 talia
1118 1963 1226 2001 petere
1238 1959 1266 1990 ἒ·
1297 1959 1356 1991 So.
1380 1959 1523 1992 Insanire
1546 1972 1652 1992 nonne

181 2014 368 2046 contrarium
385 2017 434 2045 est
444 2013 485 2051 ei,
500 2013 585 2055 quod
599 2017 646 2043 est
661 2013 848 2054 prudentem
865 2004 932 2044 esse
947 2013 959 2043 ?
1004 2011 1071 2045 AL.
1096 2012 1237 2044 Prorsus.
1282 2014 1335 2045 So.
1360 2013 1448 2045 Num
1465 2025 1503 2045 ex
1519 2015 1656 2046 homini·
1703 2052 1706 2054 q

182 2068 240 2099 bus
256 2068 310 2099 aiii
326 2068 552 2110 imprudentes,
577 2067 632 2098 alii
649 2067 819 2108 prudentes
834 2077 901 2098 esse
918 2067 974 2098 tibi
991 2067 1160 2098 videntur?
1206 2069 1270 2101 Ar..
1297 2068 1453 2100 Videntur
1468 2079 1553 2102 sane.
1599 2070 1655 2101 So.

181 2122 254 2164 Age
269 2123 387 2164 itaque,
401 2121 633 2154 consideremus
649 2121 777 2163 quinam
794 2121 846 2153 isti
865 2121 940 2152 sint.
962 2131 1030 2154 esse
1056 2121 1140 2153 enim
1167 2121 1245 2153 alios
1272 2122 1402 2164 quidem
1428 2122 1656 2165 imprudentes,

182 2177 260 2208 alios
274 2187 347 2208 vero
360 2176 545 2218 prudentes,
559 2175 729 2206 nonnullos
743 2175 882 2216 insanos,
894 2175 962 2217 jam
976 2175 1137 2207 convenit.
1181 2175 1246 2207 Ar..
1270 2176 1440 2209 Convenit.
1486 2178 1540 2210 So.
1567 2178 1654 2209 Prae-

184 2235 268 2262 terea
292 2230 536 2262 bene-valentes
563 2229 660 2272 aliqui
682 2235 766 2261 sunt.
811 2230 992 2269 Aru-Sunt.
1040 2230 1095 2262 So.
1121 2230 1326 2272 AEgrotantes
1353 2231 1419 2264 alii.
1450 2231 1552 2274 [139]
1588 2231 1655 2263 AL.

183 2284 335 2317 Omnino.
380 2285 435 2316 So.
459 2284 534 2315 Non
551 2294 624 2326 ergo
646 2284 741 2316 iidem
757 2291 840 2316 sunt.
887 2284 954 2316 AL.
978 2283 1054 2315 Non
1076 2290 1172 2317 certe.
1219 2285 1275 2317 So.
1300 2285 1423 2316 Suntne
1444 2285 1498 2316 alii
1512 2286 1655 2328 quidam,

182 2340 238 2382 qui
254 2345 396 2372 neutrum
412 2339 540 2370 istorum
556 2339 737 2383 patiantur?
784 2339 849 2372 Ar..
873 2339 1096 2381 Nequaquam.
1140 2339 1193 2371 So.
1217 2339 1358 2371 Necesse
1383 2341 1481 2378 enim,
1498 2340 1656 2372 hominem

182 2394 233 2425 vel
249 2399 397 2436 aegrotare
412 2393 463 2424 vel
488 2403 553 2424 non
578 2398 739 2435 aegrotare.
787 2392 853 2424 Ar..
878 2393 1026 2425 Videtur.
1071 2393 1126 2424 So.
1151 2392 1203 2425 De
1219 2394 1387 2435 prudentia
1404 2405 1477 2425 vero
1491 2400 1525 2426 et
1539 2394 1656 2436 impru-

183 2447 290 2479 dentia
304 2448 390 2480 idern
401 2447 551 2490 judicas?
597 2447 662 2479 AL.
679 2447 850 2484 Quomodo
866 2448 969 2480 dicis?
1015 2448 1072 2480 So.
1097 2447 1246 2490 Opinaris
1270 2448 1428 2480 hominem
1445 2453 1500 2480 aut
1515 2449 1654 2490 pruden-

184 2505 246 2532 tem
269 2507 331 2532 aut<
348 2502 578 2543 imprudentem
599 2512 667 2533 esse
688 2508 844 2543 oportere.
867 2513 907 2533 an
930 2502 1053 2534 tertium
1077 2508 1189 2544 praeter
1204 2513 1241 2533 ea
1256 2503 1392 2533 medium
1409 2502 1573 2544 quiddam,
1591 2513 1655 2544 quo

183 2565 244 2587 nec
262 2556 400 2597 prudens
415 2565 474 2587 nec
490 2556 675 2598 imprudens
690 2557 784 2588 homo
812 2557 875 2588 sit?
920 2556 986 2588 AL.
1009 2556 1098 2588 Nihil
1116 2557 1270 2598 profecto.
1315 2557 1371 2589 So.
1395 2557 1534 2589 Necesse
1549 2558 1655 2599 igitur,

184 2609 314 2641 aiterum
337 2609 466 2641 istorum
491 2610 572 2652 pati.
616 2610 680 2643 A1..
704 2610 859 2653 Apparet.
904 2612 958 2643 So.
992 2611 1193 2648 Recordaris,
1217 2611 1408 2643 concessisse
1439 2619 1471 2643 te
1500 2611 1655 2643 insaniam

184 2663 360 2706 prudentiae
385 2674 454 2695 esse
475 2664 686 2696 contrariam?
732 2665 799 2697 Ar..
822 2666 992 2708 Equidem.
1036 2666 1093 2697 So.
1115 2665 1233 2697 Nonne
1250 2666 1343 2698 etiam
1367 2666 1486 2697 nullam
1508 2677 1575 2698 esse
1591 2677 1656 2697 me·

183 2718 267 2749 diam
284 2717 474 2760 passionem,
501 2729 572 2760 quae
597 2719 757 2751 hominem
781 2731 841 2752 nec
862 2721 1050 2763 prudentem
1076 2731 1135 2752 nec
1157 2720 1388 2763 imprudentem
1405 2720 1521 2752 efficiat
1533 2721 1548 2751 ἓ-
1590 2720 1655 2751 Ar..

184 2773 339 2805 consensi
362 2773 503 2814 quidem.
549 2773 604 2805 So.
629 2773 717 2810 Quin
742 2774 838 2806 etiarn
859 2775 923 2806 duo
949 2786 1017 2806 esse
1032 2774 1134 2806 eidem
1157 2774 1200 2806 rei
1220 2775 1375 2806 contraria
1391 2786 1455 2817 quo
1472 2779 1566 2816 pacto
1583 2784 1654 2815 pos-

183 2827 277 2858 sunt?
322 2826 386 2858 Ax..
409 2826 519 2858 Nullo.
563 2827 620 2859 So.
655 2827 871 2869 Imprudentia
897 2829 992 2870 igitur
1016 2835 1112 2870 atque
1134 2828 1256 2860 insania
1281 2829 1364 2860 idem
1392 2839 1460 2860 esse
1490 2828 1650 2858 videntur.

185 2879 249 2913 At..
272 2880 440 2913 Videntur.
484 2882 542 2914 So.
567 2882 599 2913 Si
614 2893 688 2924 ergo
705 2893 813 2914 omnes
828 2883 1045 2925 imprudentes
1061 2883 1196 2914 insanire
1211 2884 1394 2921 dixerimus,
1407 2888 1490 2915 recte
1502 2883 1653 2914 dicemus.

183 2933 227 2964 Et
240 2945 278 2967 ex
293 2933 354 2967 tuis
371 2935 555 2978 aequalibus,
571 2946 630 2968 nec
647 2947 711 2968 non
727 2941 820 2969 aetate
838 2936 1020 2980 majoribus,
1035 2938 1215 2980 quicunque
1232 2942 1305 2970 sunt
1319 2938 1546 2980 imprudentes,
1575 2935 1657 2966 insa-
