1832 3256
222 199 319 250 5236]
794 196 1081 236 PHAEDRUS.
1650 202 1675 238 s

222 302 366 342 rotunde,
378 305 410 332 et
423 299 580 341 eleganter
589 298 710 340 singula
725 298 819 329 verba
827 298 965 340 posuerit
977 299 987 329 ?
1001 298 1120 330 sienim
1134 298 1191 336 vis,
1204 298 1248 330 tui
1259 299 1357 340 gratia
1367 300 1603 346 cqncedendum
1616 308 1676 336 est.

221 367 293 388 nam
308 366 357 398 me
371 354 498 396 quidem
517 354 558 384 ob
572 353 727 393 ignaviam
742 362 841 395 meam
853 357 886 384 et
901 352 1088 394 imperitiam
1099 353 1201 385 latuit.
1240 353 1338 395 [235]
1366 354 1565 396 Eloquentiae
1590 357 1674 388 enim

220 409 353 441 dicentis
366 407 465 439 solum
480 407 624 438 intendi:
648 406 737 437 adid
752 416 825 437 vero
840 416 898 437 nec
914 406 1041 449 Lysiam
1065 407 1192 448 quidem
1219 406 1321 447 ipsum
1348 408 1486 440 sufficere
1516 420 1549 440 se
1570 410 1676 441 existi-

219 471 302 493 mare
315 461 474 503 putabam.
519 459 665 491 Profecto
682 459 758 490 mihi
773 459 856 490 visus
870 464 930 496 est,
956 471 975 490 o
999 460 1144 502 Phaedre,
1167 459 1228 491 nisi
1250 464 1284 490 tu
1308 460 1393 492 aliud
1409 461 1508 499 dicas,
1522 462 1570 494 bis
1584 468 1617 495 et
1631 468 1678 495 ter

217 515 327 546 eadem
343 514 503 555 repetisse,
517 513 604 555 quasi
620 513 743 544 deesset
755 512 800 543 illi
815 512 908 554 copia
918 514 1029 544 eadem
1053 514 1094 545 de
1113 524 1146 545 re
1159 514 1258 544 multa
1271 514 1412 556 dicendi,
1425 515 1475 547 vel
1489 516 1576 557 quasi
1592 517 1678 548 nulla

216 567 278 598 sibi
291 568 332 598 de
347 568 408 598 hoc
421 577 495 599 cura
509 571 601 598 esset.
623 576 659 597 ac
683 565 760 596 mihi
782 565 864 596 visus
884 572 932 597 est
954 577 1021 598 sese
1047 571 1214 604 ostentare,
1229 568 1314 608 quod
1331 574 1438 609 posset
1456 570 1588 600 eandem
1612 580 1676 602 rem

216 620 307 652 aliter
334 625 366 652 et
389 620 477 651 aliter
501 619 638 651 dicendo
664 623 796 660 utroque
816 619 912 649 modo
936 619 1111 651 luculenter
1126 620 1251 651 dixisse.
1295 621 1390 653 Para.
1412 621 1501 652 Nihil
1514 622 1571 660 ais,
1586 633 1605 653 ο
1620 623 1677 654 So-

217 679 329 705 crates.
372 674 432 705 hoc
444 673 528 705 enim
543 673 675 704 maxime
688 671 786 703 oratio
801 672 921 704 habuit.
947 683 1019 703 nam
1035 683 1106 714 quae
1121 678 1209 704 erant
1224 674 1256 704 in
1271 684 1315 714 re,
1330 675 1371 705 de
1385 675 1498 716 quibus
1513 677 1676 708 commode

219 727 285 758 dici
306 732 423 769 posset,
438 737 544 758 eorum
567 725 646 759 nihil
661 725 899 767 praetermissum
921 731 981 763 est,
1006 731 1044 757 ut
1064 731 1175 768 praeter
1189 727 1257 765 illa,
1272 738 1343 770 quae
1359 729 1399 758 ab
1414 729 1473 760 hoc
1487 729 1572 760 dicta
1592 735 1677 768 sunt,

220 790 313 812 nemo
339 781 448 812 eadem
474 781 515 811 de
548 790 580 811 re
604 780 697 821 plura
720 783 776 810 aut
790 779 997 820 probabiliora
1020 780 1123 811 dicere
1146 780 1256 821 possit.
1300 781 1356 813 So.
1379 781 1419 812 Id
1444 793 1503 824 ego
1526 793 1590 814 non
1609 783 1677 824 jam

219 834 354 875 amplius
378 833 520 866 confiteri
544 843 682 875 possum.
716 833 810 874 prisci
825 833 908 864 enim
925 833 1144 875 sapientesque
1170 834 1228 865 viri
1252 839 1284 865 et
1310 835 1465 875 mulieres,
1490 836 1544 878 qui
1567 837 1607 868 de
1629 837 1677 868 his

219 887 365 918 dixerunt
379 887 639 929 scripseruntque,
655 887 840 928 redarguent
856 897 916 924 me,
931 887 958 918 si
975 886 1019 918 tui
1031 888 1130 928 gratia
1144 887 1176 918 id
1189 898 1382 920 concessero.
1420 890 1514 921 Pflae.
1539 891 1677 928 Quinam

217 939 295 971 isti?
340 945 375 984 et
386 941 441 972 ubi
456 946 489 972 tu
504 941 632 972 meliora
646 941 762 972 audisti
774 941 797 983 ?⁵
817 941 870 973 So.
893 940 933 971 In
949 941 1115 982 praesentia
1128 941 1256 984 quidem
1273 953 1337 974 non
1351 943 1425 974 satis
1441 944 1569 975 memini
1584 957 1591 975 :
1621 946 1675 977 sed

220 993 360 1034 profecto
377 994 494 1036 alicubi
516 995 660 1036 quaedam
675 995 793 1032 audivi,
808 995 856 1025 vel
879 995 1024 1036 Sapphus
1042 996 1192 1036 pulchrae,
1214 996 1263 1027 vel
1282 996 1433 1038 sapientis
1458 996 1679 1039 Anacreontis,

219 1046 269 1076 vel
285 1047 468 1088 scriptorum
484 1047 625 1080 aliorum.
663 1048 758 1079 Unde
774 1059 846 1079 vero
861 1049 921 1080 hoc
935 1048 1002 1089 ipse
1016 1047 1185 1089 conjecto?
1214 1049 1288 1091 quia
1303 1050 1444 1091 plenum,
1456 1061 1475 1081 o
1487 1051 1590 1091 beate,
1602 1052 1678 1083 mihi

220 1100 320 1130 sentio
337 1106 447 1142 pectus
461 1101 588 1133 aliorum
604 1106 636 1133 et
650 1112 714 1132 non
729 1102 928 1139 deteriorum,
942 1112 1013 1144 quae
1037 1102 1102 1133 dici
1121 1109 1262 1144 possunt.
1300 1104 1384 1144 quod
1399 1115 1472 1135 vero
1498 1115 1517 1135 a
1539 1115 1588 1136 me
1608 1106 1678 1147 ipso

218 1153 300 1184 nihil
314 1155 386 1197 ‚tale
409 1155 621 1196 cognoverim,
636 1155 792 1197 intelligo,
811 1166 888 1187 meae
914 1156 1043 1188 inscitias
1067 1156 1222 1188 conscius.
1272 1156 1387 1189 Restat
1400 1157 1504 1200 igitur,
1519 1169 1568 1189 me
1583 1158 1680 1191 instar

219 1207 300 1238 vasis
314 1208 381 1240 haec
396 1220 434 1240 ex
448 1209 577 1240 aliorum
593 1210 733 1240 fontibus
747 1210 896 1247 hausisse,
912 1211 967 1242 sed
982 1210 1092 1242 iterum
1109 1212 1149 1242 ob
1164 1211 1330 1253 ruditatem
1343 1222 1454 1253 meam,
1464 1217 1496 1243 et
1506 1214 1677 1254 quomodo,

217 1265 252 1291 et
280 1272 299 1293 a
322 1263 435 1303 quibus
450 1263 654 1305 perceperim,
676 1264 806 1294 oblitum
823 1274 902 1296 esse.
948 1264 1042 1296 PM.
1074 1264 1103 1296 O
1120 1275 1280 1306 generose,
1295 1266 1414 1307 optime
1435 1266 1552 1298 dixisti.
1575 1277 1594 1297 a
1609 1267 1678 1308 qui-

220 1315 279 1346 bus
303 1317 387 1347 enim
413 1318 582 1359 acceperiS,
609 1322 642 1349 et
660 1319 832 1359 quomod0,
847 1328 950 1360 neque
968 1319 1062 1350 etiam
1088 1319 1115 1350 si
1131 1319 1267 1361 jussero,
1284 1320 1383 1351 dicas.
1426 1320 1471 1351 At
1485 1320 1562 1350 illud
1577 1320 1678 1362 dicas,

221 1369 306 1409 quod
325 1371 487 1410 profiteris,
502 1382 604 1402 rursus
615 1372 729 1403 habere
744 1376 775 1403 te
792 1372 881 1414 plura
896 1377 927 1403 et
938 1373 1151 1414 praestantiora
1162 1374 1223 1410 his,
1238 1384 1308 1415 quae
1323 1384 1342 1404 a
1352 1373 1451 1416 Lysia
1464 1373 1578 1415 scripta
1594 1379 1678 1406 sunt.

222 1421 317 1458 Quod
333 1423 359 1454 si
375 1423 494 1461 feceris,
520 1425 560 1456 ab
573 1424 639 1456 istis
653 1425 833 1466 abstinens,
847 1436 970 1458 auream
983 1426 1041 1458 tibi
1052 1427 1198 1468 promitto
1212 1427 1247 1459 in
1259 1427 1394 1469 Delphis
1408 1432 1541 1459 statuam
1558 1427 1679 1469 aequili-

219 1475 317 1513 brem,
333 1478 418 1519 quod
428 1489 540 1510 novem
560 1479 718 1520 principes
739 1479 851 1517 solent,
864 1490 928 1511 non
940 1491 1039 1512 meam
1051 1482 1161 1519 solum,
1175 1483 1230 1513 sed
1243 1486 1328 1513 tuam
1343 1482 1449 1520 etiam,
1463 1492 1590 1523 ponere.
1620 1481 1679 1514 So.

220 1529 439 1563 Amicissimus
461 1543 506 1570 es,
529 1538 562 1564 et
582 1543 687 1564 revera
709 1544 831 1571 aureus,
858 1545 877 1565 o
902 1534 1046 1572 Phaedre,
1070 1536 1098 1567 si
1122 1547 1171 1567 me
1187 1536 1290 1567 dicere
1305 1540 1396 1577 putas
1409 1535 1536 1578 Lysiam
1551 1534 1678 1566 omnino

220 1583 420 1623 aberravisse,
444 1593 480 1616 ac
493 1596 583 1627 posse
611 1590 721 1628 praeter
743 1587 811 1618 haec
826 1587 933 1619 omnia
954 1589 1082 1620 meliora
1103 1590 1164 1620 alia
1189 1589 1262 1621 dici.
1285 1590 1345 1620 hoc
1359 1589 1442 1620 enim
1457 1599 1497 1619 ne
1513 1588 1678 1620 deterrimo

221 1636 348 1677 quidem
363 1639 504 1680 scriptori
518 1639 646 1670 arbitror
660 1640 794 1672 evenire.
845 1641 1019 1684 Principio,
1035 1648 1187 1684 quantum
1203 1643 1316 1674 attinet
1330 1643 1369 1674 ad
1384 1642 1432 1683 id,
1447 1643 1487 1673 de
1502 1652 1565 1683 quo
1577 1652 1678 1673 sermo

219 1689 362 1726 habetur,
377 1697 510 1733 putasne
525 1693 674 1734 aliquem,
696 1694 826 1735 probare
842 1695 1010 1733 volentem,
1023 1706 1088 1726 non
1104 1696 1221 1727 amanti
1236 1696 1345 1738 magis,
1357 1706 1451 1737 quarn
1464 1695 1594 1736 amanti,
1609 1706 1679 1737 gra-

221 1742 402 1775 tificandum
418 1755 497 1783 esse,
513 1746 572 1776 nisi
586 1747 773 1788 probaverit,
790 1758 855 1778 non
871 1754 1025 1779 amantem
1043 1750 1229 1790 prudentem
1245 1760 1325 1790 esse,
1336 1754 1492 1780 amantem
1506 1759 1579 1780 vero
1595 1747 1678 1779 insa-

221 1806 308 1834 num,
331 1802 363 1828 et
378 1797 473 1838 *illum
489 1799 616 1840 quidem
631 1800 814 1840 laudaverit,
831 1801 930 1843 [236]
956 1803 1039 1833 hunc
1055 1803 1288 1844 vituperaverit,
1310 1813 1381 1844 quas
1406 1813 1480 1834 sane
1506 1802 1679 1833 necessaria

216 1855 306 1887 sunt,
320 1851 382 1882 alia
396 1852 511 1884 deinde
527 1863 598 1893 quae
614 1852 700 1885 dicat
714 1854 915 1885 habiturum?
959 1855 1023 1886 Sed
1039 1855 1195 1893 existimo,
1205 1856 1273 1887 haec
1289 1856 1363 1886 talia
1379 1855 1568 1887 dimittenda
1579 1855 1679 1897 scrip-

221 1903 338 1935 toribus
354 1910 386 1935 et
403 1906 606 1937 concedenda
631 1911 704 1937 sunt
714 1918 723 1946 3
748 1917 807 1938 nec
823 1907 1035 1939 inventionem
1051 1910 1173 1946 horum,
1189 1910 1244 1940 sed
1259 1909 1510 1951 dispositionem,
1526 1919 1594 1939 esse
1610 1908 1679 1939 lau-

219 1957 368 1989 dandam.
391 1963 425 1990 at
448 1958 582 1996 illorum,
610 1971 680 2002 quae
706 1971 769 1992 non
795 1967 867 1992 sunt
882 1962 1066 2000 necessaria,
1083 1968 1115 1994 et
1130 1963 1297 1995 difficulter
1311 1963 1517 2005 reperiuntur,
1531 1973 1596 1994 non
1613 1963 1678 1994 dis-

219 2010 407 2051 positionem
423 2012 534 2050 solum,
559 2014 613 2044 sed
634 2014 847 2046 inventionem
862 2014 967 2057 etiam,
983 2016 1171 2047 laudandam
1187 2022 1275 2058 puto.
1308 2017 1402 2049 Pam.
1416 2017 1579 2054 Concedo,
1592 2018 1678 2058 quod

216 2063 279 2098 ais.
311 2065 508 2097 mediocriter
527 2068 610 2098 enim
625 2066 738 2106 dixisse
759 2068 885 2100 videris.
908 2069 1020 2101 faciam
1046 2069 1140 2111 igitur
1164 2075 1197 2101 et
1220 2071 1279 2102 hoc
1301 2071 1369 2112 ipse
1391 2071 1500 2102 modo.
1522 2075 1677 2102 amantem

218 2117 316 2155 enim,
335 2129 428 2160 quam
443 2130 506 2150 non
528 2126 695 2159 amantem,
710 2123 809 2164 magis
823 2129 983 2165 aegrotare,
998 2135 1240 2167 praesupponere
1255 2124 1313 2155 tibi
1329 2125 1517 2167 permittam.
1549 2125 1584 2155 in
1609 2124 1678 2155 aliis

220 2176 324 2202 autem
338 2172 363 2202 si
378 2173 468 2214 plura
479 2178 511 2205 et
526 2176 751 2218 praestantiora,
767 2188 860 2219 quam
876 2178 1000 2220 Lysias,
1016 2179 1140 2216 dixeris,
1159 2178 1253 2220 juxta
1269 2179 1460 2221 Cypselidas
1475 2178 1508 2209 in
1523 2177 1678 2221 Olympia

220 2232 330 2256 aureus
342 2226 446 2259 stabis.
478 2227 538 2261 SO.
559 2228 645 2260 Serio
659 2230 694 2261 id
707 2231 834 2272 accipis,
851 2242 869 2262 o
885 2232 1029 2274 Phaedre,
1044 2233 1128 2274 quod
1139 2233 1238 2264 virum
1254 2233 1311 2264 tibi
1326 2232 1562 2264 dilectissimum
1574 2243 1678 2273 repre-

219 2277 326 2309 hendi.
349 2290 408 2321 ego
424 2291 494 2311 vero
510 2286 613 2313 tecum
625 2282 776 2324 jocabar:
801 2295 837 2317 ac
853 2296 902 2317 me
915 2291 1008 2328 putas
1024 2297 1128 2317 revera
1144 2287 1203 2318 hoc
1218 2297 1431 2328 aggressurum
1446 2297 1525 2327 esse,
1538 2291 1574 2317 ut
1588 2285 1676 2317 aliud

218 2331 370 2373 ,quiddam
382 2338 493 2375 praeter
506 2335 591 2367 illius
605 2338 790 2378 sapientiam
805 2339 907 2371 dicam
924 2341 1073 2372 ornatius·
1121 2341 1214 2372 Pam.
1246 2341 1317 2372 Hac
1339 2341 1379 2372 de
1394 2351 1440 2382 re,
1466 2351 1485 2371 o
1508 2339 1619 2376 amice,
1643 2338 1676 2369 3¹²

219 2385 344 2417 easdem
359 2397 449 2418 ansas
463 2390 641 2429 pervenisti.
663 2392 833 2424 dicendum
848 2394 907 2425 tibi
921 2400 969 2425 est
983 2394 1123 2431 omnino,
1135 2399 1294 2437 utcunque
1305 2395 1432 2437 poteris.
1477 2394 1562 2426 Cave
1583 2393 1678 2435 igitur

219 2448 259 2470 ne
275 2440 438 2472 molestum
453 2442 532 2474 illud
549 2445 761 2477 comoedorum
775 2449 910 2489 aggressi
930 2449 1039 2480 eadem
1055 2449 1146 2480 nobis
1168 2449 1304 2481 vicissim
1319 2448 1490 2490 rependere
1506 2446 1676 2488 compella-

217 2502 392 2534 mur„neve
403 2495 480 2527 illud
492 2507 542 2528 me
557 2498 660 2530 dicere
676 2510 770 2541 cogas
783 2513 790 2532 :
813 2501 847 2532 Si
862 2513 933 2543 ego,
956 2513 975 2533 o
990 2503 1146 2544 Socrates,
1160 2503 1318 2534 Socratem
1334 2502 1457 2544 ignoro,
1474 2501 1534 2532 mei
1550 2510 1677 2542 quoque

218 2544 323 2587 ipsius
332 2548 447 2582 oblitus
461 2560 550 2583 sum:
575 2558 607 2583 et
620 2553 776 2595 Cupiebat
787 2556 928 2598 quidem,
944 2557 999 2588 sed
1015 2557 1181 2588 simulabat
1195 2557 1323 2599 gravari.
1355 2556 1492 2587 Demum
1506 2555 1548 2586 ita
1560 2554 1677 2595 cogita,

220 2609 283 2629 non
295 2610 363 2632 esse
377 2612 434 2633 nos
445 2604 528 2644 prius
542 2605 679 2638 abituros
694 2608 780 2646 hinc,
795 2620 888 2651 quam
904 2615 938 2641 tu
953 2610 1078 2646 dixeris,
1093 2622 1164 2653 quae
1178 2601 1292 2642 habere
1307 2610 1412 2642 aiebas
1427 2610 1461 2640 in
1473 2613 1600 2651 pectore
1612 2618 1676 2638 me-

218 2652 308 2685 llora.
352 2653 463 2686 Sumus
477 2657 559 2688 enim
574 2660 644 2698 soli,
659 2666 692 2692 et
710 2663 839 2704 quidem
865 2664 898 2695 in
924 2664 1106 2698 solitudine.
1130 2675 1189 2706 ego
1214 2670 1317 2696 autem
1330 2664 1448 2706 junior,
1465 2668 1498 2695 et
1511 2662 1675 2694 robustior.

216 2706 267 2745 Ex
280 2707 326 2738 his
343 2709 484 2740 omnibus
499 2710 649 2755 intellige,
665 2716 740 2757 quid
751 2717 854 2750 dicam
867 2730 876 2750 ε
900 2729 958 2750 nec
969 2719 1048 2750 velis
1064 2723 1191 2751 coactus
1202 2719 1321 2761 potius,
1332 2728 1425 2760 quam
1435 2721 1561 2759 sponte,
1575 2715 1675 2757 loqui·

218 2760 274 2793 So.
298 2761 343 2792 At
358 2763 453 2804 enim,
479 2774 498 2795 o
511 2765 599 2797 beate
611 2767 754 2807 Phaedre,
770 2771 917 2804 ridiculus
932 2783 997 2811 ero,
1014 2773 1037 2804 si
1053 2773 1121 2814 ipse
1139 2774 1223 2804 rudis
1237 2783 1309 2804 cum
1321 2772 1440 2813 optimo
1454 2771 1510 2802 illo
1526 2770 1675 2811 scriptore

218 2815 424 2857 contendero,
445 2827 482 2850 ac
508 2818 548 2849 de
569 2821 659 2852 rebus
683 2823 800 2870 eisdem
825 2837 863 2857 ex
880 2831 1020 2868 tempore
1042 2827 1254 2869 disputavero.
1292 2826 1386 2858 Pru:-
1407 2824 1486 2862 Scis,
1509 2828 1546 2854 ut
1570 2833 1604 2854 se
1626 2832 1674 2854 res

217 2865 335 2898 habet?
380 2869 472 2903 missa
485 2871 572 2906 istaec
583 2872 679 2907 facias
694 2887 826 2911 mecum.
849 2880 945 2913 ferme
956 2879 1040 2913 enim
1056 2879 1174 2920 inveni,
1191 2891 1246 2923 per
1260 2889 1331 2924 quae
1346 2884 1378 2911 te
1392 2877 1591 2921 compellam.
1615 2876 1671 2909 So.
