1846 3268
251 261 329 299 310
860 257 1126 300 PLATONIS
1619 268 1716 319 [³37

244 362 352 406 quoad
377 362 512 405 ipsarum
539 360 720 401 essentiam,
736 365 772 392 ut
794 366 906 393 natura
928 362 1080 395 institute
1101 368 1186 402 sunt,
1202 370 1433 406 permanentes.
1478 365 1601 402 Ham.
1623 369 1714 402 Idem

244 415 321 449 mihi
335 426 461 460 quoque
477 418 610 458 videtur,
623 428 642 447 o
656 414 813 448 Socrates.
858 416 918 448 So.
942 416 1054 449 Utrum
1071 428 1119 450 res
1133 418 1209 461 ipsre
1234 420 1282 451 ita
1304 425 1414 457 natura
1434 421 1622 461 consistant.
1635 424 1715 456 acti·

245 481 324 509 ones
338 477 442 504 nutem
464 471 586 503 illarum
600 481 664 502 non
681 469 735 507 itt,
748 470 803 501 sed
820 469 932 502 aliter?
955 481 996 502 an
1009 477 1042 502 et
1056 473 1196 504 actiones
1207 473 1285 516 ipsae
1301 485 1363 506 una
1374 477 1520 518 quaedam
1532 485 1633 508 rerum
1642 486 1717 520 epe-

244 524 309 557 cies
323 530 398 557 sunt
412 526 423 557 ?
469 526 591 558 nanu.
615 525 659 557 Et
673 525 750 567 ipsae
763 525 906 556 omnino.
943 525 999 557 So.
1023 525 1106 568 Ergo
1118 526 1213 570 [887]
1226 529 1365 560 actiones
1380 529 1457 572 ipsae
1473 530 1646 567 secundum
1659 542 1717 564 na—

242 583 342 611 turam
358 590 457 617 suam,
472 591 537 611 non
553 580 725 612 secundum
736 578 918 621 opinionem
933 585 1082 617 nostram,
1098 580 1188 613 fiunt.
1233 583 1521 622 Quemadmodum,
1535 583 1630 617 sinos
1647 595 1712 623 rem

242 634 422 676 quampiam
435 634 575 666 dividere
589 639 773 671 statuamus,
788 638 890 665 utrum
905 633 1078 666 dividenda
1092 645 1110 666 a
1127 635 1218 667 nobis
1233 647 1281 668 res
1296 647 1441 680 quaeque,
1453 643 1490 670 ut
1499 648 1557 670 nos
1569 639 1714 672 volumus

243 692 277 719 et
292 698 356 730 quo
377 684 546 720 volumus?
571 699 611 720 sn
628 689 745 730 potius,
761 689 786 719 si
811 688 1059 731 unumquodque
1083 689 1262 721 dividamus
1283 693 1455 723 secundum
1480 697 1635 730 naturam,
1651 703 1716 736 qua

241 740 381 774 dividere
402 747 436 774 et
454 733 552 774 dividi
569 748 705 784 oportet,
722 743 860 784 itemque
875 753 914 774 eo
930 753 993 785 qno
1015 743 1187 776 secundum
1212 751 1352 777 naturam
1380 746 1493 778 divisio
1509 747 1575 779 fieri
1601 748 1712 786 debet,

239 795 418 828 dividemus
433 797 542 840 utique
557 802 641 829 recte
663 802 696 829 et
715 797 834 840 aliquid
863 797 1061 839 proficiemus
1084 808 1121 829 ac
1146 804 1229 830 recte
1251 799 1336 831 istud
1363 801 1518 842 agemus?
1539 801 1588 832 sin
1605 807 1711 834 autern

239 854 353 891 praeter
377 856 532 888 naturam,
557 850 767 883 aberrabimus
796 850 939 893 nihilque
966 851 1189 893 proficiemus?
1234 853 1358 885 Hnnm.
1402 854 1490 886 Mihi
1514 854 1644 897 quidem
1667 855 1713 887 ita

238 903 372 936 videtur.
397 905 470 937 .So.
495 905 600 948 Atque
616 904 710 937 etiam
737 905 763 936 si
787 905 967 937 comburere
990 906 1111 948 aliquid
1128 907 1356 948 aggrediamur,
1372 918 1436 939 non
1451 909 1626 941 secundum
1642 920 1711 941 orn—

238 967 310 989 nem
326 958 509 1000 opinionem
532 959 712 990 comburere
728 963 864 1000 oportet,
880 958 935 990 sed
959 960 1132 991 secundum
1159 961 1342 1002 opinionem
1367 967 1495 994 rectam.
1517 963 1586 995 hoc
1601 968 1707 995 nutem

237 1016 297 1049 eet,
312 1021 375 1054 qua
388 1012 508 1043 ratione
524 1013 705 1044 naturaliter
720 1013 871 1054 quodque
885 1013 1026 1045 comburi
1042 1014 1138 1045 debet
1153 1020 1248 1056 atque
1265 1016 1458 1054 comburere,
1477 1021 1510 1048 et
1521 1026 1586 1059 quo
1602 1017 1710 1049 debet.

237 1065 362 1097 Hau.
385 1066 471 1098 Vera
494 1067 562 1098 hoec
582 1072 667 1098 sunt.
712 1067 769 1099 So.
802 1066 920 1098 Nonne
944 1068 1053 1099 eadem
1078 1068 1119 1099 de
1145 1069 1256 1100 ceteris
1281 1069 1388 1100 ratio?
1433 1069 1554 1102 Hiran.
1577 1070 1713 1103 Eadem.

237 1120 296 1151 So.
320 1118 374 1151 An
397 1130 461 1151 non
486 1126 520 1152 et
543 1121 648 1153 dicere
671 1131 735 1152 uua
757 1122 902 1164 quaedam
931 1122 1147 1163 operationum
1163 1123 1233 1154 est?
1278 1123 1401 1156 Hm«.
1425 1123 1484 1156 Est
1499 1123 1604 1166 plane.
1648 1124 1707 1158 8ο.

237 1174 352 1206 Utrum
366 1180 450 1207 recte
465 1175 549 1207 dicet
565 1175 629 1213 ille,
644 1175 712 1218 qui,
730 1180 765 1206 ut
778 1175 837 1207 sibi
853 1175 1023 1207 dicendum
1038 1176 1174 1217 videtur,
1190 1177 1236 1209 ita
1252 1177 1338 1209 diost
1351 1178 1362 1209 ἓ
1387 1188 1427 1209 an
1444 1178 1551 1220 potius
1565 1178 1707 1221 quisquis

233 1228 282 1260 ita
296 1228 393 1265 dicat,
409 1234 446 1260 ut
459 1234 570 1260 natura
586 1230 654 1271 ipsa
670 1240 768 1261 rerum
784 1230 888 1262 dicere
912 1230 1038 1272 dicique
1061 1231 1210 1273 requirit?
1233 1238 1266 1263 et
1280 1241 1343 1274 quo
1355 1237 1470 1263 natura
1494 1232 1607 1275 exigit,
1619 1243 1660 1265 eo
1675 1239 1708 1265 ct

232 1283 334 1319 dicat,
345 1282 464 1325 aliquid
481 1283 617 1315 dicendo
633 1284 796 1326 proficiet:
820 1282 868 1316 sin
885 1285 985 1322 aliter,
1001 1285 1154 1317 aberravit
1165 1286 1308 1328 nihilque
1323 1286 1464 1318 efficiet?
1508 1286 1632 1318 Hanni.
1655 1287 1709 1319 Ita

229 1337 394 1380 equidem,
410 1343 445 1369 ut
460 1337 517 1375 ais,
533 1337 688 1370 existimo.
721 1337 771 1370 An
788 1348 852 1369 non
864 1338 994 1370 dicendi
1009 1349 1080 1380 pars
1094 1345 1142 1371 est
1158 1341 1319 1372 nominare
1332 1341 1343 1372 ?
1359 1345 1455 1383 atque
1467 1340 1708 1381 denominantes

233 1391 468 1433 quodammodo
496 1402 653 1424 sermones
677 1392 812 1424 dicunt?
858 1392 981 1424 Ham«.
1006 1393 1159 1426 Omnino.
1203 1395 1258 1427 So.
1283 1394 1324 1426 Et
1347 1394 1509 1426 nominare
1524 1395 1608 1427 actio
1623 1404 1711 1437 qua-

233 1445 306 1476 dam
321 1445 392 1477 est?
414 1446 670 1488 quandoquidem
691 1452 724 1478 et
743 1446 848 1478 dicere
873 1447 956 1479 actio
971 1448 1117 1489 quaedam
1140 1447 1224 1480 circa
1245 1459 1293 1480 res
1307 1454 1366 1481 est.
1412 1448 1538 1480 Huu.
1559 1448 1704 1482 Pronum

230 1498 288 1531 So.
311 1498 466 1532 Actiones
480 1506 584 1532 autem
599 1499 691 1532 nobis
703 1506 915 1543 apparuerunt
928 1502 1014 1533 haud
1038 1503 1078 1533 ad
1101 1513 1158 1534 nos
1181 1503 1346 1545 respicere,
1361 1503 1416 1535 sed
1430 1503 1586 1546 propriam
1601 1514 1704 1546 quan-

230 1553 306 1584 dam
318 1554 367 1584 sui
382 1554 495 1586 habere
517 1562 671 1587 naturam.
716 1555 839 1587 Hmur.
864 1556 921 1587 Est
943 1556 1000 1588 ita.
1044 1557 1101 1590 So.
1125 1557 1365 1589 Nominandum
1391 1557 1498 1599 itaque
1518 1567 1557 1589 ea
1571 1558 1705 1597 ratione,

230 1617 295 1649 qua
310 1618 410 1639 rerum
426 1608 560 1650 ipsarum
578 1615 694 1640 ¹natura
708 1609 869 1642 nominare
878 1620 916 1642 ac
931 1610 1082 1642 nominari
1098 1611 1250 1652 postulat,
1266 1615 1299 1642 et
1314 1621 1377 1652 quo
1394 1609 1535 1652 postulat
1547 1621 1555 1642 ι
1568 1620 1635 1642 non
1646 1621 1703 1642 an-

232 1666 295 1693 tem
311 1673 368 1704 pro
383 1668 496 1694 nostrae
513 1663 684 1696 voluntatis
695 1663 822 1695 arbitrio
837 1664 884 1704 3si
901 1665 1046 1696 standum
1062 1664 1152 1696 estin
1166 1665 1213 1696 his
1223 1674 1294 1707 quae
1305 1665 1392 1696 dicta
1405 1669 1489 1697 sunt.
1513 1663 1636 1697 Banu.
1651 1665 1704 1697 Sic

229 1721 289 1748 est.
334 1717 446 1757 CnAJr.
470 1716 576 1760 Atque
590 1718 636 1749 ita
647 1718 767 1761 aliquid
778 1729 962 1761 peragemus
976 1719 1283 1762 nominabimusque,
1299 1719 1389 1751 aliter
1402 1729 1476 1751 vero
1490 1728 1702 1762 nequequam.

227 1770 351 1804 Henna.
376 1771 532 1814 Apparet.
556 1773 613 1804 So.
635 1773 731 1812 Quod
746 1773 952 1805 incidendum
968 1778 1027 1811 est,
1043 1773 1150 1816 aliquo
1163 1774 1391 1806 incidendum?
1423 1773 1546 1807 Hau.
1569 1772 1704 1816 Aliquo·

227 1824 283 1857 So.
321 1825 362 1857 Et
389 1827 476 1868 quod
505 1828 687 1865 texendum,
716 1828 824 1870 aliquo
853 1834 938 1860 certe
963 1829 1131 1860 texendum
1146 1828 1157 1860 ?
1180 1829 1305 1871 quodve
1332 1828 1568 1870 perforandum,
1589 1827 1699 1870 aliquo

226 1878 448 1921 perforandum
462 1882 474 1912 ?
498 1880 622 1914 Hiram.
645 1882 756 1915 Plane.
791 1883 847 1915 So.
872 1883 953 1914 Item
965 1884 1051 1926 quod
1067 1883 1305 1920 nominandum,
1321 1883 1427 1924 aliquo
1443 1882 1695 1916 nominandum?

225 1933 322 1976 [388]
347 1935 471 1967 Ham.
493 1936 546 1968 Sic
560 1942 695 1978 oportet.
717 1938 774 1970 So.
797 1937 884 1975 Quid
899 1937 992 1975 illud,
1007 1949 1071 1979 quo
1088 1938 1206 1980 aliquid
1223 1937 1379 1980 perforare
1395 1937 1543 1978 oportet?
1566 1935 1692 1974 Hiran,-

226 1987 407 2021 Terebrum.
451 1989 507 2021 So.
530 1990 618 2027 Quid
644 2001 707 2032 quo
732 1991 861 2027 texere?
879 2027 891 2030 ‚⁷
906 1991 1029 2023 Henna.
1052 1991 1177 2022 Radius
1202 1993 1392 2034 pectenque.
1435 1991 1494 2023 So.
1517 1990 1606 2028 Quid
1632 2000 1697 2032 quo

224 2041 410 2075 nominare?
455 2043 578 2076 Herm.
601 2045 740 2077 Nomen.
786 2046 842 2078 So.
867 2045 957 2077 Bene
972 2045 1126 2087 loqueris:
1150 2046 1288 2088 ideoque
1301 2044 1542 2076 instrumentum
1565 2044 1695 2086 aliquod

223 2104 338 2128 nomen
354 2102 413 2129 est.
459 2097 582 2130 Ham.
606 2099 675 2130 Eat.
721 2099 778 2131 So.
798 2099 836 2130 Si
848 2109 1028 2141 quaererem,
1042 2100 1127 2141 quod
1151 2099 1391 2131 instrumentum
1413 2103 1461 2130 est
1486 2097 1592 2130 radius
1619 2108 1695 2140 pec·

223 2153 353 2192 tenque,
367 2153 572 2194 responderes
594 2163 658 2195 quo
674 2153 828 2185 teximus?
874 2153 998 2185 Hmm.
1021 2154 1097 2185 Non
1123 2153 1222 2185 aliud.
1267 2153 1325 2185 So.
1347 2153 1504 2184 Texentes
1520 2163 1592 2184 vero
1615 2152 1694 2195 quid

221 2203 378 2244 facimus?
401 2216 442 2237 an
457 2217 521 2238 non
537 2207 722 2249 subtegmen
738 2212 771 2239 et
795 2207 929 2238 stamina
953 2207 1084 2239 confusa
1097 2207 1327 2239 discernimus?
1373 2206 1496 2239 Herm.
1519 2206 1630 2239 Isthuc
1643 2206 1695 2250 ip·

221 2269 301 2291 sum.
345 2260 401 2292 So.
425 2260 514 2292 Idem
532 2262 572 2293 de
589 2262 708 2293 terebro
718 2271 757 2293 ac
772 2261 884 2294 ceteris
898 2261 1126 2304 respondebis?
1172 2261 1294 2297 Henna.
1317 2261 1420 2293 Idem.
1465 2261 1525 2293 So.
1549 2260 1692 2293 Potesret

221 2313 303 2345 circa
315 2324 430 2346 nomen
445 2315 587 2348 similiter
601 2316 769 2349 declarare.
791 2317 868 2358 quid
883 2316 1027 2357 facimus,
1041 2317 1116 2348 dum
1139 2316 1268 2348 nomine
1291 2316 1373 2358 ipso,
1387 2315 1474 2357 quod
1498 2315 1692 2351 instrumen—

221 2371 288 2398 tum
303 2373 362 2406 est,
381 2369 500 2411 aliquid
517 2370 734 2402 nominamus?
780 2370 904 2404 HERM.
927 2369 1075 2412 Nequeo.
1120 2371 1178 2402 So.
1200 2369 1355 2411 Nunqnid
1379 2368 1530 2400 docemus
1552 2367 1690 2401 invicem

220 2420 353 2463 aliquid,
369 2433 406 2454 ac
421 2433 468 2454 res
485 2428 519 2454 ut
530 2429 614 2462 sunt,
629 2424 855 2456 discernimus?
901 2423 1024 2456 Henna.
1048 2423 1187 2466 Nempe.
1232 2423 1288 2455 So.
1313 2422 1439 2454 Nomen
1455 2422 1562 2464 itaque
1577 2422 1693 2455 instru-

220 2481 358 2513 mentum
375 2478 493 2509 docens
508 2483 555 2510 est
569 2479 799 2521 essentiamque
813 2478 1005 2516 discernens,
1019 2484 1182 2521 ut„pecten
1198 2483 1231 2510 et
1246 2477 1350 2508 radius
1362 2477 1430 2518 ipse
1445 2476 1528 2508 telae.
1562 2476 1690 2511 Hsmn.

220 2530 271 2562 Sic
284 2535 333 2562 est
346 2530 527 2564 dicendum.
571 2532 627 2565 So.
650 2533 775 2564 Radius
790 2543 881 2575 porto
896 2532 1060 2565 textor-lum
1076 2537 1125 2564 est
1139 2533 1390 2564 instrumentum.
1435 2530 1561 2563 Hum.
1584 2530 1692 2569 Quid-

221 2585 279 2617 ni?
324 2585 382 2618 So.
403 2586 519 2618 Textor
542 2587 649 2630 itaque
672 2588 760 2619 radio
784 2598 822 2620 ae
847 2587 971 2629 pectine
985 2592 1070 2619 recte
1095 2592 1209 2619 utetur.
1232 2590 1328 2623 recte,
1354 2586 1495 2628 inquam,
1511 2584 1688 2620 secundum

221 2639 350 2672 texendi
374 2642 538 2673 rationem.
582 2641 644 2674 Ille
658 2652 732 2674 vero
756 2643 810 2685 qui
836 2643 941 2680 docet,
957 2642 1084 2673 nomine
1107 2646 1232 2681 utetur3
1255 2645 1288 2672 et
1312 2647 1407 2672 recte.
1431 2644 1515 2671 recte
1538 2637 1689 2672 videlieet

221 2695 395 2727 secundum
409 2695 548 2727 docendi
563 2695 717 2738 propriam
741 2695 906 2729 rationem.
952 2696 1076 2728 Herm.
1101 2695 1206 2728 Certe.
1248 2694 1307 2726 So.
1332 2692 1433 2735 Cujus
1448 2691 1576 2725 artificis
1591 2701 1689 2734 opere

221 2749 303 2780 bene
330 2753 434 2780 utetur
448 2754 560 2789 textor,
573 2750 702 2792 quando
717 2749 805 2781 radio
820 2749 1010 2792 pectineque
1025 2750 1153 2781 utetur?
1199 2748 1322 2781 Henna.
1345 2746 1438 2779 Fabri
1453 2745 1588 2788 lignarii.
1630 2745 1687 2780 80.

222 2802 407 2845 Quisquene
421 2802 569 2845 lignarius
583 2803 681 2846 faber,
696 2814 736 2835 an
752 2804 859 2846 potius
873 2804 926 2847 qui
941 2810 1038 2836 artem
1061 2804 1176 2835 habet?
1222 2802 1346 2834 Herm.
1370 2800 1436 2839 Qui
1458 2799 1557 2834 trahet
1578 2804 1690 2834 anem.

223 2857 279 2890 So.
305 2857 405 2900 Cujus
419 2857 491 2889 item
508 2867 602 2900 opere
625 2863 709 2890 recte
729 2858 902 2901 perforatur
922 2859 1052 2891 utetur?
1099 2858 1221 2895 Herm.
1245 2855 1360 2889 AErarii
1384 2854 1472 2887 fubri.
1517 2853 1575 2887 So·
1598 2852 1687 2886 Num

221 2912 354 2956 quisque
368 2917 416 2944 est
431 2911 516 2944 faber
531 2912 680 2944 serarius?
703 2923 741 2944 an
761 2914 865 2955 potius
885 2913 940 2956 qui
967 2913 1064 2946 habet
1077 2912 1199 2944 artem?
1247 2911 1370 2943 Hau.
1395 2908 1461 2946 Qui
1474 2912 1584 2940 utem·
1629 2906 1688 2941 So·

219 2968 290 3010 Age
302 2978 389 3011 ergo,
411 2966 475 3010 dic,
501 2966 592 3009 cujus
618 2976 712 3010 opere
738 2967 806 3009 ipse
830 2969 941 3001 doctor
957 2972 1072 3006 utatur,
1096 2967 1241 3009 quotiens
1253 2964 1387 2998 'nornine
1413 2962 1519 2996 utitur.
1564 2960 1691 2997 Ηεωίι
