1846 3268
244 245 321 279 222
845 242 1109 282 PLATONJS
1616 245 1708 299 [511

242 349 412 391 juventute
436 350 566 390 cogitet.
582 346 643 390 qun
673 348 864 389 potissimum
889 350 1011 381 ratione
1035 359 1176 390 magnam
1204 361 1383 392 comparare
1411 351 1581 392 polentiam
1597 352 1714 388 valent,

245 404 326 434 adeo
343 411 377 433 ut
388 403 492 434 nullus
510 402 651 444 injuriam
669 402 727 433 sibi
743 409 840 443 queat
856 403 967 434 inferre
981 416 988 434 z
1013 404 1080 435 lin-c
1096 405 1178 445 ipsa,
1201 409 1236 435 ut
1251 405 1383 441 videtur,
1408 404 1454 435 illi
1469 405 1518 436 via
1532 410 1592 442 est,
1604 405 1708 436 statim

243 458 284 487 ab
308 457 521 488 adolescentia
546 468 578 487 se
605 457 706 498 ipsum
731 457 938 494 assuefacere,
954 463 989 488 ut
1010 457 1120 489 iisdem
1145 459 1280 500 gaudeat
1306 463 1400 500 atque
1414 459 1533 495 doleat,
1548 459 1662 500 quibus
1677 464 1711 490 et

243 511 412 541 dominus:
437 516 532 552 atque
556 511 598 540 ita
627 520 659 541 se
689 520 879 551 comparare,
904 515 939 541 ut
965 511 1011 542 illi
1037 511 1078 542 sit
1102 522 1194 553 quam
1221 512 1352 549 maxime
1373 512 1490 544 similis.
1514 522 1621 544 nonne
1641 512 1709 543 ita?

244 566 332 596 Cat„
357 565 417 595 Ita.
460 565 517 595 So.
542 564 605 595 Hic
621 574 706 604 erge,
724 569 759 595 ut
773 574 910 605 praesens
922 575 1022 596 sermo
1039 565 1206 606 significat,
1222 572 1415 608 assequetur,
1431 571 1467 597 ut
1481 566 1593 608 injuria
1606 565 1710 598 inferri

243 619 302 648 sibi
329 629 391 648 non
418 618 516 660 possit
541 627 747 658 magnamque
773 617 887 648 habeat
910 618 943 648 in
971 618 1099 650 civitate
1125 620 1312 661 potentiam.
1357 621 1444 652 Cn.
1467 620 1607 652 Prorsus.
1651 621 1708 653 So.

243 672 398 714 Nunquid
415 672 508 703 etiam
525 678 716 713 assequetur,
732 677 768 703 ut
792 671 939 713 injuriam
966 673 1077 704 inferat
1101 673 1216 705 nemini
1231 675 1242 705 ἓ
1265 685 1304 705 an
1321 675 1426 716 potius
1443 675 1575 706 multum
1599 675 1711 706 abest?

245 726 398 767 siquidem
414 726 532 768 injusto
548 726 679 768 principi
707 726 815 757 similis
835 725 894 757 erit
916 737 1101 769 magnaeque
1127 728 1320 760 auctoritatis
1348 730 1434 769 apud
1461 738 1544 761 eum.
1590 728 1708 760 Verum

246 785 338 821 puto,
353 779 508 821 ejusmodi
524 780 596 810 vitae
613 786 727 810 statum
744 780 817 812 huic
831 781 868 811 ad
885 781 916 811 id
934 781 1290 813 accommodatissimum
1306 793 1385 818 esse,
1407 787 1443 813 ut
1467 792 1560 824 quarn
1575 782 1708 814 maxime

245 834 347 865 facere
375 833 504 875 injurias
531 835 630 875 possit
655 844 826 876 poenasque
848 834 1028 876 injuriarum
1056 835 1182 876 penitus
1207 836 1358 867 devitare.
1379 847 1485 867 nonne
1511 836 1578 868 ita?
1619 836 1707 869 CMn

242 887 401 929 Apparet:
425 887 522 929 [511]
546 889 599 920 So.
625 887 675 919 An
692 898 755 918 non
773 889 822 920 hic
839 889 921 919 malo
937 890 1143 930 occupabitur
1153 890 1300 930 maximo,
1312 901 1382 921 cum
1398 890 1571 932 flagitiosus
1587 890 1627 921 sit
1638 890 1707 921 ani-

243 952 391 983 mumque
409 941 558 972 infectum
576 943 690 972 habeat
711 943 752 973 ob
776 942 981 974 imitationem
1007 943 1126 974 domini
1154 944 1350 986 similemque
1375 944 1573 986 potentiam?
1618 945 1705 977 CAL.

242 995 362 1027 Nescio
377 996 537 1036 quomodo
565 1006 750 1036 sermonem,
766 1007 785 1027 o
810 996 967 1038 Socrates,
993 1002 1111 1028 sursum
1137 999 1344 1040 deorsumque
1360 1003 1472 1031 vertas.
1516 997 1569 1029 An
1594 999 1708 1036 neseis.

243 1060 314 1079 eum
330 1049 384 1091 qui
401 1048 445 1079 sic
461 1049 609 1085 imitatur,
634 1060 724 1090 posse
743 1060 819 1080 -eum
837 1050 891 1090 qui
916 1060 978 1081 non
1002 1050 1153 1091 imitatur,
1176 1051 1334 1091 occidere,
1350 1052 1446 1082 modo
1461 1051 1536 1082 velit
1559 1051 1709 1093 patrimo-

241 1103 359 1145 nioque
373 1103 570 1144 exspoliare?
616 1103 674 1135 So.
698 1103 770 1134 Scio
783 1104 942 1144 equidem,
954 1114 972 1134 ο
989 1103 1070 1134 bone
1087 1104 1244 1140 Callicles,
1257 1105 1316 1135 nisi
1332 1105 1444 1136 surdus
1456 1105 1533 1136 sim:
1555 1116 1626 1137 cum
1643 1115 1707 1136 non

242 1157 343 1188 solum
360 1157 415 1188 abs
431 1162 473 1194 te,
489 1167 593 1188 verum
610 1157 703 1188 etiam
720 1168 738 1188 a
755 1157 834 1188 Polo
850 1168 950 1198 nuper
964 1163 996 1189 et
1009 1168 1027 1188 a
1042 1158 1153 1190 ceteris
1169 1159 1265 1190 ferme
1278 1159 1422 1190 omnibus
1433 1160 1466 1190 in
1480 1158 1608 1191 civitate
1622 1159 1706 1191 idem

241 1210 419 1252 frequenter
432 1211 616 1242 audiverim.
662 1211 708 1242 At
724 1211 791 1253 ipse
815 1223 864 1242 me
880 1213 967 1243 audi.
990 1213 1131 1254 profecto
1149 1212 1329 1250 interficiet,
1343 1214 1437 1244 modo
1451 1212 1546 1245 velit:
1569 1213 1623 1245 sed
1641 1223 1708 1244 ma·

240 1264 288 1295 lus
305 1265 468 1295 honestum
484 1270 578 1306 atque
596 1266 721 1296 bonum.
765 1266 852 1297 CAL.
876 1266 921 1297 At
935 1268 996 1297 boc
1009 1267 1114 1309 ipsum
1129 1268 1260 1309 graviter
1274 1273 1322 1299 est
1332 1269 1506 1299 ferendum.
1549 1268 1606 1300 So.
1627 1267 1705 1299 Non

240 1324 323 1350 certe
340 1319 404 1350 viro
433 1325 565 1350 mentem
592 1321 729 1357 babenti,
761 1326 795 1351 ut
821 1326 853 1352 et
872 1326 943 1352 tuus
967 1331 1066 1352 sermo
1092 1322 1257 1363 significat.
1303 1321 1356 1352 An
1381 1327 1473 1362 putas
1494 1322 1526 1353 in
1548 1322 1609 1353 hoc
1635 1322 1705 1364 ipso

242 1372 373 1404 multum
394 1374 434 1404 ab
449 1374 574 1404 bomine
591 1373 805 1410 laborandum,
829 1379 864 1405 ut
885 1385 978 1415 quam
1000 1375 1174 1406 diutissime
1189 1375 1286 1411 vivat,
1301 1385 1417 1416 easque
1432 1380 1512 1406 artes
1526 1375 1707 1412 meditetur,

241 1438 312 1468 quae
328 1437 386 1460 nos
401 1437 520 1458 servare
543 1438 664 1468 semper
680 1437 698 1457 a
714 1428 859 1468 periculis
875 1428 1018 1469 possint?
1041 1428 1142 1468 qualis
1164 1429 1316 1460 rhetorica
1339 1433 1399 1464 est.
1414 1429 1453 1459 ad
1475 1438 1568 1470 quam
1597 1434 1630 1459 tu
1654 1439 1705 1460 me

239 1482 464 1522 capessendam
489 1481 673 1520 exhortaris,
695 1481 727 1511 in
748 1481 879 1523 judiciis
903 1492 960 1513 nos
985 1492 1069 1523 saepe
1096 1487 1280 1513 servantem.
1327 1482 1412 1515 CAL.
1436 1482 1497 1514 Per
1518 1483 1632 1515 Jovem
1648 1483 1706 1514 tibi

240 1541 324 1567 recte
350 1535 490 1567 consulo.
534 1535 590 1566 So.
614 1534 701 1571 Quid
726 1545 810 1570 vero,
828 1535 873 1565 vir
895 1535 1036 1576 optime?
1060 1536 1156 1566 nandi
1179 1536 1291 1577 peritia
1315 1536 1463 1578 praeclara
1488 1536 1546 1568 tibi
1563 1536 1707 1568 videtur?

239 1589 326 1621 cn.
350 1588 425 1620 Non
452 1599 507 1629 per
530 1587 654 1621 Jovem.
701 1589 756 1620 So.
778 1588 928 1620 Attamen
954 1594 1055 1620 servat
1077 1590 1145 1621 brec
1167 1590 1309 1622 homines
1334 1591 1374 1622 ab
1394 1591 1534 1632 interitu,
1557 1591 1704 1631 quotiens

238 1643 315 1674 illuc
330 1643 509 1679 inciderint,
526 1643 577 1674 ubi
593 1642 748 1684 ejusmodi
772 1643 811 1674 sit
839 1654 919 1685 opus
945 1643 1088 1675 scientia.
1134 1644 1231 1681 Quod
1247 1645 1272 1675 si
1287 1645 1356 1676 haec
1370 1645 1426 1676 tibi
1441 1645 1566 1677 videtur
1578 1645 1709 1688 exigua,

238 1708 298 1739 ego
314 1696 464 1738 majorem
492 1698 550 1728 hac
573 1697 741 1734 adducam,
758 1698 1007 1738 gubernatoriam
1031 1697 1168 1735 scilicet,
1178 1708 1250 1739 quae
1270 1709 1334 1729 uon
1358 1698 1458 1730 solum
1473 1699 1584 1739 vitam,
1599 1702 1704 1731 verum

239 1752 333 1782 etiam
349 1761 480 1793 corpora
493 1756 526 1782 et
549 1751 699 1793 pecunias
726 1752 765 1782 ab
792 1752 936 1782 extremis
952 1757 1053 1783 servat
1067 1752 1226 1794 periculis,
1242 1763 1306 1783 non
1322 1763 1411 1784 secus
1427 1763 1521 1795 quam
1543 1753 1708 1786 rhetorici.

240 1805 349 1848 Atque
361 1807 432 1837 *baec
453 1811 556 1836 tanwn
574 1804 698 1836 buruilis
721 1811 768 1836 est
793 1811 887 1846 atque
912 1806 1067 1846 modesta,
1083 1817 1146 1837 non
1169 1806 1366 1848 jactabunda
1390 1817 1492 1849 neque
1517 1807 1705 1850 ampullosa,

238 1860 329 1902 quasi
355 1859 494 1890 mirabile
520 1859 638 1901 aliquid
660 1865 839 1891 consecuta.
863 1860 917 1890 sed
942 1870 1013 1891 cum
1040 1860 1150 1891 eadem
1175 1860 1290 1891 efficiat
1315 1871 1387 1902 quae
1416 1861 1582 1899 rhetorica,
1611 1863 1638 1893 si
1663 1863 1704 1895 ab

237 1913 356 1955 AEgina
373 1914 534 1955 bucusque
557 1924 614 1943 nos
631 1919 742 1949 servet,
757 1914 837 1943 duos
851 1914 1005 1944 duntaxat
1019 1914 1115 1956 exigit
1134 1924 1289 1946 nummos.
1312 1914 1336 1945 si
1353 1925 1425 1946 vero
1439 1926 1478 1947 ex
1495 1915 1640 1958 AEgypto
1654 1916 1706 1948 vel

238 1967 342 1998 Ponto
355 1967 438 1998 salva
454 1967 610 1998 reduxerit
624 1977 694 2008 quae
719 1967 811 1997 modo
835 1967 992 2004 dicebam,
1007 1978 1064 1998 nos
1088 1973 1120 1999 et
1135 1967 1217 1999 filios
1232 1979 1406 2010 uxoresque
1427 1973 1460 2000 et
1473 1969 1612 2007 divitias,
1626 1970 1705 2001 duas

237 2021 399 2052 drachmas
415 2021 603 2062 expostulat.
648 2020 754 2062 Atque
770 2021 837 2062 ipse
854 2022 910 2052 bac
924 2026 988 2052 arte
1006 2022 1169 2062 praeditus‚
1185 2021 1279 2063 quive
1293 2023 1361 2054 haec
1376 2023 1555 2065 perfecerit,
1569 2023 1700 2055 descen·

235 2076 314 2106 dens
328 2074 361 2105 in
389 2075 540 2116 litoreque
565 2085 654 2106 secus
677 2085 759 2106 mare
785 2085 960 2117 navemque
975 2076 1190 2112 deambulans,
1204 2086 1402 2118 nequaquam
1426 2087 1460 2108 se
1484 2077 1575 2108 effert
1598 2087 1704 2120 neque

236 2129 372 2160 inflatur.
394 2128 616 2160 animadvertit
631 2128 727 2168 euim,
745 2134 779 2159 ut
794 2128 934 2165 arbitror,
950 2129 1101 2160 incertum
1117 2140 1185 2160 esse
1201 2134 1303 2160 utrum
1320 2130 1438 2172 profuit
1451 2130 1500 2162 vel
1517 2123 1620 2163 obtuit
1640 2131 1704 2164 illis

236 2195 315 2225 quos
327 2184 472 2222 servavit,
489 2193 527 2213 ne
543 2183 689 2214 fluctibus
703 2187 913 2223 mergerentur
928 2193 935 2215 ε
958 2182 1150 2224 intelligens,
1164 2194 1197 2214 se
1213 2183 1311 2214 nihilo
1326 2185 1374 2215 vel
1389 2194 1518 2226 corpore
1531 2185 1580 2216 vel
1595 2185 1702 2217 auimo

235 2237 381 2269 meliores
393 2237 553 2268 reduxisse.
569 2237 650 2273 illos,
673 2236 770 2278 [512]
794 2247 887 2277 quam
904 2236 1063 2278 acciperet
1077 2238 1116 2268 ab
1131 2237 1222 2268 initio
1238 2248 1350 2268 navem
1371 2238 1592 2279 ingredientes.
1638 2238 1703 2271 00⁴·

235 2291 314 2332 gitat
337 2301 422 2332 ergo,
438 2292 462 2322 si
488 2291 705 2333 quisssmagnis
729 2291 1018 2332 insanabilibusque
1044 2291 1157 2321 morbis
1184 2291 1322 2332 corporis
1347 2302 1469 2333 pressus
1493 2291 1526 2323 in
1543 2292 1617 2324 mari
1633 2302 1699 2324 non

236 2349 356 2387 pereat,
373 2346 459 2375 bunc
476 2345 547 2375 ideo
565 2345 709 2375 miserum
726 2355 806 2382 esse,
823 2345 897 2386 quia
912 2354 974 2376 non
992 2345 1095 2386 periit,
1107 2355 1166 2376 nec
1182 2345 1277 2376 ullam
1300 2346 1339 2376 ab
1354 2346 1422 2387 ipso
1433 2346 1607 2388 suscepisse
1620 2346 1706 2378 utili·

238 2401 345 2431 ratem.
369 2398 393 2428 si
410 2399 480 2440 quis
504 2404 607 2429 autem
632 2398 663 2429 in
688 2399 804 2435 animo,
821 2399 875 2440 qui
898 2409 1027 2441 corpore
1051 2399 1213 2440 pretiosior
1235 2404 1294 2435 est,
1312 2400 1426 2430 multos
1447 2400 1699 2442 insanabilesque

234 2453 330 2484 habet
347 2454 487 2484 morbos:
513 2453 656 2494 nunquid
673 2453 746 2484 huic
762 2453 930 2484 vivendum
953 2453 1023 2484 est?
1047 2453 1140 2494 eique
1157 2452 1323 2484 utilitatem
1340 2454 1474 2494 afferret,
1490 2454 1554 2486 sive
1569 2464 1607 2485 ex
1624 2454 1701 2486 mari

233 2507 298 2538 sive
310 2506 480 2548 exjudicio
497 2506 562 2538 sive
578 2507 705 2538 aliunde
733 2507 802 2548 quis
818 2507 919 2548 ipsum
936 2507 1059 2550 servet?
1105 2507 1167 2538 Sed
1196 2508 1335 2548 profecto
1355 2508 1455 2546 novit,
1470 2507 1626 2550 flagitioso
1641 2507 1701 2540 ho'·

229 2559 305 2591 mini
328 2565 362 2591 ut
373 2560 460 2591 vivat
479 2571 542 2592 non
567 2561 729 2603 expedire.
754 2572 879 2593 necesse
905 2566 952 2592 est
969 2561 1051 2592 enirn
1077 2565 1112 2591 ut
1138 2561 1216 2592 nrale
1232 2561 1327 2593 vivat.
1373 2561 1584 2599 Quamobrem
1609 2561 1697 2594 nulla

229 2619 330 2646 exstat
345 2615 406 2651 lex,
424 2625 478 2656 per
492 2625 583 2656 quam
601 2616 798 2656 gubernator,
811 2615 951 2657 quamvis
966 2625 1029 2646 non
1046 2619 1159 2654 servet,
1170 2615 1293 2656 gloriari
1309 2615 1407 2657 possit
1419 2621 1514 2658 atque
1527 2615 1560 2647 in
1577 2616 1696 2648 bonore

228 2667 345 2700 haberi.
366 2678 482 2710 neque,
498 2678 518 2698 o
533 2669 580 2700 vir
595 2668 738 2709 mirifice,
754 2669 820 2710 ipse
841 2669 1051 2701 machinarum
1076 2669 1175 2711 faber,
1192 2669 1246 2711 qui
1273 2671 1390 2701 nedum
1406 2670 1624 2712 gubernatore,
1639 2669 1695 2704 sed

226 2721 320 2752 etiam
347 2722 499 2753 exercitus
523 2722 604 2753 duce
620 2723 667 2753 vel
693 2723 804 2765 quovis
821 2723 882 2754 alio
905 2733 968 2754 non
995 2723 1096 2754 minus
1118 2722 1273 2754 interdum
1295 2733 1415 2755 servare
1442 2726 1558 2765 potest,
1574 2723 1695 2766 quippe

226 2785 297 2806 curn
323 2775 501 2807 civitatibus
529 2776 685 2806 interdum
713 2777 787 2807 totis
810 2777 941 2808 salutem
967 2781 1106 2818 praestet‚
1132 2777 1252 2809 adeone
1278 2777 1470 2809 causidicum
1495 2776 1570 2808 huic
1594 2777 1710 2819 possis.

227 2829 439 2871 aequiparare?
484 2829 594 2871 Atqui,
609 2829 633 2859 si
650 2830 745 2861 vellet
759 2830 823 2867 bic,
835 2841 854 2860 o
870 2830 1033 2868 Callicles,
1048 2830 1312 2871 quemadmodum
1329 2841 1384 2862 vos
1399 2829 1514 2868 facitis.
1527 2839 1591 2862 rem
1603 2829 1693 2862 auara·

226 2883 385 2921 extollere,
402 2883 543 2915 nimirum
559 2893 613 2914 vos
630 2883 730 2915 verbis
746 2885 901 2922 obrueret,
916 2885 1081 2916 exhortans
1097 2894 1206 2916 omnes
1230 2889 1265 2915 ut
1288 2884 1368 2916 fabri
1391 2883 1603 2916 machinarum
1626 2882 1693 2915 effi·

226 2937 367 2971 ciantur:
392 2937 480 2980 quasi
505 2937 619 2969 nullius
646 2939 795 2975 momenti
822 2939 883 2969 sint
908 2943 1022 2971 cetera.
1047 2949 1108 2970 non
1127 2939 1209 2970 enim
1227 2938 1285 2970 sibi
1302 2938 1426 2970 deesset
1441 2936 1581 2970 materia.
1630 2936 1697 2969 Ve-
