1832 3256
606 509 1264 560 PROTAGORAS.

190 727 470 764 FAMILIARIS,
505 725 744 764 SOCRATES,
775 724 1101 767 HIPPOCRATES,
1135 724 1452 764 PROTAGORAS,
1483 726 1652 760 ALCIBI—

395 814 526 856 ADES,
549 813 749 852 CALLIAS,
774 812 965 852 CRITIAS,
989 812 1232 852 PRODICUS,
1255 812 1448 846 HIPPIAS.

188 950 284 995 [309]
310 949 505 988 Unnmuu,
528 957 547 978 o
572 947 740 978 Socrates?
764 956 805 978 an
829 945 979 978 videlicet
997 957 1015 977 a
1042 946 1208 978 venatione
1234 945 1288 976 illa
1301 945 1400 983 venis,
1425 947 1464 977 ad
1489 958 1582 989 quam
1597 949 1654 981 ho.

191 1010 281 1037 nesta
297 1002 468 1036 Alcibiadis
482 1001 606 1032 indoles
621 1011 790 1043 provocare
805 1005 837 1032 te
862 1000 967 1031 solet?
1017 999 1093 1032 Vidi
1114 1011 1186 1031 eum
1212 1010 1313 1041 nuper
1329 1011 1337 1030 :
1362 999 1456 1031 etiam
1473 1001 1517 1032 vir
1530 1002 1653 1044 ingeni·

191 1064 253 1090 tam
268 1057 404 1100 speciem
419 1065 482 1098 prae
497 1065 531 1087 se
545 1055 623 1086 ferre
638 1054 772 1087 videtur.
816 1054 916 1086 virum
932 1054 1073 1096 inquam,
1099 1058 1177 1096 puta
1198 1053 1250 1085 cui
1273 1064 1328 1095 per
1349 1065 1445 1096 genas
1461 1055 1592 1096 plurima
1608 1057 1655 1088 la-

191 1123 276 1155 nugo
286 1111 354 1154 jam
368 1110 474 1151 serpit.
520 1109 576 1140 So.
600 1108 698 1140 Esto:
723 1108 800 1150 quid
824 1109 914 1139 tum?
938 1119 978 1139 an
994 1118 1059 1138 non
1075 1108 1187 1149 probas
1201 1107 1386 1145 Homerum,
1411 1109 1654 1151 qui-gratissima

190 1173 249 1204 est,
263 1166 376 1208 inquit,
391 1164 498 1206 primae
513 1163 669 1204 lanuginis
693 1163 791 1193 aetas?
815 1173 884 1194 eam
899 1173 972 1194 vero
996 1172 1080 1193 nunc
1105 1161 1289 1193 Alcibiades
1316 1163 1389 1204 agit.
1435 1164 1526 1196 ΕΔΜ.
1551 1165 1652 1197 Immo

190 1231 274 1252 vero.
319 1219 363 1250 At
378 1218 410 1249 in
426 1216 590 1259 pra-sentia
606 1215 713 1247 unde?
736 1217 890 1256 numquid
912 1216 951 1246 ab
967 1216 1046 1246 illo?
1069 1220 1101 1246 et
1113 1217 1274 1257 quomodo
1289 1226 1361 1257 erga
1377 1221 1408 1248 te
1423 1227 1507 1249 nunc
1523 1219 1654 1251 affectus

188 1279 236 1306 est
249 1271 453 1305 adolescens?
483 1261 554 1302 ⁴So.
578 1269 668 1300 Bene
683 1269 824 1310 quidem,
847 1269 942 1300 hodie
966 1270 1148 1310 praesertim,
1175 1269 1251 1300 mihi
1275 1270 1360 1300 visus
1385 1275 1443 1301 est.
1487 1282 1558 1302 nam
1576 1273 1651 1304 mihi

188 1338 273 1370 saepe
288 1326 381 1358 hodie
396 1325 428 1356 in
452 1324 588 1355 dicendo
611 1323 782 1354 succurrit:
807 1327 840 1354 et
865 1323 905 1353 ab
923 1322 980 1354 illo
1003 1333 1087 1354 nunc
1104 1322 1208 1354 venio.
1253 1322 1304 1354 Ac
1331 1323 1471 1355 mirabile
1487 1326 1544 1356 tibi
1561 1327 1653 1368 quid-

188 1382 263 1414 dam
275 1381 403 1412 reseram
418 1391 425 1410 ι
450 1382 632 1420 praesentem
648 1377 736 1408 illurn
752 1376 877 1408 minime
892 1376 1050 1418 intuebar,
1066 1381 1099 1408 et
1113 1375 1176 1407 alio
1202 1377 1369 1408 intendens
1386 1379 1424 1408 ad
1440 1389 1510 1409 eum
1527 1380 1577 1411 vix
1596 1382 1651 1412 ad-

185 1436 354 1467 vertebam.
398 1433 490 1464 Fnr.
514 1431 674 1469 Quidnam
688 1430 767 1462 tanti
783 1430 856 1469 fuit,
872 1435 908 1462 ut
920 1435 951 1462 te
966 1431 1007 1462 ab
1021 1430 1075 1462 illo
1092 1430 1282 1462 diverteret?
1306 1441 1408 1473 neque
1426 1433 1508 1464 enim
1537 1434 1651 1467 formo.

187 1488 250 1521 s'ior
271 1480 353 1520 ullus
371 1499 389 1519 e
413 1486 525 1518 nostris
547 1485 667 1517 civibus
682 1485 792 1516 adesse
809 1489 943 1527 poterat.
989 1485 1044 1517 So.
1067 1485 1169 1516 Immo
1193 1485 1301 1516 aderat
1325 1485 1453 1526 quidam
1479 1488 1649 1521 admodum

187 1543 352 1587 pulchrior.
397 1541 489 1573 Fam.
526 1539 612 1578 Quid
637 1539 704 1570 ais?
738 1539 882 1571 civisne?
916 1547 957 1570 an
985 1540 1190 1582 peregrinus?
1236 1539 1293 1571 So.
1317 1539 1516 1582 Peregrinus.
1559 1543 1651 1576 Fir«.

186 1597 295 1639 Cujas.
340 1591 397 1628 So.
420 1594 598 1627 Abderites,
641 1592 732 1625 Fau.
756 1593 920 1636 Numquid
947 1594 1028 1625 adeo
1053 1593 1170 1636 insigni
1195 1594 1293 1625 forma
1317 1594 1467 1636 praeditus
1492 1595 1549 1627 tibi
1569 1599 1652 1629 visus

186 1655 235 1683 est
249 1650 429 1693 peregrinus
445 1649 510 1685 ille,
534 1653 571 1679 ut
587 1648 700 1681 Cliniae
716 1648 781 1678 filio
797 1659 867 1679 eum
885 1653 1031 1689 praestare
1046 1648 1230 1689 putaveris?
1275 1648 1330 1680 So.
1353 1648 1440 1685 Quid
1457 1650 1614 1690 prohibet,
1631 1664 1650 1684 0

187 1706 292 1746 beate,
306 1714 369 1747 qno
384 1704 487 1734 minus
503 1703 588 1744 quod
603 1701 776 1743 sapientius
791 1707 850 1739 est,
866 1703 906 1733 sit
920 1707 952 1733 et
967 1702 1126 1744 pulchrius
1139 1702 1150 1733 ?
1196 1702 1286 1733 ΕΔΜ.
1309 1701 1360 1732 An
1376 1702 1455 1734 sorte
1470 1713 1488 1734 a
1503 1705 1652 1746 sapientis

186 1759 351 1801 cujusdam
372 1756 531 1798 colloquio
546 1755 655 1787 venis?
700 1755 757 1787 SO.
779 1756 1010 1797 Sapientissirni
1025 1757 1168 1798 profecto
1190 1755 1327 1787 omnium
1353 1761 1467 1787 nostras
1481 1758 1582 1790 aetatis
1596 1760 1652 1791 ho.

187 1813 318 1852 minum,
345 1812 371 1843 si
399 1811 494 1842 inodo
523 1810 772 1852 sapientissimus
802 1810 860 1841 tibi
882 1810 1013 1842 aliorum
1041 1810 1180 1843 omnium
1206 1810 1391 1852 Protagoras
1420 1821 1488 1842 esse
1518 1812 1653 1847 videtur.

186 1867 279 1899 Fau.
301 1866 351 1898 En
365 1865 442 1907 quid
458 1864 524 1895 ais?
547 1864 700 1906 numquid
717 1865 779 1895 huc
794 1864 928 1896 accessit
942 1864 1152 1906 Protagoras?
1196 1864 1252 1896 So.
1276 1863 1521 1898 Nudiustertius.
1559 1866 1651 1899 ΕΔΜ.

188 1919 242 1952 An
255 1920 350 1951 modo
365 1930 435 1952 cum
451 1918 505 1950 ἰΙΙο
528 1917 636 1949 fuisti.
629 1918 640 1940 ²
676 1917 773 1960 [310]
809 1918 865 1949 So.
888 1918 1014 1949 Modo:
1039 1923 1072 1949 et
1086 1918 1186 1949 multa
1201 1918 1323 1949 locutus
1338 1928 1417 1956 sum,
1433 1919 1540 1950 audivi
1555 1921 1649 1952 etiam

185 1974 294 2006 multa.
339 1972 430 2005 Fau.
453 1956 517 2004 Cur
537 1982 602 2003 non
628 1971 683 2003 illa
706 1972 797 2003 nobis
819 1972 936 2003 refers?
980 1972 1052 2003 Nisi
1076 1972 1154 2014 quid
1179 1972 1336 2014 prohibet,
1360 1973 1468 2004 sedere
1488 1974 1539 2005 hic
1565 1974 1650 2008 licet.

185 2029 241 2060 tibi
256 2028 383 2071 quidem
395 2037 472 2069 puer
485 2026 545 2058 iste
560 2026 662 2057 cedet.
707 2025 764 2057 So.
787 2025 933 2057 Referam
948 2026 1107 2069 equidem,
1122 2028 1155 2058 et
1170 2026 1301 2068 gratiam
1312 2026 1450 2068 insuper,
1467 2027 1493 2058 si
1505 2028 1650 2066 audietis,

185 2082 320 2114 habebo.
366 2081 456 2112 Em.
477 2080 546 2111 Nos
561 2079 638 2122 quin
653 2079 748 2111 etiam
764 2080 903 2121 geminas
918 2081 977 2112 tibi
991 2091 1130 2122 agemus,
1146 2081 1172 2112 si
1186 2080 1311 2121 dixeris,
1324 2080 1457 2121 [gratias.
1503 2081 1558 2114 So.
1581 2081 1651 2114 Au-

185 2137 252 2168 dite
267 2136 372 2178 igitur.
414 2134 571 2176 Superiori
584 2138 678 2165 nocte
694 2138 767 2164 ante
783 2133 862 2165 lucis
876 2139 1016 2166 exortum
1033 2134 1244 2176 Hippocrates
1258 2133 1448 2176 Apollodori
1462 2134 1544 2166 filius
1559 2135 1652 2168 frater

185 2189 339 2223 Phasonis
363 2189 477 2220 ostium
499 2198 602 2219 meum
626 2188 739 2219 baculo
753 2185 953 2219 vehementer
968 2188 1125 2230 pulsavit:
1150 2193 1182 2219 et
1197 2198 1267 2220 cunr
1283 2187 1396 2219 ostium
1412 2188 1525 2230 aliquis
1539 2199 1651 2232 aperu-

184 2244 272 2283 isset,
287 2247 415 2285 repente
429 2242 584 2283 ingressus
595 2246 654 2282 est,
668 2241 842 2279 clamitans,
859 2241 999 2280 Dormis,
1016 2253 1035 2272 o
1050 2242 1193 2273 Socrates
1217 2242 1333 2281 adhuc,
1348 2251 1389 2272 an
1404 2241 1535 2282 vigilas?
1580 2243 1649 2286 Ego

185 2303 290 2330 autern
305 2296 432 2338 cognita
447 2295 516 2337 ejus
530 2306 620 2336 voce,
645 2295 854 2336 Hippocrates
868 2295 920 2327 hic
944 2301 1003 2332 est,
1024 2295 1164 2336 inquam.
1207 2305 1228 2326 o
1249 2294 1470 2336 Hippocrates,
1496 2298 1648 2339 numquid

186 2351 285 2384 novi?
329 2350 431 2387 Nihil,
459 2349 575 2391 inquit,
603 2349 662 2380 nisi
687 2354 807 2390 gratum
831 2349 1029 2380 nuntiaturus
1055 2348 1202 2380 advenio.
1247 2348 1390 2390 Optime,
1410 2348 1550 2390 inquam.
1594 2352 1649 2383 sed

186 2406 261 2448 quid
277 2405 361 2436 istud
378 2405 390 2435 ?
413 2414 484 2445 quae
499 2409 530 2434 te
546 2404 607 2434 huc
627 2413 722 2434 causa
747 2403 895 2445 appulit?
940 2403 1126 2445 Protagoras
1141 2403 1240 2440 venit,
1263 2407 1296 2434 et
1317 2413 1416 2444 prope
1438 2413 1487 2434 me
1513 2395 1650 2436 divertit.

186 2459 267 2490 Tum
282 2469 356 2499 ego,
370 2457 430 2488 Ille
440 2457 631 2499 jampridem
647 2456 757 2489 venit:
782 2462 816 2488 tu
831 2468 903 2488 vero
920 2457 1014 2488 modo
1029 2457 1167 2488 audisti?
1212 2457 1343 2498 Vesperi
1359 2467 1414 2498 per
1433 2457 1522 2494 deos,
1546 2458 1650 2500 inquit

185 2512 238 2543 ille
251 2524 258 2542 ε
283 2511 513 2552 scabellumque
527 2515 724 2542 contrectans
740 2511 781 2542 ad
804 2512 902 2553 pedes
916 2521 1000 2542 meos
1014 2511 1155 2542 subsedit
1169 2522 1177 2542 ε
1200 2510 1393 2552 adjecitque,
1408 2510 1564 2542 Hesterno
1581 2522 1651 2543 ves-

186 2565 254 2608 peri
278 2574 346 2596 sero
375 2564 542 2595 admodum
558 2575 596 2595 ex
615 2564 717 2596 OEnoe
732 2575 892 2605 reversus3
915 2576 994 2607 puer
1015 2565 1098 2596 enim
1123 2576 1172 2597 me
1195 2565 1325 2608 Satyrus
1348 2564 1490 2606 fugerat:
1515 2574 1650 2606 cumque

187 2617 332 2662 persequi
347 2628 395 2649 me
418 2617 504 2648 illum
527 2617 702 2659 significare
724 2618 781 2650 tibi
796 2620 920 2656 vellem,
941 2619 1004 2650 alio
1025 2619 1161 2661 quodam
1183 2617 1413 2650 interveniente
1432 2617 1548 2649 oblitus
1568 2629 1649 2651 sum.

186 2673 233 2704 At
247 2682 318 2705 curn
334 2671 498 2708 venissem,
519 2671 696 2714 coenatique
717 2683 866 2715 essemus,
891 2678 924 2704 et
947 2683 1056 2704 somno
1071 2683 1129 2704 nos
1143 2673 1216 2704 dare
1232 2671 1392 2709 vellemus,
1418 2676 1493 2703 tunc
1515 2672 1648 2712 primum

187 2726 312 2758 nuntiat
325 2725 418 2756 frater
431 2725 553 2756 venisse
565 2725 776 2767 Protagoram.
821 2727 913 2758 Illico
929 2727 967 2758 ad
985 2733 1016 2758 te
1039 2737 1204 2768 properare
1230 2727 1360 2765 tentavi,
1382 2726 1436 2757 sed
1462 2725 1649 2766 intempesta

186 2790 248 2811 nox
264 2779 411 2811 detinuit.
436 2777 439 2779 ’
455 2779 572 2810 Somno
588 2783 693 2810 autem
709 2785 918 2821 experrectus,
932 2780 1099 2823 laboreque
1114 2781 1247 2818 levatus,
1261 2790 1333 2811 mox
1353 2780 1392 2810 ad
1409 2784 1439 2810 te
1454 2779 1516 2810 huc
1530 2779 1646 2810 adven-

187 2833 262 2864 tavi.
305 2832 375 2874 Ego
390 2842 462 2864 vero
486 2833 555 2874 ejus
572 2832 785 2864 fortitudinem
809 2839 1030 2876 stuporemque
1053 2844 1259 2876 cognoscens,
1291 2833 1379 2870 Quid
1402 2834 1462 2864 hoc
1477 2835 1515 2863 ad
1534 2837 1575 2869 te,
1599 2832 1646 2862 in-

186 2886 302 2928 quam?
325 2897 399 2917 num
415 2886 519 2929 aliqua
534 2891 565 2919 te
579 2885 695 2928 injuria
720 2885 905 2930 Protagoras
927 2888 1045 2920 afficit?
1089 2889 1170 2921 Tum
1186 2888 1239 2921 ille
1252 2887 1428 2925 subridens,
1444 2886 1504 2918 Per
1518 2886 1606 2923 deos,
1627 2895 1646 2916 o

274 2940 364 2972 Piat.
382 2941 434 2972 Tr.
957 2941 987 2975 1.
1491 2937 1515 2968 F
