1846 3268
660 547 1304 601 PARMENIDES.

239 738 508 788 vCEPHALUS,
538 746 827 786 ADIMANTUS,
861 743 1114 784 ANTIPHON,
1137 743 1336 783 GLAUCO,
1362 741 1695 780 PYTHODORUS,

431 833 676 877 sommus,
698 833 829 877 ZENO,
851 831 1169 874 PARMENIDES,
1193 829 1509 864 ARISTOTELES.

237 1006 337 1049 [120]
359 1003 443 1038 Criu
466 1005 590 1036 domne
606 1001 806 1035 Clazomenis
821 1000 964 1032 Athenas
981 998 1117 1041 profecti
1137 1010 1288 1042 essemus,
1307 1000 1400 1042 juxta
1427 1000 1531 1031 sorum
1555 998 1714 1030 Adimam-⁴

236 1067 304 1093 tum
321 1066 353 1093 et
368 1060 564 1092 Glauconem
590 1057 800 1088 offendimus:
826 1060 859 1086 et
882 1065 1008 1085 manum
1031 1064 1133 1085 meam
1159 1055 1357 1096 prehendens
1386 1053 1590 1094 Adimantus,
1612 1051 1718 1091 Salve,

237 1116 354 1158 inquit,
370 1125 389 1146 o
406 1112 560 1155 Ceplrale,
586 1117 618 1143 et
631 1111 655 1142 si
673 1121 735 1152 quo
752 1109 891 1152 indiges,
913 1108 999 1151 quod
1015 1112 1128 1138 nostrae
1144 1107 1304 1140 facultatis
1321 1109 1373 1151 sit,
1385 1108 1477 1150 jube.
1521 1107 1652 1150 At,.ego
1667 1107 1716 1138 in-

239 1180 347 1212 quam,
363 1169 402 1199 ad
415 1167 448 1199 id
465 1166 546 1204 veni,
562 1166 594 1197 in
610 1176 673 1208 quo
687 1170 789 1196 vestra
805 1174 900 1206 opera
914 1162 1077 1204 indigebo,
1122 1161 1271 1204 Expone,
1286 1163 1403 1205 inquit,
1428 1161 1504 1204 quid
1520 1162 1572 1199 sit,
1587 1172 1650 1204 quo
1667 1161 1717 1192 in-

240 1219 342 1265 diges.
384 1221 466 1253 Tum
491 1231 563 1263 ego,
590 1219 688 1251 Fratri
705 1224 805 1251 vestro
832 1228 979 1260 germano
1006 1217 1092 1258 quod
1119 1227 1235 1248 nomen
1261 1218 1354 1249 erat?
1377 1227 1441 1248 non
1468 1217 1552 1249 enim
1577 1216 1717 1249 memini.

241 1281 308 1308 erat
321 1275 405 1307 enim
419 1275 514 1307 ferme
531 1284 620 1316 puer,
645 1273 773 1315 quando
788 1272 852 1304 huc
875 1283 893 1303 e
919 1270 1120 1303 Clazomenis
1136 1270 1255 1302 accessi
1271 1283 1279 1302 :
1304 1271 1432 1313 longum
1448 1282 1522 1302 vero
1543 1271 1721 1303 intercessit

241 1329 391 1372 temporis
406 1328 614 1360 intervallum.
660 1327 748 1358 Patri
772 1331 876 1357 tamen
893 1325 963 1367 ejus
978 1324 1177 1367 Pyrilampes
1194 1335 1309 1356 nomen
1325 1325 1421 1357 fuisse
1438 1324 1578 1358 arbitror..
1623 1325 1717 1357 Pror-

242 1384 307 1422 s'u's,
332 1383 445 1426 inquit.
467 1382 530 1424 ipsi
546 1391 618 1413 vero
641 1391 756 1412 nomen
782 1379 962 1421 Antiphon.
987 1379 1041 1410 sed
1070 1378 1147 1420 quid
1172 1378 1370 1420 potissimum
1399 1379 1535 1421 quaeris?
1580 1378 1650 1421 Isti,
1670 1378 1718 1410 in·

242 1447 352 1480 quam,
376 1437 522 1470 concives
538 1436 598 1468 mei
614 1435 758 1467 ardentes
774 1439 848 1466 sunt
870 1433 1034 1476 sapientias
1057 1437 1223 1474 amatores,
1250 1433 1493 1475 audieruntque,
1519 1433 1603 1465 hunc
1626 1431 1720 1464 Anti-

242 1493 383 1534 phonem
407 1489 465 1522 din*
484 1490 671 1532 Pythodoro
694 1489 827 1521 Zenonis
844 1489 929 1520 socio
947 1487 1141 1519 familiariter
1162 1498 1265 1524 usum,
1291 1487 1441 1525 rationes,
1466 1497 1543 1530 quas
1557 1487 1720 1529 quondam

237 1546 399 1584 Socrates,
421 1545 528 1577 Zenon
547 1549 642 1586 atque
663 1543 866 1575 Parmenides
893 1542 1027 1574 invicem
1053 1546 1297 1584 pertractarunt,
1318 1551 1390 1573 cum
1417 1551 1436 1573 a
1450 1541 1637 1584 Pythodoro
1659 1540 1721 1573 fre-

244 1600 394 1643 quentius
409 1588 594 1640 accepisset,
609 1597 758 1629 memoria
772 1597 915 1629 retinere.
960 1595 1056 1634 Vera,
1072 1595 1190 1637 inquit,
1202 1595 1295 1627 dicis.
1340 1594 1408 1626 Has
1423 1595 1529 1637 itaque
1543 1594 1651 1626 audire
1664 1594 1721 1626 de·

245 1655 429 1686 sideramus.
474 1653 571 1684 Haud
588 1651 716 1683 difficile
732 1650 765 1682 id
781 1655 841 1693 est,
863 1650 979 1692 inquit.
1001 1660 1074 1681 narn
1090 1649 1166 1680 dum
1182 1654 1265 1680 esset
1281 1649 1548 1687 adolescentulus,
1570 1659 1623 1680 eas
1647 1647 1720 1680 dili-

245 1711 355 1751 genter
366 1707 589 1740 meditabatur,
632 1706 730 1737 Nunc
746 1716 818 1737 vero
834 1705 920 1747 apud
937 1715 1042 1742 avum,
1058 1704 1109 1736 cui
1124 1704 1208 1735 idem
1225 1707 1275 1735 est
1289 1714 1419 1740 nomen,
1434 1703 1518 1735 circa
1531 1713 1595 1734 rem
1609 1712 1720 1744 eques-

244 1769 323 1795 trem
350 1767 386 1794 ut
409 1762 580 1804 plurimum*
602 1764 752 1792 versatur.
776 1763 927 1800 ceterum,
955 1758 981 1789 si
1001 1768 1082 1800 opus
1107 1762 1166 1795 est,
1192 1757 1233 1788 ad
1258 1766 1330 1788 eum
1352 1756 1596 1799 proficiscamur.
1619 1766 1722 1798 nuper

246 1817 331 1848 enim
347 1816 423 1848 hinc
438 1816 567 1847 domum
584 1814 671 1846 abiit.
694 1813 815 1845 habitat
840 1817 948 1844 antem
962 1822 1060 1854 prope
1076 1811 1110 1843 in
1125 1811 1251 1842 Melita.
1296 1811 1377 1843 Cum
1395 1812 1463 1843 haee
1478 1811 1564 1843 dicta
1576 1811 1721 1850 fuissent,

246 1869 447 1905 accessimus,
473 1868 571 1910 [127]
595 1867 745 1909 domique
761 1866 936 1897 invenimus
955 1865 1191 1907 Antiphonem,
1215 1864 1339 1896 frenum
1361 1865 1522 1907 quoddam
1548 1864 1723 1907 aptandum

246 1924 336 1955 fabro
352 1924 541 1954 tradentem.
587 1922 760 1964 Postquam
776 1930 848 1952 vero
864 1919 973 1951 abillo
997 1919 1153 1957 discessit,
1174 1923 1207 1950 et
1228 1918 1335 1950 fratres
1359 1918 1459 1950 nostri
1477 1919 1631 1950 adventus
1648 1927 1723 1950 can-

247 1988 314 2009 sam
334 1977 526 2009 retulerunt:
551 1976 681 2018 agnovit
704 1987 752 2008 me
774 1986 811 2007 ex
827 1974 922 2018 priori
936 1974 1013 2006 illuc
1029 1984 1171 2015 accessu,
1197 1977 1230 2005 et
1258 1972 1493 2015 congratulatus
1517 1977 1576 2005 est.
1619 1971 1723 2004 Nobis

247 2037 354 2063 autem
370 2031 542 2070 orantibus,
569 2035 605 2062 ut
627 2030 872 2072 disputationem
901 2029 986 2060 illam
1000 2027 1139 2066 referret,
1164 2027 1266 2070 primo
1283 2027 1412 2069 quidem
1425 2027 1588 2059 recusabat
1605 2037 1614 2059 z
1638 2026 1723 2070 (esse

248 2086 332 2117 enlm
349 2095 475 2127 operam
490 2095 555 2116 non
572 2085 780 2126 mediocrem)
795 2084 914 2116 deinde
928 2087 1032 2115 tamen
1047 2082 1204 2124 exposuit.
1250 2081 1344 2113 Dixit
1360 2091 1434 2124 ergo
1450 2080 1631 2123 Antiphon,
1653 2080 1722 2124 Py-

247 2139 421 2171 thodorum·
430 2148 601 2181 enarrasse,
615 2139 776 2171 Zenonem
797 2143 892 2181 atque
912 2137 1131 2170 Parmenidem
1147 2136 1270 2168 venisse
1290 2136 1449 2178 quondam
1471 2136 1512 2167 ad
1539 2145 1723 2178 magnorum

248 2194 534 2225 Panathenaeorum
551 2193 764 2226 celebritatem
780 2205 787 2224 ε
811 2198 844 2225 et
859 2193 1077 2224 Parmeniden:
1089 2191 1157 2234 jarn
1173 2201 1280 2223 senem
1295 2190 1392 2222 fuisse
1407 2195 1502 2233 atque
1523 2199 1649 2228 canum,
1673 2199 1723 2221 ns-

248 2254 346 2290 pectu
362 2249 523 2287 decorum,
539 2259 638 2281 annos
652 2248 748 2281 ferme
764 2249 906 2291 quinque
929 2253 963 2280 et
982 2247 1143 2289 sexaginta
1163 2245 1265 2277 aetatis
1288 2251 1455 2288 agentem;
1478 2245 1634 2278 Zenonem
1649 2255 1723 2277 vero

249 2313 349 2334 annos
365 2314 457 2345 paene
470 2303 677 2346 quadraginta
693 2308 814 2341 natum,
835 2313 963 2345 procero
979 2302 1046 2333 insu
1051 2312 1107 2344 per
1121 2306 1154 2333 et
1169 2305 1256 2342 grato
1271 2300 1410 2342 corporis
1424 2300 1546 2338 habitu,
1561 2299 1724 2332 Parmeni-

252 2357 366 2399 disque
392 2357 586 2390 familiarem.
632 2357 808 2390 Divertisse
827 2357 931 2389 autem
954 2355 1024 2387 illos
1047 2355 1093 2386 ait
1116 2355 1201 2396 apud
1218 2354 1437 2396 Pythodornm
1452 2358 1538 2386 extra
1563 2353 1676 2386 moenia
1691 2354 1725 2385 in

252 2411 418 2443 Ceramico
434 2423 441 2442 :
465 2422 528 2454 quo
545 2411 640 2443 etiarn
657 2412 843 2444 adventasse
857 2411 1028 2448 Socratem,
1044 2409 1186 2452 aliosque
1199 2418 1270 2440 cum
1282 2408 1410 2440 Socrate
1431 2408 1595 2450 plurimos,
1606 2407 1724 2450 scripta

250 2465 386 2497 Zenonis
402 2465 511 2497 audire
526 2466 712 2509 cupientes:
737 2477 809 2497 nam
826 2470 902 2497 tunc
917 2465 1050 2508 primurn
1066 2465 1106 2495 ab
1128 2463 1192 2495 illis
1207 2462 1240 2494 in
1261 2473 1329 2494 earn
1353 2462 1459 2494 urbem
1485 2462 1621 2493 invecta.
1652 2461 1725 2493 'So-

251 2524 367 2552 cratem
383 2531 456 2551 vero
471 2531 509 2552 eo
525 2525 667 2563 tempore
683 2521 856 2552 admodum
874 2519 1026 2562 juvenem
1042 2517 1195 2550 exstitisse
1209 2528 1216 2548 :
1239 2516 1352 2559 legisse
1367 2521 1471 2548 autem
1488 2515 1551 2547 illis
1565 2515 1723 2548 Zenonem
1753 2559 1757 2562 ὓ

248 2574 367 2616 ipsum.
412 2574 631 2606 Parmenidem
654 2575 740 2606 eninr
759 2575 840 2607 forte
862 2579 950 2606 extra
975 2574 1103 2605 domum
1125 2572 1231 2603 fuisse.
1274 2571 1324 2604 Ac
1350 2581 1458 2613 parum
1474 2569 1663 2613 superfuisse
1678 2569 1724 2602 le-

252 2628 402 2670 gendum,
427 2629 555 2669 quando
571 2639 603 2660 se
619 2629 748 2661 intrasse
763 2630 893 2660 domurn
906 2638 970 2660 una
985 2638 1054 2660 cum
1071 2626 1257 2659 Parmenide
1282 2630 1315 2657 et
1337 2625 1520 2663 Aristotele,
1545 2624 1598 2667 qai
1614 2625 1655 2656 de
1670 2624 1726 2656 tri-

253 2682 341 2724 ginta
365 2682 437 2713 viris
460 2691 539 2713 unus
562 2683 634 2720 fuit,
656 2683 860 2726 Pytlrodorus
884 2683 999 2716 aiebat.
1044 2681 1139 2714 Unde
1166 2691 1279 2723 pauca,
1303 2691 1374 2723 quae
1396 2680 1531 2722 legenda
1554 2679 1726 2721 restabant,

253 2736 378 2768 audisse
392 2748 400 2768 ε
425 2742 638 2768 verumtamen
654 2749 671 2769 a
687 2737 813 2770 Zenone
830 2737 917 2780 prius
932 2737 1037 2769 omnia
1048 2736 1240 2779 percepisse.
1284 2735 1400 2767 Verum
1416 2735 1454 2766 iis
1468 2733 1595 2771 auditis,
1613 2733 1723 2765 Socra·

253 2796 316 2822 tem
332 2790 446 2822 dixisse
461 2791 517 2828 ait,
533 2791 578 2822 uti
595 2791 724 2833 primam
741 2793 889 2824 sermonis
901 2792 991 2835 primi
1008 2790 1258 2834 suppositionem
1272 2790 1381 2821 iterum
1395 2789 1535 2831 legeret3
1557 2797 1620 2830 qua
1630 2786 1725 2825 lecta,

216 2871 220 2877 .
254 2845 359 2876 statim
375 2845 418 2876 sic
430 2845 572 2876 intulisse
587 2857 594 2876 :
617 2846 788 2883 Quomodo
806 2847 838 2878 id
854 2846 946 2889 dicis,
961 2857 979 2878 ο
996 2846 1115 2884 Zenon,
1136 2846 1222 2888 quod
1237 2845 1265 2876 si
1279 2843 1378 2876 multa
1391 2847 1464 2874 sunt
1477 2852 1527 2879 ea,
1550 2851 1622 2883 quae
1637 2845 1726 2879 sunt,

255 2904 380 2940 oportet
403 2900 456 2932 illa
483 2899 596 2932 similia
619 2905 715 2942 atque
740 2901 904 2933 dissimilia
927 2902 1018 2934 esse?
1043 2902 1104 2933 hoc
1131 2905 1234 2932 autem
1260 2910 1328 2931 esse
1357 2896 1563 2940 impossibile.
1606 2894 1723 2938 Neque

256 2953 339 2986 enim
356 2953 515 2987 dissimilia
532 2954 656 2995 similla,
675 2965 779 2998 neque
804 2956 917 2990 similia
940 2955 1104 2992 dissimilia
1126 2966 1193 2988 csse
1211 2965 1314 2998 posse.
1336 2962 1442 2987 nonne
1463 2949 1625 2995 sicbdicis?
1671 2949 1724 2983 sie
