1846 3268
232 275 331 323 201]
783 275 1122 339 ›conVIUM
1608 283 1688 320 413

235 392 296 422 que
312 387 470 426 utcunque
486 384 601 416 accidit
615 383 842 424 compositione
857 384 1042 425 procedens.
1088 384 1182 416 Pus.
1205 383 1288 415 Mihi
1303 390 1424 417 sanem
1439 385 1506 417 aliis
1523 388 1638 429 placet,
1656 394 1691 419 ut

235 439 290 466 tno
306 437 451 469 arbitratu
469 438 614 480 loquaris.
638 439 642 444 ’
659 438 715 469 So.
740 438 891 470 Concede
913 438 999 474 mihi,
1017 449 1036 468 o
1059 438 1203 475 Phaedre,
1220 443 1255 469 nt
1271 449 1372 480 pauca
1387 441 1529 481 quiedam
1546 442 1689 483 Agatho-

233 498 303 519 nem
321 490 518 532 interrogem,
534 497 568 522 ut
582 491 780 523 confirmatus
797 493 835 522 ab
851 492 904 522 illo
922 493 1040 533 loquar.
1086 492 1179 523 Pnffi.
1203 492 1353 523 Concedo
1369 494 1536 535 equidem:
1561 497 1691 527 interro·

232 552 272 583 ga
286 544 393 576 modo.
438 544 494 575 So.
518 544 658 586 Optima,
677 556 694 575 ο
710 546 809 576 amice
818 546 977 587 Agathou,
989 545 1136 576 orationis
1149 550 1210 576 tuae
1223 546 1424 578 fundamenta
1436 547 1552 589 jecisse
1565 550 1693 587 videris,

233 605 305 626 cum
330 597 459 634 diceres,
474 598 572 639 primo
595 599 673 640 quid
690 601 789 630 Amor
813 599 854 630 sit
876 599 1117 636 ostendendum,
1133 605 1244 640 postea
1265 599 1348 631 illius
1374 611 1470 642 opera
1489 604 1695 634 numeranda.

233 650 293 681 hoc
307 651 452 692 equidem
478 652 666 694 principium
682 654 773 684 valde
800 654 909 695 probo.
956 653 1027 693 Age
1053 654 1171 694 itaque,
1196 658 1362 695 postquam
1386 655 1426 685 de
1450 655 1567 687 Amore
1591 662 1695 688 cetera

232 708 339 734 ornate
353 708 447 746 atque
464 706 628 747 magnifice
644 717 676 737 es
692 707 846 743 elocutus,
861 707 921 736 hoc
945 705 1071 746 insuper
1093 706 1175 737 circa
1197 706 1279 737 illius
1302 713 1441 738 naturam
1468 709 1542 740 mihi
1558 710 1695 751 declara,

233 761 333 787 utrum
350 759 419 789 talis
435 759 476 790 sit
492 759 599 800 Amor,
615 765 648 790 nt
664 760 796 800 alicujus
811 769 896 790 amor
910 759 961 796 sit,
977 770 1015 790 an
1033 760 1163 790 nullius.
1187 760 1270 791 haud
1295 766 1379 801 peto,
1396 767 1496 792 utrum
1520 764 1622 795 matris
1639 765 1694 795 ali·

233 809 324 851 cnjus
347 813 482 853 patrisve
508 812 558 844 sit.
583 813 714 843 ridicula
736 823 871 853 namque
893 812 1096 853 interrogatio
1111 817 1207 854 esset,
1224 819 1324 845 utrum
1339 825 1425 846 amor
1442 816 1536 857 patris
1552 818 1696 848 matrisve

232 862 274 894 sit
288 874 383 896 amor.
405 877 509 897 verum
526 865 552 897 si
567 867 814 908 interrogassem,
829 865 972 907 nunquid
989 871 1077 907 pater
1091 866 1224 908 alicujus
1237 872 1326 909 pater
1335 875 1416 900 esset
1427 879 1467 900 an
1479 880 1556 908 non,
1567 882 1698 913 respon-

231 917 330 948 disses
345 919 466 960 utique,
482 919 507 950 si
525 920 618 950 modo
635 930 771 961 congrue
787 919 874 960 loqui
890 919 1055 960 voluisses,
1069 920 1194 951 Patrem
1208 921 1264 951 filii
1280 926 1334 952 aut
1343 922 1415 952 filiae
1432 927 1549 964 patrem
1565 935 1642 955 csse.
1655 935 1696 955 an

234 972 321 1001 non?
366 971 456 1006 Aua.
480 973 620 1005 Prorsus.
665 973 721 1005 So.
745 972 862 1004 Nonne
888 978 920 1004 et
946 978 1072 1004 matrem
1087 973 1229 1014 alicujus
1253 985 1321 1005 esse
1343 977 1491 1008 matrem?
1538 977 1631 1009 Aea.
1655 978 1698 1008 Et

233 1024 328 1056 istud.
373 1026 429 1058 So.
452 1026 627 1068 Responde
642 1031 791 1068 praeterea
814 1036 915 1068 pauca
938 1027 1096 1068 quaedam,
1112 1032 1159 1068 ut,
1175 1028 1260 1069 quod
1277 1030 1394 1067 sentio,
1406 1031 1506 1072 magis
1522 1031 1693 1073 intelligas.

235 1078 340 1110 Frater
355 1081 497 1122 nunquid
514 1081 613 1123 ipsum
630 1081 714 1123 quod
730 1085 788 1117 est,
804 1080 936 1122 alicujus
953 1086 1000 1112 est
1010 1081 1126 1112 frater?
1173 1081 1266 1113 Aca.
1289 1082 1346 1113 Est
1361 1088 1455 1115 certe.
1499 1084 1555 1116 So.
1577 1084 1695 1116 Nonne

235 1131 349 1173 fratris,
363 1138 419 1164 aut
434 1135 566 1166 sororis?
613 1135 705 1166 ΑοΛ.
728 1135 848 1165 Horum
866 1134 1014 1176 proseetO.
1061 1135 1118 1166 So.
1142 1135 1264 1168 Conare
1279 1136 1421 1168 similiter
1436 1139 1476 1169 de
1491 1149 1595 1170 amore
1605 1139 1696 1170 nobis

237 1187 413 1229 ostendere,
439 1199 513 1219 num
543 1199 628 1220 amor
656 1188 790 1230 alicujus
814 1189 855 1219 sit
879 1199 975 1221 amor.
1020 1189 1112 1220 Aea.
1135 1188 1279 1231 Alicujus
1305 1196 1400 1223 certe.
1425 1191 1521 1234 [200]
1545 1192 1602 1224 So.
1625 1192 1696 1224 Hoc

235 1239 343 1281 itaque
358 1241 532 1274 memoriter
548 1254 646 1280 serva,
661 1243 752 1284 cujus
768 1243 809 1274 sit
822 1243 1001 1274 recordatus
1016 1254 1023 1274 ε
1049 1248 1143 1284 atque
1164 1243 1203 1274 ad
1227 1244 1286 1275 lioc
1302 1246 1471 1286 responde,
1490 1250 1594 1276 utrum
1612 1253 1699 1277 amor

235 1293 314 1325 illud
339 1295 456 1336 ipsum,
485 1296 575 1338 cujus
602 1302 650 1328 est
676 1294 773 1338 amor,
788 1302 919 1338 appetat
945 1307 1054 1329 necne.
1111 1296 1205 1329 Aea.
1229 1297 1271 1328 Et
1300 1299 1431 1330 maxime
1460 1299 1598 1341 quidem.
1641 1300 1696 1332 So.

236 1347 390 1390 Nunquid
407 1349 467 1381 lioc
483 1350 584 1392 ipsum
602 1351 688 1392 apud
706 1361 738 1382 se
757 1351 867 1391 habet,
882 1356 913 1382 et
928 1355 1042 1387 tamen,
1057 1352 1143 1391 quod
1168 1351 1273 1391 habet,
1286 1352 1407 1392 appetit
1419 1357 1514 1394 atque
1530 1353 1634 1384 amat?
1658 1363 1698 1383 an

235 1402 341 1443 potius
356 1413 420 1434 non
436 1404 542 1444 habet,
558 1405 643 1446 quod
653 1410 686 1436 et
698 1409 782 1436 amat
796 1409 830 1435 et
844 1404 991 1445 appetit?
1036 1404 1128 1436 Am.
1155 1404 1332 1436 Verisimile
1343 1410 1466 1437 estnon
1481 1406 1606 1437 habere.
1642 1406 1698 1438 So.

239 1454 380 1487 Advertc
397 1462 554 1497 praeterea,
570 1463 672 1489 utrum
690 1468 745 1499 pro
761 1469 812 1495 eo,
827 1458 911 1499 quod
928 1458 1092 1489 verisimile
1117 1462 1176 1494 est,
1192 1459 1397 1490 necessarium
1421 1459 1462 1490 sit
1476 1459 1530 1496 ita,
1547 1460 1698 1501 quicquid

233 1510 368 1550 appetit,
384 1510 416 1542 id
431 1521 494 1552 quo
506 1517 578 1554 eget
593 1502 763 1554 appetere:
788 1518 833 1553 et,
849 1512 948 1543 sinon
964 1518 1048 1554 eget,
1064 1523 1123 1543 nec
1139 1523 1264 1554 cupere.
1289 1513 1363 1543 milii
1378 1513 1506 1554 quidem
1531 1514 1639 1545 mirum
1663 1515 1696 1546 in

235 1565 363 1595 modum
387 1565 447 1597 hoc
472 1566 586 1607 placet,
604 1571 639 1597 ut
662 1566 868 1598 necessarium
893 1566 942 1597 sit.
966 1566 1024 1598 tibi
1037 1577 1109 1597 vero
1132 1566 1207 1608 quid
1225 1566 1359 1603 videtur,
1384 1567 1558 1608 Agathou?
1603 1567 1698 1599 Aes.

237 1618 332 1655 Quod
348 1624 381 1650 et
395 1619 461 1651 tibi.
506 1620 563 1652 So.
586 1621 678 1652 Bene
701 1620 848 1662 loqueris.
870 1631 910 1651 an
925 1620 1020 1652 vellet
1042 1631 1171 1661 magnus
1194 1620 1347 1662 quispiam
1365 1631 1493 1662 magnus
1508 1631 1588 1658 esse,
1603 1626 1636 1652 et
1650 1632 1699 1652 ro-

238 1672 347 1703 bustus
373 1672 485 1715 aliquis
509 1684 575 1705 esse
602 1675 747 1706 robustus
761 1674 772 1705 ?
818 1674 910 1706 AGA.
936 1674 982 1705 Ex
1008 1675 1067 1711 his,
1083 1685 1154 1716 quae
1179 1685 1271 1715 supra
1297 1674 1520 1717 concessimus,
1542 1674 1610 1706 fieri
1632 1685 1697 1706 non

237 1735 329 1766 posse
344 1726 419 1757 mihi
434 1727 567 1759 videtur.
611 1728 667 1760 So.
691 1728 805 1770 Neque
821 1728 903 1760 enim
921 1728 1045 1770 indigns
1060 1733 1141 1759 esset
1155 1739 1273 1766 eorum,
1290 1739 1360 1770 quae
1377 1728 1407 1759 in
1419 1739 1451 1759 se
1462 1729 1531 1769 ipso
1543 1727 1609 1769 jam
1620 1739 1697 1760 con-

237 1779 361 1811 tineret.
407 1779 499 1811 Aoi.
523 1780 606 1812 Vera
622 1781 712 1813 dicis.
759 1781 815 1812 So.
839 1781 964 1812 Etenim
987 1782 1012 1812 si
1037 1781 1102 1822 ille,
1116 1781 1168 1822 qui
1195 1782 1338 1812 robustus
1353 1788 1413 1823 est,
1428 1782 1494 1813 vult
1509 1793 1576 1813 esse
1592 1783 1699 1813 robus-

237 1838 298 1870 tus,
313 1837 346 1864 et
360 1834 415 1874 qui
431 1834 532 1871 velox,
549 1845 615 1865 esse
630 1834 734 1871 velox,
749 1839 782 1865 et
796 1845 889 1865 sanus
905 1834 1042 1876 denique
1058 1845 1164 1871 sanus,
1179 1834 1258 1866 forte
1273 1835 1427 1876 quispiam
1444 1836 1583 1866 crederet
1594 1840 1626 1866 et
1640 1836 1697 1866 lios

237 1892 270 1917 et
283 1885 361 1917 alios
376 1887 533 1928 quoslibet
547 1899 584 1919 ea
600 1898 670 1929 quae
694 1888 812 1919 habent
833 1893 994 1929 appetere.
1017 1899 1057 1919 nc
1083 1889 1178 1929 igitur
1192 1887 1243 1919 hic
1259 1888 1462 1930 decipiamur,
1477 1889 1544 1921 haec
1560 1889 1698 1930 inquam.

239 1939 271 1970 Si
285 1940 452 1982 diligenter
465 1941 704 1980 animadvertas,
719 1942 882 1983 Agathou,
894 1942 1100 1973 necessarium
1116 1952 1183 1973 esse
1197 1942 1329 1979 videbis,
1344 1943 1701 1984 quaecunquepraesenti

236 1993 269 2024 iu
285 1998 423 2036 tempore
447 1994 499 2026 isti
524 1995 654 2037 habent,
670 1996 780 2027 eadem
805 1994 839 2027 in
866 2000 1005 2037 tempore
1031 1996 1143 2026 eodem
1168 1996 1293 2036 habere,
1309 2006 1363 2027 seu
1379 1996 1478 2028 velint
1497 1997 1562 2028 sive
1585 1997 1698 2028 nolint.

237 2047 297 2079 hoc
312 2048 413 2089 ipsum
430 2059 501 2079 vero
517 2049 657 2090 quisnam
675 2049 826 2090 cuperet?
871 2049 955 2081 Cum
970 2060 1042 2080 vero
1065 2050 1134 2091 quis
1158 2050 1259 2087 addit,
1275 2048 1321 2080 At
1335 2061 1408 2090 ego,
1423 2054 1515 2081 sanus
1527 2051 1601 2081 dum
1618 2061 1700 2088 sum,

237 2101 309 2132 volo
324 2102 470 2143 equidem
485 2113 578 2135 sanus
593 2114 659 2134 esse
675 2114 683 2135 z
707 2108 740 2134 et
754 2103 842 2134 dives
857 2104 931 2134 dum
948 2114 1029 2139 sum,
1046 2113 1112 2134 esse
1128 2103 1236 2135 dives:
1260 2108 1354 2144 atque
1365 2103 1491 2140 iccirco,
1505 2114 1575 2145 quae
1585 2105 1699 2146 habeo,

237 2155 355 2196 cupio:
379 2155 453 2187 huic
477 2157 618 2197 protinus
641 2157 876 2198 respondemus,
893 2156 922 2187 Ο
946 2157 1030 2188 bone
1045 2157 1102 2195 vir,
1117 2157 1184 2198 ipse
1210 2156 1347 2193 divitias,
1361 2157 1526 2188 sanitatem
1547 2157 1701 2199 roburque

236 2209 370 2249 adeptus
384 2209 431 2240 vis
445 2210 513 2241 liaec
528 2214 560 2240 et
575 2210 606 2240 in
624 2210 727 2241 futuro
744 2215 884 2251 tempore
899 2210 1071 2252 possidere,
1087 2210 1235 2251 quoniam
1251 2210 1285 2240 in
1308 2210 1466 2250 praeseuti,
1482 2210 1557 2241 velis
1569 2210 1700 2247 nolisve,

236 2262 343 2295 habes.
389 2262 472 2294 Vide
483 2273 568 2304 erg0,
582 2274 652 2294 cum
667 2263 755 2295 dicis.
801 2263 882 2300 Quae
906 2263 979 2294 mihi
1006 2264 1121 2294 adsunt
1142 2263 1249 2305 cupio,
1264 2263 1407 2304 nunquid
1429 2262 1514 2294 aliud
1530 2273 1622 2304 quam
1639 2265 1700 2295 hoc

235 2316 364 2354 inferas,
379 2316 459 2354 Quae
475 2317 551 2348 mihi
562 2328 645 2349 nunc
661 2318 787 2355 adsunt,
803 2323 835 2349 et
851 2317 882 2348 in
892 2317 995 2348 futuro
1007 2318 1116 2349 adesse
1129 2323 1244 2358 exopto
1257 2317 1269 2348 ?
1303 2317 1420 2349 Censes
1432 2317 1515 2348 hunc
1526 2317 1700 2355 hominem,

235 2369 396 2410 Agathou,
420 2371 502 2402 istud
528 2382 568 2402 an
593 2372 678 2403 aliud
704 2382 922 2414 responsurum
936 2371 946 2402 ?
994 2371 1088 2403 Aes.
1112 2371 1201 2402 Nihil
1219 2371 1317 2402 aliud.
1361 2371 1420 2403 So.
1446 2370 1541 2402 Amor
1555 2371 1698 2412 profecto

237 2422 416 2463 hujusmodi
431 2424 508 2456 illud
525 2426 662 2467 respicit,
676 2427 759 2467 quod
778 2427 916 2457 nondum
930 2426 962 2456 in
978 2430 1126 2467 promptu
1142 2430 1190 2456 est
1203 2435 1262 2457 nec
1275 2425 1417 2462 habetur,
1433 2425 1541 2456 adesse
1554 2424 1700 2457 videlicet

237 2480 271 2506 et
286 2477 397 2508 servari
409 2477 464 2508 illa
479 2478 512 2508 in
528 2484 679 2520 tempore,
696 2480 780 2521 quod
796 2484 954 2521 sequatur.
1000 2478 1092 2510 Aci.
1114 2479 1166 2510 Sic
1183 2484 1230 2510 est
1246 2478 1384 2510 omnino.
1431 2477 1487 2510 So.
1512 2477 1552 2508 Et
1567 2477 1625 2509 iste
1640 2478 1698 2519 igi-

238 2534 288 2560 tur
302 2535 334 2560 et
348 2530 426 2562 alius
449 2532 629 2574 quicunque
651 2533 786 2574 appetit,
801 2534 885 2574 quod
910 2533 1049 2564 nondum
1073 2533 1248 2573 expositum
1271 2537 1304 2563 et
1330 2536 1469 2572 paratum
1491 2536 1549 2569 est,
1565 2532 1698 2573 appetit,

237 2583 361 2624 quodve
382 2594 447 2615 non
470 2585 559 2616 adest
580 2596 639 2617 nec
666 2587 771 2622 habet,
787 2592 820 2617 et
842 2587 927 2628 quod
950 2587 1016 2628 ipse
1040 2596 1104 2616 nou
1119 2591 1177 2622 est,
1194 2596 1295 2627 quove
1311 2585 1442 2626 indiget.
1465 2585 1539 2616 talia
1553 2586 1696 2626 quasdam

238 2636 390 2673 suntilla,
406 2647 537 2677 quorum
563 2643 611 2669 est
632 2638 792 2680 appetitus
813 2644 846 2670 et
869 2650 966 2671 amor.
1011 2638 1106 2671 Ans.
1128 2638 1220 2670 Talia
1245 2639 1354 2680 procul
1379 2637 1489 2672 dubio.
1534 2639 1588 2671 So.
1613 2639 1697 2680 Age,

237 2700 308 2731 quae
323 2700 416 2731 supra
430 2691 516 2721 dicta
531 2696 604 2722 sunt
617 2697 804 2733 repetamus.
850 2693 955 2723 Primo
971 2693 1100 2733 quidem
1115 2702 1201 2722 amor
1220 2691 1392 2733 aliquorum
1410 2691 1512 2724 dictus
1527 2697 1575 2723 est
1588 2702 1674 2722 amor
1687 2704 1694 2723 z

239 2743 355 2777 deinde
378 2743 500 2774 illorum
528 2745 734 2785 potissimum,
759 2746 872 2788 quibus
897 2746 1031 2787 indiget.
1055 2746 1152 2787 [201]
1175 2745 1267 2778 Aes.
1292 2745 1396 2777 Certe.
1442 2746 1495 2776 So.
1519 2744 1697 2788 Recordare

236 2802 399 2839 praeterea,
413 2808 544 2838 quorum
570 2809 638 2830 esse
660 2809 795 2830 amorem
822 2799 990 2831 asseruisti.
1014 2810 1072 2840 ego
1097 2799 1154 2829 tibi
1169 2798 1202 2830 in
1219 2798 1408 2835 memoriam,
1425 2799 1450 2829 si
1467 2797 1523 2835 vis,
1539 2798 1696 2830 reducam.

240 2850 386 2891 equidem
401 2850 445 2880 ita
469 2850 582 2882 dixisse
610 2855 640 2883 te
663 2852 803 2889 arbitror,
829 2852 860 2883 A
886 2852 958 2883 Diis
981 2852 1084 2883 omnia
1098 2856 1226 2893 propter
1241 2852 1438 2894 pulchrorum
1453 2861 1586 2882 amorem
1602 2850 1696 2882 fuisse

239 2903 412 2944 disposita:
436 2904 573 2946 turpium
599 2905 718 2946 quippe
738 2915 874 2937 amorem
900 2906 1028 2937 omnino
1055 2905 1176 2937 nullum
1205 2916 1283 2938 esse.
1316 2917 1355 2937 an
1386 2916 1448 2936 non
1479 2905 1521 2935 ita
1549 2905 1697 2935 dicebas?

241 2956 331 2990 AoA.
354 2957 571 3000 Itaprosecto.
618 2958 673 2991 So.
698 2959 906 2993 Probabiliter
919 2959 1046 3002 quidem
1061 2959 1208 3003 loqueris,
1225 2971 1244 2991 o
1260 2959 1380 2992 amices
1393 2963 1437 3000 et,
1449 2959 1474 2989 si
1489 2958 1532 2989 ita
1545 2962 1697 2996 est‚am0.r
