1846 3268
174 261 278 311 485]
777 256 1036 297 cortens,
1561 261 1637 304 207

174 363 296 396 Natura
311 373 382 395 vero
395 362 476 406 ipsa,
490 366 525 393 ut
541 365 630 403 puto,
646 361 850 397 demonstrat,
867 364 903 390 ut
916 359 1114 401 praestantior
1125 358 1195 401 plus
1210 360 1325 391 habeat
1340 370 1433 402 quam
1451 360 1587 399 inferior,
1604 367 1638 394 et

173 417 336 460 potentior
349 427 441 459 quam
456 415 598 447 debilior.
645 414 794 446 Ostendit
808 424 880 445 vero
897 414 1002 445 multis
1019 414 1086 446 haec
1101 414 1216 450 modis,
1234 418 1298 445 tum
1320 415 1352 445 in
1367 415 1479 446 ceteris
1495 416 1638 447 animan-

175 472 268 508 tibus,
285 475 349 502 tum
365 471 395 501 in
411 469 531 502 eunctis
547 469 725 500 civitatibus
741 473 835 510 atque
851 469 1010 509 gentibus,
1023 469 1107 510 apud
1124 478 1202 509 quas
1211 467 1331 510 justum
1347 479 1414 499 esse
1429 475 1584 507 censetur,
1603 476 1638 502 ut

174 525 331 566 potentior
341 523 501 555 infirmiori
515 523 703 559 dominetur,
725 522 859 563 plusque
876 522 1048 562 possideat.
1093 520 1177 552 Nam
1193 532 1256 562 quo
1272 520 1345 562 jure
1359 521 1476 553 Xerxes
1491 523 1639 554 adversus

174 578 302 610 Graecos
315 579 404 609 duxit
417 577 598 613 exercitum,
614 576 663 607 vel
677 581 766 618 pater
781 575 850 616 ejus
866 581 975 607 contra
990 576 1137 617 Scythas,
1152 579 1207 606 aut
1222 575 1464 607 innumerabiles
1479 576 1545 614 alii,
1557 588 1637 619 quos

172 632 283 663 referre
298 632 367 673 quis
379 631 506 673 posset?
552 631 614 662 Sed
631 630 674 667 hi,
691 634 726 660 ut
738 628 878 664 arbitror,
894 628 1066 659 secundum
1081 634 1223 659 naturam
1235 627 1315 669 juris
1328 628 1428 669 ipsius
1444 629 1511 660 haec
1527 635 1638 671 agunt,

173 696 211 717 ac
224 695 278 727 per
291 685 403 717 Jovem
417 686 589 716 secundum
605 683 704 725 ipsius
720 687 839 713 naturae
866 681 966 723 legem
980 693 987 711 :
1013 692 1077 712 non
1104 686 1209 712 tamen
1224 681 1355 713 fortasse
1375 681 1470 723 juxta
1484 683 1568 724 leges
1583 685 1639 716 has

173 748 190 769 a
206 738 295 769 nobis
309 737 463 774 conditas,
480 748 535 779 per
560 747 637 779 quas
663 735 922 777 praestantissimae
948 744 984 765 ac
1011 734 1212 765 validissimae
1238 734 1354 765 indolis
1369 735 1584 769 adolescentes
1599 737 1638 768 ab

172 791 370 824 incunabulis
385 797 532 833 tanquam
548 791 655 821 leones
681 789 854 830 capienteS,
871 787 960 829 quasi
977 787 1166 828 quibusdam
1191 788 1319 829 magicis
1345 789 1531 821 carminibus
1546 790 1640 823 fasci-

172 857 294 881 namus,
310 845 512 886 servilemque
529 844 561 875 in
578 844 703 874 modum
719 841 914 884 subjicimus,
938 841 1035 883 [484]
1060 841 1203 873 dicentes
1219 842 1397 883 aequitatem
1425 854 1492 875 esse
1514 854 1639 875 servan-

172 900 257 938 dam,
272 900 369 942 idque
385 899 546 941 pulchrum
558 898 742 940 justumque
757 907 836 928 esse.
880 895 927 926 At
953 895 977 926 si
1005 894 1076 936 quis
1092 895 1267 937 praestantis
1283 901 1400 927 naturae
1417 897 1462 928 vir
1486 897 1639 940 insurgat,

173 964 210 985 ac
226 954 339 991 literas,
354 953 575 985 fascinationes
589 951 882 992 incantationesque
908 949 1090 991 hujusmodi
1107 954 1223 981 vestras
1246 951 1442 991 pessundans
1465 956 1559 994 atque
1576 952 1641 984 dis-

173 1008 314 1045 cindens,
327 1008 474 1049 legesque
490 1017 597 1038 omnes
610 1017 680 1048 quae
695 1005 875 1037 desciscunt
889 1015 908 1036 a
923 1008 1044 1042 natura,
1059 1004 1254 1042 subvertens,
1270 1004 1381 1036 ceteris
1395 1005 1586 1044 dominetur,
1602 1006 1638 1038 in

175 1072 214 1094 eo
225 1062 292 1104 jam
317 1067 435 1092 naturae
456 1061 554 1103 ipsius
573 1060 627 1101 jus
642 1059 782 1101 effulget.
828 1059 964 1090 Videtur
987 1062 1092 1089 autern
1119 1058 1196 1089 mihi
1220 1057 1376 1089 Pindarus
1391 1059 1459 1090 haec
1475 1061 1585 1092 eadem
1602 1061 1636 1091 in

175 1116 311 1158 quodam
326 1121 421 1147 cantu
435 1115 612 1151 ostendere,
630 1114 683 1145 ubi
698 1114 798 1155 legem
813 1113 856 1144 ait
872 1112 1011 1144 omnium
1030 1123 1098 1143 esse
1123 1112 1262 1154 reginam
1279 1112 1456 1143 mortalium
1471 1118 1565 1155 atque
1581 1114 1641 1145 im·

175 1170 350 1201 mortalium
366 1181 373 1200 :
398 1180 529 1211 eamque
552 1168 606 1210 jus
633 1178 724 1209 agere
741 1167 892 1199 violenter
918 1167 1107 1209 praepotenti
1131 1177 1239 1198 manu.
1284 1157 1388 1208 quue
1413 1167 1591 1208 conjectare
1607 1179 1641 1200 se

177 1225 255 1256 dicit
278 1235 316 1255 ex
338 1224 428 1255 rebus
449 1223 544 1264 gestis
567 1223 606 1254 ab
635 1220 795 1253 Hercule:
819 1222 884 1263 qui,
900 1221 960 1252 etsi
980 1231 1104 1252 carmen
1128 1220 1232 1262 ipsum
1258 1221 1344 1251 haud
1366 1221 1439 1252 satis
1465 1223 1642 1255 memoriter

175 1284 280 1316 teneo,
295 1277 421 1309 memini
437 1283 540 1309 tamen
554 1277 659 1318 ipsum
677 1276 794 1315 dicere,
810 1275 976 1306 Herculem
993 1285 1098 1316 neque
1113 1280 1234 1316 emptos
1250 1285 1353 1317 neque
1369 1275 1503 1307 donatos
1514 1275 1640 1320 Geryo-

174 1331 224 1363 nis
239 1332 335 1363 boves
350 1331 511 1373 abegisse3
535 1335 646 1372 utpote
671 1330 807 1361 naturali
831 1330 902 1371 ipso
912 1329 984 1370 jure
1009 1329 1161 1366 dictante,
1178 1333 1211 1360 et
1237 1329 1332 1360 boves
1357 1334 1390 1360 et
1412 1334 1517 1361 cetera
1534 1332 1641 1364 omnia

173 1396 244 1428 quae
259 1385 298 1416 ab
313 1385 491 1416 horninibus
505 1385 717 1427 possidentur,
732 1384 815 1415 illius
831 1394 898 1414 esse
913 1384 1026 1415 debere
1042 1383 1097 1425 qui
1109 1383 1306 1425 praestantior
1319 1383 1358 1414 sit
1371 1387 1466 1425 atque
1478 1384 1640 1418 valentior.

173 1439 298 1471 Veritas
311 1439 406 1482 igitur
419 1440 462 1471 ita
477 1450 509 1471 se
525 1440 630 1471 habet.
654 1439 750 1480 idque
778 1439 871 1480 plane
893 1448 1079 1479 cognoscas,
1094 1438 1119 1468 si
1146 1439 1186 1469 ad
1212 1437 1329 1479 majora
1355 1443 1386 1469 te
1406 1437 1486 1480 jam,
1513 1440 1642 1472 dimissa

174 1494 420 1537 philosophandi
433 1504 520 1536 cura,
536 1493 736 1526 converteris.
780 1492 863 1524 Nam
890 1493 1091 1535 philosophia
1116 1493 1256 1534 quidem,
1284 1503 1303 1523 o
1328 1492 1485 1534 Socrates,
1507 1494 1642 1535 gratiosa

174 1559 222 1580 res
237 1553 285 1580 est
298 1554 330 1580 et
345 1553 490 1586 venusta,
509 1548 535 1579 si
558 1549 628 1590 quis
645 1547 730 1579 illam
758 1548 916 1579 moderate
939 1547 974 1579 in
998 1547 1275 1589 adolescentiaque
1301 1547 1449 1589 attingat.
1472 1547 1519 1578 sin
1535 1553 1640 1580 autem

175 1613 270 1644 supra
286 1603 413 1634 modum
435 1607 558 1644 tempus
581 1603 615 1633 in
637 1613 676 1634 ea
700 1602 894 1643 contriverit,
907 1602 1068 1633 hominum
1094 1607 1142 1633 est
1157 1601 1344 1643 corruptela.
1391 1602 1542 1639 Quamvis
1557 1603 1642 1634 enirn

174 1657 245 1700 quis
261 1657 379 1700 optimo
397 1667 415 1688 a
429 1662 540 1688 natura
555 1656 595 1687 sit
609 1656 737 1698 ingenio
754 1655 916 1698 praeditus,
929 1660 1034 1687 tamen
1050 1655 1076 1686 si
1090 1655 1209 1687 diutius
1223 1666 1279 1696 per
1293 1659 1417 1686 aetatem
1428 1655 1496 1697 jam
1513 1666 1643 1697 provec-

175 1716 240 1742 tam
257 1711 510 1753 philosophetur,
533 1710 709 1742 necessario
735 1709 874 1741 omnium
899 1719 1000 1740 rerum
1019 1708 1183 1751 imperitus
1208 1709 1335 1747 evadet,
1358 1718 1488 1750 quarum
1513 1710 1641 1742 omnino

175 1765 303 1802 clarum,
316 1766 445 1807 bonum,
460 1765 666 1796 excellentem
682 1764 782 1795 virum
797 1768 922 1806 oportet
936 1764 1050 1795 habere
1062 1763 1218 1806 peritiam.
1240 1773 1312 1794 nam
1329 1767 1362 1794 et
1375 1762 1480 1804 legum
1495 1762 1638 1795 civilium

174 1823 208 1851 et
221 1820 394 1855 verborum,
411 1819 524 1860 quibus
537 1818 570 1850 in
586 1818 816 1850 consuetudine
832 1822 978 1860 coetuque
992 1818 1152 1849 hominum
1167 1823 1232 1848 tam
1248 1817 1376 1858 publice
1386 1827 1479 1858 quam
1496 1817 1639 1859 privatim

175 1874 224 1905 uti
239 1875 342 1911 decet,
358 1874 557 1915 voluptatum
571 1878 720 1913 praeterea
736 1872 1010 1914 cupiditatumque
1024 1873 1229 1902 humanarum
1243 1876 1286 1909 et,
1302 1876 1338 1901 ut
1354 1863 1486 1902 breviter
1500 1882 1640 1913 compre-

173 1929 321 1965 hendam,
337 1938 455 1958 morum
472 1938 594 1969 prorsus
610 1927 690 1957 fiunt
703 1926 815 1968 ignari.
860 1926 1017 1964 Quocirca
1032 1926 1178 1968 quotiens
1193 1926 1232 1957 ad
1249 1925 1384 1967 aliquam
1394 1936 1457 1957 rem
1472 1927 1641 1967 gerendam

173 1982 224 2014 vel
246 1982 404 2024 publicam
420 1982 470 2014 vel
496 1982 648 2023 privatam
671 1992 738 2013 sese
764 1981 940 2019 conferant,
967 1982 1122 2012 habentur
1147 1980 1272 2012 ridiculi
1286 1991 1293 2011 ε
1316 1981 1580 2021 quemadmodum
1608 1985 1641 2012 et

171 2037 280 2069 civiles
295 2037 363 2074 viri,
384 2037 411 2067 si
434 2036 466 2067 in
490 2041 605 2068 vestras
628 2036 868 2067 exercitationes
892 2035 1188 2077 disputationesque
1203 2034 1409 2065 descendant.
1433 2034 1539 2065 evenit
1554 2034 1639 2065 enim

172 2091 252 2122 illud
266 2090 438 2133 Euripidis,
457 2091 529 2127 Qua
551 2090 587 2122 in
612 2100 647 2122 re
665 2092 770 2122 clarus
793 2090 923 2132 quisque
938 2092 999 2130 est,
1013 2091 1054 2122 ad
1069 2100 1137 2122 eam
1149 2092 1310 2130 properat,
1331 2092 1361 2120 et
1377 2089 1442 2120 diez·
1455 2091 1581 2129 partem
1590 2088 1641 2120 illi

169 2145 340 2188 plurimam
354 2143 513 2186 impartit,
522 2147 557 2176 ut
573 2144 639 2185 ipse
650 2153 684 2175 se
699 2147 834 2185 superet.
857 2143 954 2185 [485]
978 2143 1033 2174 ubi
1055 2154 1127 2174 vero
1142 2142 1269 2174 inferior
1285 2141 1336 2178 sit,
1352 2141 1427 2173 inde
1442 2141 1523 2183 fugit
1542 2141 1639 2173 illud-

174 2202 236 2241 que
248 2199 428 2240 vituperat:
453 2198 539 2230 aliud
556 2209 628 2229 vero
655 2198 777 2240 laudat,
791 2198 926 2240 quadam
951 2196 1000 2228 sui
1021 2197 1121 2239 ipsius
1149 2196 1388 2235 benevolentia;
1411 2196 1590 2228 existimans
1605 2207 1639 2228 se

171 2253 277 2295 ipsum
292 2253 337 2283 ita
351 2252 490 2285 laudare.
534 2252 652 2284 Verum
670 2257 814 2294 praestare
839 2252 980 2289 arbitror,
1002 2252 1162 2282 amborum
1187 2250 1375 2293 participem
1398 2250 1475 2281 fieri.
1498 2250 1641 2291 philoso-

170 2308 256 2350 phiae
278 2307 419 2349 quidem,
443 2311 598 2348 quatenus
617 2307 791 2348 disciplinas
818 2306 918 2349 gratia
943 2306 1066 2337 deceat.
1110 2304 1144 2336 N
1145 2315 1182 2337 ec
1209 2310 1300 2346 turpe
1326 2304 1454 2346 quidem
1469 2308 1517 2335 est
1532 2305 1640 2335 adole-

173 2361 273 2393 scenti
286 2361 512 2403 philosophari.
534 2362 588 2392 sed
610 2372 682 2393 cum
697 2362 845 2403 grandior
858 2366 935 2392 natu
951 2359 1160 2402 philosophiae
1173 2359 1277 2391 adhuc
1291 2358 1458 2399 incumbit,
1474 2369 1521 2390 res
1536 2363 1596 2399 est,
1619 2370 1639 2390 o

171 2415 325 2453 Socrates,
339 2415 431 2447 valde
445 2411 595 2447 ridicula:
635 2415 792 2457 Equidem
809 2414 949 2446 similiter
971 2414 1102 2446 affectus
1118 2424 1185 2444 sum
1201 2424 1274 2455 erga
1286 2423 1341 2444 eos
1356 2413 1411 2455 qui
1427 2412 1637 2454 philosophiae

173 2469 251 2500 dant
264 2479 405 2511 operam,
419 2474 513 2511 atque
529 2469 598 2501 illos
614 2469 669 2511 qui
684 2469 865 2501 balbutiunt
880 2480 916 2501 ac
932 2468 1059 2510 ludunt,
1074 2467 1219 2510 quotiens
1242 2467 1324 2499 enim
1350 2467 1469 2509 aspicio
1485 2466 1638 2508 puellum,

172 2522 224 2554 cui
239 2523 386 2554 decorum
401 2524 504 2555 adhuc
518 2528 567 2555 est
581 2523 668 2565 loqui
684 2524 728 2554 ita
742 2523 970 2555 balbutientem
991 2522 1229 2564 ludentemque,
1241 2522 1381 2553 delector
1395 2533 1403 2560 ;
1426 2521 1637 2563 festivumque

173 2582 206 2608 et
220 2576 346 2608 liberale
363 2576 438 2607 mihi
453 2577 587 2614 videtur,
602 2578 816 2620 puerilemque
832 2578 947 2609 decens
963 2582 1098 2608 aetatem.
1121 2576 1266 2619 quotiens
1280 2586 1354 2608 vero
1378 2575 1516 2617 puellum
1543 2575 1638 2606 audio

172 2630 267 2661 verba
282 2630 460 2672 expeditius
475 2631 715 2673 exprimentem,
731 2632 895 2663 molestum
914 2631 1065 2673 quiddam
1082 2630 1156 2662 mihi
1172 2630 1323 2667 oboritur,
1338 2640 1489 2672 auresque
1505 2629 1640 2661 offendit

171 2694 268 2720 meas,
290 2688 384 2725 atque
410 2683 519 2715 servile
543 2685 708 2727 quippiam
730 2696 793 2727 prae
814 2696 848 2716 se
863 2685 941 2717 ferre
957 2685 1092 2717 videtur.
1138 2684 1285 2717 Ceterum
1300 2695 1372 2716 cum
1387 2683 1484 2714 virum
1503 2682 1572 2724 quis
1588 2682 1638 2718 vel

170 2738 260 2769 audit
274 2737 500 2769 balbutientem
515 2739 564 2770 vel
581 2739 667 2770 videt
684 2739 859 2780 ludentem,
874 2739 1042 2770 ridiculum
1066 2738 1098 2768 id
1115 2738 1242 2780 quidem
1263 2748 1281 2769 a
1303 2737 1432 2778 viroque
1448 2736 1584 2768 alienum
1601 2747 1637 2768 ac

172 2791 303 2833 dignum
316 2791 417 2833 plagis
432 2796 574 2833 apparet.
620 2792 711 2824 Idem
726 2792 823 2834 igitur
836 2803 909 2834 erga
932 2791 1192 2834 philosophantes
1215 2791 1291 2823 mihi
1315 2790 1432 2823 evenit.
1476 2789 1515 2820 In
1531 2790 1647 2821 adole«

171 2850 278 2876 scente
289 2845 371 2877 enirn
382 2845 612 2887 philosophiam
624 2856 753 2877 cernens
768 2846 858 2878 valde
869 2846 1020 2883 delector,
1035 2846 1216 2888 decensque
1220 2845 1345 2888 judico,
1358 2850 1452 2886 atquc
1463 2843 1636 2885 ingenuum

173 2909 240 2930 esse
265 2899 423 2930 hominem
445 2900 529 2931 hunc
552 2899 719 2932 existimo:
744 2911 816 2931 eum
831 2911 917 2940 vero,
931 2900 986 2942 qui
1007 2910 1071 2931 non
1094 2899 1346 2942 philosophetur,
1366 2897 1561 2932 illiberalem,
1577 2906 1637 2927 nec

174 2962 310 2994 unquam
337 2952 518 2995 praeclarum
544 2953 663 2996 aliquid
687 2964 723 2986 ac
745 2964 929 2997 generosum
953 2954 994 2986 de
1015 2964 1048 2986 se
1071 2954 1140 2997 ipso
1160 2954 1380 2996 praestiturum.
1426 2950 1487 2982 Sed
1509 2949 1636 2991 quando
