1846 3268
204 200 280 278 156
798 232 1065 274 PLA‘roNrs
1599 238 1670 290 [48

200 352 272 384 pus.
297 340 430 372 nonne?
477 338 540 372 ca.
566 339 701 384 corpus.
745 335 802 370 So.
825 336 979 380 Nunquid
1007 337 1081 380 e'rgo
1098 336 1266 370 vivendum
1295 337 1384 370 nobis
1403 349 1473 371 cum
1497 339 1671 381 depravato

200 405 332 438 corpore
356 399 452 437 atque
475 392 660 426 destructo?
706 391 771 424 Cn.
806 390 906 422 Nullo
929 392 1037 428 modo.
1083 391 1138 424 So.
1160 393 1212 423 An
1233 392 1313 425 forto
1334 404 1406 425 cum
1432 393 1487 425 ino
1503 393 1671 426 vivendum

200 454 248 482 est
263 449 354 481 nobis
369 453 527 490 corrupto,
542 447 628 490 quod
645 445 764 488 injusto
777 445 905 487 quidem
918 445 1053 483 iaeditur,
1064 445 1152 488 justo
1164 456 1236 478 vero
1249 446 1400 488 juvatur?
1423 447 1565 490 nunquid
1579 447 1672 480 vilius

200 504 294 545 iliud,
309 513 403 546 quam
419 512 533 545 corpus
549 500 773 541 existimamus,
787 499 944 542 quidquid
960 499 1039 531 illud
1056 504 1104 532 est
1118 510 1136 531 e
1152 500 1279 539 nostris,
1302 500 1385 534 eirca
1397 502 1483 544 quod
1508 501 1583 545 [⁴18]
1601 501 1671 544 jus-

201 558 284 598 titia,
298 556 515 600 injustitiaque
529 554 691 587 versatur?
737 553 803 586 Cn.
827 553 927 585 Nullo
944 554 1050 586 modo.
1084 554 1142 585 So·
1165 554 1227 586 Sed
1246 555 1435 597 pretiosius?
1467 555 1532 588 Cn.
1556 555 1672 588 Valde.

201 613 259 644 So.
282 611 358 643 Non
373 610 480 654 igitur,
506 620 525 641 o
541 609 586 640 vir
601 607 732 651 optime,
757 608 928 639 admodum
950 608 1041 640 nobis
1055 608 1228 640 curandum
1244 615 1305 650 est,
1327 609 1404 652 quid
1421 609 1461 641 de
1477 609 1567 642 nobis
1582 609 1673 642 multi

201 667 370 709 loquantur
383 677 393 705 3
415 665 471 697 sed
486 663 562 708 quid
578 663 665 696 dicat
679 662 705 695 is
723 673 816 700 unus,
830 663 886 705 qui
901 661 1051 705 inteiligit
1061 662 1150 705 justa
1165 667 1198 694 et
1213 662 1342 705 injusta,
1357 668 1451 706 atque
1465 663 1536 706 ipsa
1549 664 1672 696 veritas.

202 720 414 759 Quamobrem
428 719 529 762 primo
544 717 672 761 quidem
689 727 753 749 non
768 722 854 750 recte
869 717 1043 755 adduxisti,
1058 716 1244 759 opinionem
1261 717 1417 758 vulgarem
1433 717 1474 749 de
1489 718 1580 750 rebus
1600 717 1674 760 jus.

201 774 253 811 tis,
269 778 302 806 et
311 774 464 811 honestis,
478 778 512 805 et
520 771 623 810 bonis,
637 772 811 813 harumque
825 771 998 808 contrariis,
1010 781 1078 804 esse
1096 770 1231 813 alicujus
1245 771 1495 803 existimandam.
1540 773 1586 804 At
1601 782 1672 807 vero

202 828 289 862 dicet
303 827 430 870 aliquis,
445 837 536 870 posse
552 826 663 868 vulgus
678 836 736 857 nos
752 825 926 858 interficere
940 826 952 857 ?
987 825 1054 858 Cn.
1076 824 1310 858 Nimirumdici
1322 826 1354 857 id
1364 826 1672 867 potest‚080crntes.

201 882 258 914 So.
279 882 364 914 Vera
378 881 526 925 loqueris.
571 880 647 918 Sed,
661 890 680 912 ο
698 879 857 921 mirabilis,
872 880 940 912 haec
953 880 1044 918 ratio,
1057 890 1150 922 quam
1163 880 1382 922 percurssnus,
1398 879 1549 922 superiori
1563 880 1673 913 similis

201 946 271 968 esse
284 936 427 968 videtur:
452 940 547 977 atque
562 935 644 966 hanc
659 944 763 966 rursus
777 934 953 972 considera,
979 938 1082 965 utrum
1103 934 1194 966 nobis
1211 939 1346 971 maneat,
1363 945 1463 966 necne
1481 946 1489 966 τ
1513 934 1674 973 videlicet,

201 1001 268 1022 non
283 989 374 1021 multi
387 989 568 1021 faciendum
583 999 650 1020 esse
666 988 781 1026 vivere,
795 989 851 1020 sed
866 989 946 1020 bene
962 988 1078 1021 vivere.
1121 987 1186 1020 Cn.
1209 988 1323 1020 Manet
1344 988 1485 1031 quidem.
1530 989 1588 1021 So.
1609 988 1673 1021 Sed

202 1046 264 1076 hoc
278 1054 406 1086 quoque
420 1043 590 1075 manetne?
612 1042 707 1082 bene,
729 1047 761 1073 et
775 1042 920 1083 honeste,
936 1047 969 1073 et
986 1041 1073 1083 juste
1088 1041 1190 1073 vivere
1205 1042 1290 1074 idem
1304 1052 1371 1074 esse
1384 1042 1395 1073 ?
1441 1042 1505 1075 Ca.
1529 1042 1675 1076 Constat.

203 1099 260 1132 So.
284 1097 386 1140 Igitur
399 1109 436 1129 ex
448 1097 507 1134 his,
522 1106 593 1139 quae
607 1094 743 1141 confessi
758 1105 876 1132 sumus,
900 1095 960 1127 hoc
976 1094 1250 1133 considerandum,
1265 1100 1367 1127 utrum
1379 1095 1500 1138 justum
1515 1096 1555 1128 sit
1569 1098 1675 1130 conari

203 1164 255 1186 me
278 1153 353 1185 hinc
374 1153 469 1189 exire,
497 1149 743 1183 Atheniensibus
771 1159 835 1180 non
860 1148 1103 1196 dimittentibus,
1127 1149 1177 1182 vel
1201 1149 1376 1191 injustum:
1400 1161 1437 1182 ac
1462 1151 1490 1182 si
1512 1156 1674 1193 appareat,

200 1208 322 1251 justum
335 1218 415 1244 esse,
431 1210 586 1238 tentemus
601 1215 609 1235 ε
635 1204 662 1236 si
678 1203 791 1242 minus,
806 1204 1013 1237 dimittamus.
1058 1203 1147 1242 Quas
1162 1215 1234 1236 vero
1250 1209 1284 1236 tu
1299 1204 1392 1236 affers
1406 1204 1676 1238 considerationes

203 1262 245 1294 de
270 1260 474 1305 pecuniarum
497 1264 637 1302 sumptu,
659 1258 700 1290 de
716 1258 836 1301 vulgari
852 1258 1015 1300 opinione,
1039 1258 1081 1290 de
1108 1258 1182 1291 filiis
1208 1259 1401 1292 educandis:
1425 1260 1600 1291 cavendum
1615 1265 1675 1299 est,

202 1327 222 1347 ο
239 1316 339 1354 Crito,
354 1326 395 1347 ne
409 1314 657 1356 excogitationes
674 1323 780 1345 revera
790 1314 900 1345 horum
916 1312 1084 1345 multorum
1099 1313 1175 1355 sint,
1185 1313 1241 1355 qui
1255 1311 1348 1346 facile
1363 1313 1568 1353 interficiunt,
1578 1319 1674 1357 atque

203 1381 324 1416 eorum,
335 1370 391 1413 qui
405 1369 558 1407 similiter,
574 1368 714 1410 inquam,
731 1368 757 1399 si
772 1373 913 1411 possent,
938 1368 1169 1406 reviviscerent,
1183 1373 1215 1400 et
1229 1368 1261 1399 id
1274 1368 1402 1410 quidem
1424 1369 1542 1410 absque
1556 1374 1676 1405 mente.

204 1425 308 1457 Nobis
319 1435 405 1462 vero,
421 1422 678 1466 quandoquidem
694 1422 739 1454 sic
754 1422 851 1464 exigit
865 1422 958 1464 ratio,
973 1421 1052 1454 nihil
1067 1422 1153 1454 aliud
1167 1422 1392 1455 attendendum
1407 1428 1468 1464 est,
1482 1433 1576 1465 quatu
1587 1424 1675 1466 quod

204 1481 300 1512 modo
315 1479 510 1516 dicebamus,
535 1483 638 1509 utrum
666 1487 794 1519 agamus
808 1476 907 1519 justa,
936 1477 1086 1519 pecunias
1112 1476 1286 1519 largiendo,
1312 1478 1504 1520 gratiamque
1527 1478 1675 1510 habendo

204 1535 265 1572 his,
292 1534 349 1577 qui
373 1544 424 1565 me
450 1533 524 1564 hinc
548 1532 708 1564 educant:
733 1535 849 1573 utrum,
876 1531 1017 1573 inquam,
1039 1531 1074 1562 in
1101 1532 1161 1564 hoc
1183 1542 1311 1573 agamus
1333 1530 1433 1573 justa,
1457 1541 1515 1563 nos
1539 1531 1674 1574 quidem

206 1589 326 1626 educti,
340 1588 387 1619 illi
402 1598 474 1619 vero
498 1587 670 1618 educentes
684 1596 694 1627 ;
717 1596 758 1617 an
774 1585 880 1628 potius
894 1586 1042 1628 utrinque
1056 1586 1089 1616 in
1104 1586 1152 1617 his
1168 1586 1311 1617 omnibus
1325 1586 1468 1628 agendis,
1482 1596 1612 1629 agamus
1626 1586 1676 1618 in-

203 1644 291 1687 juste
308 1654 317 1676 :
342 1647 437 1685 atque
452 1642 478 1673 si
493 1645 656 1684 appareat,
671 1651 729 1671 nos
743 1639 854 1682 iniqua
868 1640 1010 1682 aggredi,
1026 1651 1066 1672 ne
1081 1640 1321 1682 excogitandum
1336 1641 1464 1683 quidem
1476 1641 1508 1672 id
1523 1645 1571 1673 est
1582 1652 1593 1681 3
1619 1641 1691 1673 sed.

206 1701 368 1729 mansuete
395 1695 498 1727 subire
519 1696 613 1726 decet
627 1699 660 1726 et
675 1698 818 1732 mortem,
843 1699 876 1726 et
890 1695 1025 1737 quodvis
1041 1694 1125 1725 aliud
1142 1694 1332 1736 suppIIcium
1349 1695 1446 1736 prius,
1469 1705 1564 1737 quam
1584 1695 1677 1738 quid·

207 1763 301 1795 quam
323 1761 453 1794 agamus
480 1749 600 1791 inique.
648 1748 715 1780 Cn.
739 1747 842 1780 Recte
858 1748 946 1790 loqui
961 1748 1087 1787 νίᾡπὶε,
1104 1749 1257 1781 Socrates.
1281 1749 1443 1781 considera
1458 1754 1576 1788 tamen,
1597 1749 1676 1792 quid

207 1817 348 1849 agamus.
391 1805 449 1837 So.
473 1803 729 1840 Consideremus,
744 1814 763 1834 o
779 1803 862 1834 bone
882 1803 940 1844 vir,
968 1813 1042 1834 una.
1065 1813 1101 1835 ac
1117 1803 1142 1834 si
1158 1813 1222 1846 qua
1236 1803 1268 1834 in
1284 1808 1373 1846 parte
1391 1814 1441 1835 me
1454 1804 1614 1836 dicentem
1629 1815 1676 1836 re-

206 1861 358 1902 darguere
384 1858 513 1902 poteris,
536 1857 700 1899 redargue.
725 1867 785 1898 ego
811 1857 896 1888 enim
911 1856 1074 1888 assentiar.
1097 1858 1145 1888 sin
1173 1857 1286 1894 minus,
1308 1857 1418 1889 desine
1441 1868 1560 1900 quaeso,
1584 1869 1604 1889 ο
1630 1858 1677 1890 vir

208 1917 313 1956 beate,
333 1913 401 1956 jam
418 1913 511 1944 toties
526 1913 638 1944 eadem
654 1911 748 1942 verba
760 1916 918 1953 repetere:
945 1917 1089 1953 oportere
1104 1911 1225 1944 scilicet
1245 1923 1294 1944 me
1319 1912 1406 1950 hinc,
1426 1912 1676 1945 Atheniensibus

207 1968 326 2005 invitis,
341 1967 438 1999 abire.
481 1966 640 2008 Equidem
663 1965 753 1996 multi
775 1966 870 2004 facio,
896 1977 1046 2008 persuaso
1070 1971 1101 1998 te
1127 1967 1195 1998 haec
1219 1977 1330 2009 agere3
1353 1977 1418 1998 non
1443 1972 1547 1999 autem
1563 1967 1674 2001 invito.

207 2023 350 2055 Attende
375 2022 495 2063 itaque,
512 2020 661 2063 ¹nunquid
686 2019 945 2052 considerationis
967 2021 1091 2052 initium
1117 2021 1175 2052 tibi
1200 2021 1387 2053 sufficienter
1400 2021 1519 2054 dictum
1536 2021 1598 2062 sit3
1621 2033 1676 2054 co-

208 2087 345 2120 nareque
360 2077 445 2119 quod
460 2080 586 2117 rogatus
600 2075 641 2106 sis
665 2074 709 2106 ita
734 2073 809 2116 [49]
834 2075 1033 2116 respondere,
1062 2080 1097 2106 ut
1123 2076 1254 2107 maxime
1269 2086 1396 2108 censeas
1411 2077 1677 2118 respondendum.

210 2133 276 2165 Cn.
300 2131 448 2164 Conabor
461 2129 620 2172 equidem.
665 2128 722 2161 So.
745 2127 890 2160 Dicimus
906 2139 993 2167 sane,
1019 2129 1106 2160 nullo
1121 2131 1216 2162 modo
1230 2135 1341 2172 sponte
1357 2141 1424 2162 esse
1438 2129 1650 2173 injuriandum
1666 2144 1675 2172 ;

210 2198 251 2219 an
267 2186 346 2217 forte
361 2185 497 2228 quodam
514 2189 607 2226 paeto
625 2182 739 2224 injuria
753 2182 900 2214 facienda
915 2188 975 2226 est,
1002 2183 1091 2215 aliter
1105 2195 1178 2216 vero
1193 2189 1390 2227 nequaquam
1406 2184 1417 2215 ?
1441 2184 1490 2216 vel
1506 2185 1612 2227 potius
1627 2185 1676 2216 in-

207 2240 316 2284 juriari
327 2239 416 2271 nullo
431 2238 526 2270 modo
541 2237 590 2269 vel
608 2238 724 2269 bonum
740 2242 800 2280 est,
816 2237 865 2269 vel
880 2238 1058 2280 honestum,
1086 2239 1350 2280 quemadmodum
1369 2239 1404 2270 in
1426 2239 1577 2282 superiori
1597 2245 1676 2272 tem-

213 2306 288 2337 pore
304 2305 389 2336 sa÷pe
409 2292 546 2325 confessi
567 2291 694 2323 sumus?
741 2292 836 2329 Quod
861 2291 989 2333 quidem
1010 2297 1043 2324 ct
1067 2303 1168 2335 nuper
1191 2298 1239 2325 est
1259 2293 1485 2325 confirmatum.
1528 2292 1582 2324 An
1598 2294 1678 2333 forte

212 2359 321 2381 omncs
335 2348 397 2379 illae
413 2347 587 2389 superiores
602 2346 828 2378 conventiones
847 2351 959 2378 nostrae
975 2347 1008 2379 in
1023 2347 1132 2389 paucis
1148 2347 1195 2378 his
1209 2348 1320 2379 diebus
1332 2358 1456 2389 prorsus
1470 2353 1677 2388 evanuerunt,

213 2414 250 2435 ac
272 2402 396 2444 jamdiu
413 2413 471 2433 nos
486 2407 548 2432 tam
564 2402 698 2443 grandes
713 2407 788 2432 natu
804 2401 958 2440 homines,
974 2412 994 2433 o
1011 2401 1110 2439 Crito,
1135 2406 1260 2443 tamque
1274 2402 1413 2433 studiose
1427 2401 1561 2434 invicem
1577 2403 1677 2435 disse·

214 2463 329 2499 rentes,
344 2456 447 2493 latuit,
461 2456 537 2487 nihil
553 2466 572 2487 a
588 2455 692 2497 pueris
707 2466 765 2487 nos
788 2455 937 2487 differre?
982 2455 1034 2487 An
1051 2455 1157 2498 potius
1180 2457 1224 2488 sic
1240 2467 1363 2498 prorsus
1385 2467 1433 2487 res
1453 2467 1487 2488 sc
1512 2457 1619 2495 habet,
1643 2464 1678 2489 ut

208 2511 331 2555 jamdiu
347 2511 541 2547 dicebamus,
553 2510 617 2541 sive
632 2510 763 2541 affirmet
777 2510 808 2541 id
825 2510 1005 2548 multitudo,
1021 2510 1085 2542 sive
1098 2515 1213 2552 neget;
1237 2515 1282 2547 et,
1306 2510 1371 2542 sive
1386 2510 1525 2552 graviora
1541 2521 1678 2552 praesen-

215 2567 310 2607 tibus,
325 2565 390 2596 sive
406 2565 521 2595 leviora
536 2564 637 2596 subire
654 2574 813 2606 cogamur,
828 2569 964 2597 attamen
977 2564 1120 2607 injuriam
1135 2565 1237 2596 facere
1253 2565 1380 2596 omnino
1398 2565 1510 2596 malum
1525 2571 1677 2608 turpeque

214 2631 282 2653 csse
297 2620 430 2651 fatemur
444 2618 487 2648 illi
510 2617 583 2659 ipsi,
609 2617 665 2660 qui
690 2618 778 2658 facit,
797 2629 836 2649 an
862 2619 950 2650 non?
996 2618 1060 2651 Cu.
1086 2618 1230 2651 Fatemur
1246 2625 1340 2651 certe.
1385 2619 1442 2651 So.
1465 2620 1676 2658 Quamobrem

214 2675 302 2707 nullo
318 2674 412 2704 modo
429 2672 640 2714 injuriandum
655 2677 714 2706 cst.
762 2673 826 2706 Cn.
848 2672 947 2705 Nullo
961 2674 1101 2718 quidem.
1145 2674 1202 2705 So.
1225 2673 1352 2716 Neque,
1367 2674 1392 2705 si
1407 2673 1552 2716 injuriam
1569 2684 1677 2716 passus

213 2729 319 2769 fueris,
343 2739 410 2759 eam
439 2727 667 2765 ulciscendum,
693 2733 728 2758 ut
753 2727 862 2769 vulgus
887 2733 989 2770 putat.
1022 2727 1178 2770 siquidem
1203 2728 1291 2760 nulio
1326 2729 1420 2760 modo
1452 2727 1676 2770 injuriandum.

215 2784 279 2815 Cn.
303 2782 352 2813 [ta
376 2781 511 2813 videtur.
556 2781 612 2812 So.
637 2782 723 2819 Quid
748 2782 842 2813 vero?
868 2782 949 2813 maia
973 2782 1067 2813 alicui
1097 2782 1198 2814 facere
1224 2783 1328 2820 decet,
1354 2793 1373 2814 o
1397 2782 1497 2823 Crito,
1519 2791 1560 2813 an
1586 2783 1677 2814 non?

217 2838 282 2869 Cu.
304 2835 378 2867 Non
394 2841 490 2871 certe,
506 2845 525 2865 o
541 2835 696 2866 Socrates.
741 2837 797 2867 So.
821 2837 908 2874 Quid
926 2842 1041 2873 autem,
1055 2836 1110 2878 qui
1125 2837 1205 2868 mala
1220 2838 1346 2879 patitur,
1361 2847 1436 2868 num
1452 2836 1532 2868 mala
1542 2836 1676 2869 vicissim

217 2891 329 2923 referre
344 2889 389 2921 illi
409 2890 517 2930 debet,
539 2889 591 2931 qui
608 2890 725 2927 intulit,
752 2897 787 2921 ut
804 2891 897 2932 vulgo
913 2890 1055 2923 videtur?
1076 2891 1239 2932 justumne
1265 2891 1295 2922 id
1322 2896 1414 2928 essct,
1439 2901 1479 2922 an
1503 2890 1676 2933 injustum?

221 2946 286 2979 Cn.
307 2942 475 2988 Injustum.
520 2944 576 2978 So.
601 2944 726 2988 Nempe
754 2946 834 2978 mala
855 2945 967 2979 inferre
995 2946 1183 2985 hominibus,
1211 2957 1274 2979 non
1301 2946 1457 2989 discrepat
1492 2946 1532 2978 ab
1555 2945 1680 2988 injuria.
