1846 3268
225 254 320 305 1921]
768 252 1100 316 convrva.
1606 255 1685 293 409

219 357 412 400 filiorumque
429 356 660 399 generationem
675 359 964 397 naturafspernunn
980 355 1041 386 nisi
1056 355 1125 397 lege
1140 359 1301 396 cogantur„
1325 355 1439 386 coelebs
1457 365 1546 397 porro
1562 355 1626 387 vita
1638 357 1685 387 his

220 411 334 454 placet.
379 411 516 442 Omnino
530 410 626 452 igitur
640 409 685 440 vir
702 410 772 440 talis
787 420 885 440 mares
900 410 1017 451 diligit,
1033 409 1265 451 amicorumque
1282 409 1440 440 studiosus
1453 409 1595 446 efficitur,
1611 421 1686 451 cog-

220 470 295 497 nato
318 474 440 507 semper
463 465 705 506 congratulatus„
728 464 883 506 quodiens
906 463 1013 505 itaque
1036 463 1199 495 dimidium
1226 474 1315 494 suum
1339 463 1445 500 alicui,
1469 462 1685 505 cujuscunque

221 530 312 550 sexus
334 519 444 550 avidus
458 518 509 556 sit,
525 517 670 554 occurrit,
685 516 952 550 vehementissime
976 517 1173 548 concitantur
1198 521 1231 549 et
1243 517 1472 558 obstupescunt
1486 516 1686 558 amicitiaque

220 578 254 603 et
267 571 473 603 familiaritate
488 577 521 603 et
544 582 647 602 amore
662 571 793 611 ardent3
815 581 918 612 neque
934 575 1125 601 momentum
1141 570 1279 612 quidem,
1295 575 1329 600 ut
1344 570 1389 601 ita
1403 569 1544 611 dixerim,
1561 569 1686 611 sejungi

219 636 240 657 a
264 636 298 656 se
321 625 454 657 invicem
480 625 652 667 patiuntur.
697 624 807 667 Atque
833 624 867 655 hi
890 629 973 665 sunt,
995 623 1050 665 qui
1073 634 1128 665 per
1149 634 1274 655 omnem
1297 624 1392 654 vitam
1409 634 1511 654 amare
1527 629 1684 666 pergunt:

216 689 331 721 neque,
355 679 432 720 quid
460 679 654 721 potissimum
681 689 700 709 a
725 689 758 709 se
783 678 919 710 vicissim
946 682 1108 719 expetant,
1131 677 1301 719 exprimere
1317 682 1459 718 possunt.
1483 687 1586 719 neque
1602 677 1684 718 enim

219 743 369 765 venereus
382 733 483 765 coitus
511 733 543 764 id
559 743 626 765 esse
642 733 776 769 videtur,
791 731 883 774 cujus
898 731 997 774 gratia
1021 731 1099 762 alter
1121 731 1247 762 alterius
1269 731 1497 762 consuetudine
1521 735 1686 771 tantopere

218 786 401 819 delectatur.
425 787 511 818 aliud
527 787 679 829 quiddam
694 791 742 817 est
757 786 911 828 profecto,
927 786 1013 827 quod
1026 785 1147 816 animus
1160 783 1319 825 utriusque
1331 783 1431 825 cupit,
1446 773 1505 814 nce
1516 783 1686 825 exprimere

217 839 316 882 valet,
341 841 396 872 sed
412 841 599 872 vaticinatur
612 841 730 883 potius,
746 845 779 872 et
794 840 941 871 affectum
956 839 1084 870 insitum
1106 838 1246 879 vestigiis
1260 838 1362 879 signat
1377 836 1540 868 obscruris.
1585 837 1688 878 Atqui

218 893 246 925 si
269 905 332 926 una
352 893 533 936 jacentibus
560 895 620 926 illis
647 904 782 937 superne
806 894 970 926 Vulcanus
996 893 1059 924 suis
1084 892 1295 923 instrumentis
1322 892 1448 921 adstans
1471 890 1687 932 interrogaret,

222 947 308 985 Quid
325 953 386 991 est,
410 960 428 979 ο
450 949 602 986 homines,
618 949 702 990 quod
731 958 750 979 a
765 947 854 979 vobis
877 947 1010 979 vicissim
1027 946 1168 988 exigitis?
1192 951 1225 977 et
1250 944 1482 987 ambigentibus
1496 943 1558 975 illis
1572 944 1683 975 iterum

214 1006 459 1043 percontaretur,
474 1001 628 1044 Nunquid
645 1002 705 1034 hoc
721 1000 887 1042 exoptatis,
903 1000 935 1031 in
952 1010 1047 1031 unum
1063 999 1210 1040 idemque
1226 999 1358 1030 maxime
1374 997 1536 1039 congredi,
1552 998 1632 1029 adeo
1649 1002 1686 1028 ut

219 1066 322 1097 neque
337 1055 388 1086 die
403 1066 506 1097 neque
521 1060 614 1087 nocte
636 1055 770 1087 invicem
787 1054 973 1096 separemini
987 1055 1005 1089 ἓ,
1043 1054 1152 1089 Sirhoc
1176 1053 1342 1095 affectatis,
1365 1051 1614 1093 colliquefaciam
1631 1062 1686 1082 vos

218 1109 474 1151 confundamque
496 1108 529 1140 in
545 1109 693 1150 idemrut
717 1119 755 1140 ex
777 1108 899 1139 duobus
922 1118 1017 1138 unum
1033 1107 1223 1144 efficiamini,
1246 1111 1356 1138 ettam
1380 1106 1412 1136 in
1428 1107 1487 1137 hac
1514 1106 1577 1136 vita
1591 1115 1684 1146 quam

221 1163 307 1204 apud
320 1162 433 1195 inferos
460 1173 557 1194 unum
574 1173 694 1204 semper
709 1161 922 1203 perseveretis.
943 1160 1073 1206 videte,
1095 1171 1134 1191 an
1150 1161 1210 1192 hoo
1225 1160 1378 1202 sit,.quod
1401 1159 1526 1200 ardetis,
1548 1158 1686 1200 satisque

220 1217 358 1248 futurum
384 1217 424 1247 sit
439 1216 538 1253 vobis,
552 1216 580 1247 si
598 1215 875 1257 *hujuscompotes
888 1214 1077 1250 efficiamini.
1120 1214 1154 1245 Si
1177 1214 1233 1252 ita,
1251 1214 1392 1255 inquam,
1414 1213 1578 1258 Vulcanus
1599 1223 1686 1255 quae-

218 1275 310 1308 reret,
326 1270 560 1313 constat‚*quod
576 1281 668 1301 nemo
683 1274 827 1302 renueret
850 1274 905 1302 aut
919 1269 1006 1306 aliud
1022 1279 1116 1310 quam
1140 1269 1200 1299 hoc
1213 1274 1358 1309 expetere
1366 1268 1536 1302 videretur.
1558 1278 1590 1298 re
1613 1277 1686 1298 vera

217 1324 315 1366 enim,
329 1324 415 1366 quod
432 1324 508 1355 olim
522 1324 674 1366 cupierat,
688 1324 812 1355 audisse
828 1334 861 1355 se
876 1323 1008 1365 quisque
1025 1327 1159 1364 putaret,
1177 1332 1343 1364 congressu
1364 1320 1511 1353 videlicet
1534 1320 1685 1352 commix-

215 1377 366 1420 tioneque
381 1388 452 1411 oum
468 1383 571 1409 amato
588 1388 683 1409 unum
698 1388 736 1408 ex
761 1377 884 1408 duobus
899 1376 1023 1412 confici.
1069 1375 1174 1416 Hujus
1189 1385 1283 1407 causa
1304 1379 1362 1410 est,
1379 1374 1453 1416 quia
1468 1374 1570 1416 prisca
1583 1373 1686 1408 homi-

217 1436 419 1464 nummatum
432 1432 499 1464 lraec
514 1436 592 1466 erat,
601 1431 776 1472 integrique
791 1441 922 1462 eramus.
966 1430 1076 1461 Totius
1096 1430 1205 1471 itaque
1221 1428 1381 1460 reficiendi
1396 1428 1514 1470 cupido
1529 1427 1685 1468 nixusque

217 1485 330 1516 amoris
345 1495 460 1516 nomen
476 1484 610 1527 accepit.
634 1485 732 1527 [193]
750 1484 822 1515 olim
836 1484 979 1525 quidem,
995 1488 1031 1514 ut
1045 1493 1138 1524 supra
1160 1482 1334 1519 narrabam,
1350 1492 1446 1521 unum
1460 1480 1595 1523 quisque
1610 1490 1685 1511 nos-

218 1544 298 1571 trum
313 1543 397 1570 erat:
423 1539 537 1570 deinde
553 1543 679 1580 propter
695 1530 878 1579 injustitiam
895 1549 913 1568 a
928 1537 999 1569 Deo
1016 1536 1103 1570 scissi
1129 1537 1256 1574 fuimus,
1272 1535 1534 1578 quemadmodum
1551 1545 1569 1565 a
1581 1533 1684 1570 Lace-

220 1592 384 1624 daemoniis
399 1591 549 1624 Arcades.
572 1592 741 1633 verendum
767 1598 814 1623 est
829 1597 988 1634 praeterea,
1015 1601 1067 1632 ne,
1092 1591 1116 1622 si
1134 1591 1234 1621 minus
1256 1589 1389 1620 modesti
1409 1588 1631 1631 quamdeceat
1651 1587 1685 1617 in

217 1647 307 1678 Deos
321 1646 426 1688 simus,
447 1646 558 1678 iterum
575 1645 752 1687 dividamur
762 1645 901 1687 talesque
913 1645 1093 1683 efficiamur,
1105 1645 1212 1687 quales
1226 1644 1279 1686 qui
1291 1644 1323 1675 in
1334 1643 1488 1675 columnis
1498 1642 1682 1684 figurantur,

217 1711 308 1732 nares
333 1700 422 1737 secti,
446 1700 614 1732 evadamus
640 1699 755 1731 similes
780 1699 1030 1733 tenuissimorum
1056 1699 1251 1741 quorundam
1276 1698 1467 1734 animalium,
1493 1707 1563 1738 quae
1592 1694 1681 1737 lipsae

217 1759 380 1786 vocantur.
422 1754 484 1785 Sed
508 1753 616 1784 horum
633 1754 731 1795 gratia
747 1763 1000 1795 unumquemque
1025 1754 1117 1784 decet
1131 1763 1250 1784 summa
1265 1752 1383 1794 pietate
1404 1751 1492 1782 Deos
1514 1749 1629 1786 colere,
1651 1753 1685 1780 et

220 1808 298 1840 alios
312 1809 352 1840 ad
367 1808 427 1840 hoc
442 1808 615 1839 exhortari:
641 1813 676 1839 ut
697 1808 764 1839 lraec
786 1808 932 1845 vitemus,
958 1807 1165 1849 adipiscamur
1191 1807 1263 1838 illa:
1287 1810 1323 1837 ut
1337 1804 1600 1848 quemadmodum
1624 1813 1683 1839 nos

222 1863 288 1894 dux
301 1867 407 1894 noster
420 1861 519 1894 Amor
532 1866 565 1892 et
574 1863 740 1904 imperator
749 1861 970 1903 admonet,cui
982 1861 1084 1897 nullus
1094 1871 1266 1903 repugnare
1278 1861 1401 1900 audeat.
1416 1862 1570 1900 repugnat
1578 1861 1683 1892 autem

222 1917 310 1955 huic,
332 1917 386 1960 qui
414 1917 593 1949 adversatur
614 1916 702 1949 Diis.
724 1927 796 1948 nam
820 1917 844 1947 si
859 1915 932 1948 Deo
956 1916 1159 1952 reconciliati,
1184 1925 1254 1947 eum
1277 1913 1446 1956 propitium
1473 1910 1684 1946 habuerimus,

220 1971 335 2013 singuli
350 1970 514 2003 dimidium
532 1981 619 2002 suum
635 1976 816 2012 exoptatum
831 1970 1019 2012 reperiemus
1034 1975 1067 2001 et
1080 1979 1316 2011 consequemur.
1340 1968 1425 2009 quod
1446 1966 1572 2008 quidem
1589 1963 1684 2006 pauci

217 2025 266 2057 his
278 2025 469 2067 temporibus
484 2030 594 2068 agunt.
641 2025 757 2067 Neque
773 2035 944 2056 sermonem
962 2025 1045 2056 hunc
1072 2034 1174 2056 meum
1197 2023 1425 2065 Eryximachus
1441 2021 1499 2051 iste
1520 2018 1680 2060 corripiat,

219 2079 309 2122 quasi
335 2080 520 2111 Pausaniam
543 2079 806 2122 Agathonemque
829 2079 945 2112 dicam.
966 2079 1046 2110 sorte
1068 2079 1151 2110 enim
1174 2083 1207 2109 ct
1227 2078 1282 2108 isti
1303 2087 1341 2108 ex
1365 2075 1411 2106 his
1427 2079 1510 2112 sunt,
1525 2079 1558 2105 et
1571 2079 1682 2104 natura

224 2134 316 2165 ambo
330 2144 430 2165 mares
444 2134 606 2166 exsistunt.
653 2132 768 2165 Assoro
795 2133 940 2174 equidem
966 2133 1006 2164 de
1032 2132 1177 2164 omnibus
1198 2131 1271 2162 viris
1286 2141 1322 2170 ac
1337 2129 1472 2167 feminis,
1493 2128 1537 2159 ita
1559 2128 1685 2158 demum

219 2198 317 2229 genus
331 2193 468 2218 nostrum
484 2186 550 2218 fore
566 2188 703 2225 beatum,
720 2187 746 2218 si
760 2188 887 2229 quando
904 2182 1016 2218 amoris
1031 2186 1183 2228 impetum
1208 2185 1398 2226 expleamus,
1414 2187 1448 2214 et
1462 2182 1524 2213 suis
1547 2182 1679 2223 quisque

220 2240 342 2273 deliciis
365 2241 513 2283 potiatur,
539 2241 572 2272 in
597 2242 755 2283 antiquam
785 2246 926 2272 naturam
949 2241 1075 2283 penitus
1100 2240 1271 2271 restitutus.
1316 2237 1351 2269 Si
1379 2238 1439 2269 hoc
1467 2235 1679 2268 felicissimum

220 2295 371 2336 quiddam
386 2301 446 2336 est,
461 2295 611 2338 sequitur,
623 2300 659 2326 ut
673 2306 710 2327 ex
725 2295 775 2337 iis,
789 2306 860 2338 quae
875 2305 959 2327 nunc
975 2295 1065 2326 nobis
1082 2295 1196 2325 tributa
1210 2298 1294 2330 sunt,
1318 2292 1402 2335 quod
1419 2291 1491 2322 huic
1507 2289 1678 2330 proximum

220 2354 279 2386 est,
294 2348 328 2380 id
345 2349 385 2381 sit
399 2355 432 2380 et
446 2349 599 2391 optimum
615 2361 621 2380 :
647 2350 706 2381 hoc
721 2354 779 2387 est,
794 2354 830 2380 ut
855 2349 987 2391 quilibet
1001 2359 1066 2386 eos,
1081 2348 1137 2390 qui
1152 2353 1263 2379 natura
1275 2347 1336 2389 ipsi
1351 2346 1436 2378 cordi
1459 2349 1542 2380 sunt,
1560 2342 1684 2374 nancis-

223 2408 322 2434 catur.
367 2403 467 2446 Cujus
491 2404 738 2446 utiqueycausam
754 2403 860 2435 Deum
877 2403 1051 2440 laudantes,
1067 2402 1214 2434 Amorem
1225 2401 1296 2442 jure
1311 2400 1437 2431 laudare
1450 2399 1612 2438 dehemus,
1627 2396 1682 2438 qui

221 2455 255 2487 in
272 2457 416 2498 praesenti
433 2462 572 2500 tempore
588 2469 645 2489 nos
661 2469 856 2500 summopere
867 2457 970 2500 juvat,
995 2457 1070 2488 dum
1086 2456 1119 2488 in
1137 2467 1224 2487 suum
1239 2454 1411 2497 igniculum
1427 2461 1682 2495 ,quemquecou-

222 2509 323 2548 ducit,
338 2515 370 2542 et
383 2510 417 2541 in
433 2517 588 2552 posterum
604 2522 691 2554 spem
706 2523 855 2543 summam
871 2512 1000 2554 porrigit
1014 2511 1103 2543 nobis
1118 2511 1206 2544 Deos
1222 2510 1272 2551 pie
1296 2508 1483 2544 colentibus,
1499 2506 1530 2537 in
1547 2510 1681 2545 veterem

224 2564 353 2605 figuram
379 2565 572 2597 restituendo
595 2566 813 2607 medendoque
840 2577 873 2598 se
897 2576 955 2596 nos
977 2565 1170 2603 beatissimos
1193 2564 1388 2596 effecturum.
1433 2561 1497 2592 Hic
1513 2569 1601 2590 meus
1624 2564 1683 2593 est,

222 2617 442 2660 Eryximaclre,
459 2619 498 2650 de
518 2620 635 2651 Amore
651 2630 763 2658 sermo,
779 2630 798 2651 a
811 2624 865 2651 tuo
881 2620 1020 2656 diversus
1034 2631 1042 2651 t
1067 2629 1174 2662 quern,
1187 2623 1224 2651 ,ut
1239 2627 1331 2658 supra
1346 2616 1441 2657 oravi,
1457 2623 1631 2656 neqcarpaS,
1648 2616 1683 2641 ut

221 2672 399 2713 audiamus,
422 2674 498 2715 quid
524 2674 658 2716 quisque
683 2673 872 2716 reliquorum
895 2674 1018 2716 afferat,
1039 2674 1138 2709 immo
1167 2672 1243 2714 quid
1274 2676 1414 2711 uterque.
1438 2679 1508 2699 nam
1534 2666 1682 2707 Agathou

222 2727 375 2757 duntaxat
389 2731 422 2758 et
435 2727 577 2759 Socrates
591 2732 719 2771 restant.
762 2728 852 2763 Euty,
875 2719 999 2762 Mrirem
1017 2727 1070 2758 tibi
1088 2737 1200 2769 geram.
1224 2736 1295 2756 nam
1310 2723 1385 2755 mihi
1395 2723 1492 2754 oratio
1505 2726 1558 2751 tua
1570 2719 1683 2760 placet.

225 2785 259 2811 et
273 2780 334 2811 nisi
349 2780 562 2822 cognovissem
577 2781 736 2812 Socratem
752 2786 785 2812 et
799 2781 1000 2823 Agathonem
1017 2781 1048 2811 in
1062 2779 1217 2811 amatoriis
1228 2789 1295 2810 esse
1306 2778 1471 2813 facundos,
1483 2774 1684 2811 dubitassem,

225 2844 266 2866 ne
283 2835 375 2865 verba
402 2834 463 2865 illis
479 2835 660 2876 deficerent,
685 2845 723 2866 eo
745 2836 834 2876 quod
859 2835 957 2866 multa
981 2834 1126 2875 variaque
1150 2839 1222 2864 sunt
1245 2833 1343 2864 dicta.
1365 2841 1469 2861 verum
1495 2828 1596 2859 adhuc
1622 2825 1685 2855 illis

226 2888 363 2920 mnfido.
384 2887 485 2931 [194]
510 2888 564 2920 So.
585 2888 720 2921 Strenue
736 2894 768 2920 et
782 2883 856 2930 ipse‘
866 2888 1002 2926 certasti,
1017 2900 1036 2919 o
1061 2888 1280 2930 Eryximache.
1307 2895 1412 2916 verum
1437 2882 1509 2913 siin
1533 2891 1571 2911 eo
1586 2878 1683 2921 gradu

225 2941 412 2975 constitutus
423 2953 518 2981 esses,
534 2943 566 2976 iu
579 2954 640 2983 quo
653 2953 736 2976 nunc
750 2954 809 2984 ego
822 2954 900 2980 sum,
912 2943 1005 2975 immo
1021 2942 1052 2973 in
1064 2952 1127 2984 quo
1141 2952 1205 2979 ero,
1221 2951 1291 2973 oum
1304 2939 1451 2981 Agathou
1467 2944 1593 2978 quoquo
1607 2933 1682 2964 scite

320 2995 407 3028 Pcat.
435 2997 487 3027 Tr.
976 2997 1004 3029 Ι.
1530 2991 1548 3019 8
1574 2986 1598 3017 F
