1846 3268
219 255 294 294 178
572 248 795 289 INCERTI
825 245 1101 288 AUCTORIS
1131 247 1321 287 MINOS.
1585 251 1678 302 [321

213 366 262 394 est
275 359 576 404 compotationibus,
590 362 686 400 atque
700 354 857 399 ejusmodi
872 355 955 386 ludis
971 354 1130 387 abstinent
1157 361 1266 397 praeter
1281 355 1447 388 Cretenses
1465 361 1560 398 atque
1584 355 1684 389 Laee-

214 415 400 456 daemonios,
414 414 468 456 qui
484 424 502 444 a
520 412 725 444 Cretensibus
751 409 942 441 didicerunt.
966 409 998 440 in
1026 409 1122 441 Creta
1146 415 1297 452 praeterea
1317 410 1398 441 inter
1423 415 1541 442 ceteras
1562 409 1684 442 Minois

214 471 315 513 ipsius
330 471 416 512 leges
430 470 498 500 haec
513 473 626 505 exstat,
654 467 706 498 Ne
732 465 868 497 invicem
890 465 1079 506 computetis
1103 465 1143 495 ad
1166 466 1361 498 ebrietatem.
1407 465 1542 497 Constat
1566 469 1685 502 autem,

216 536 300 562 eum,
316 535 388 567 quae
403 525 535 555 honesta
550 521 712 558 censebat,
736 519 858 552 civibus
883 519 947 550 suis
971 519 1165 551 observanda
1181 520 1355 551 mandasse.
1378 529 1480 561 neque
1501 520 1612 551 Minos
1627 519 1685 551 im-

216 579 307 622 probi
322 578 456 609 hominis
471 576 568 608 instar
583 575 645 607 alia
660 575 727 617 ipse
742 574 880 611 fecisset,
902 574 964 605 alia
986 573 1130 605 facienda
1156 575 1346 607 mandasset.
1368 580 1504 606 ceterum
1520 578 1586 606 erat
1608 583 1686 606 con-

215 634 351 666 suetudo
365 633 434 673 illa,
451 637 486 663 ut
501 630 580 668 dixi,
595 629 775 672 disciplinae
800 628 900 671 gratia
913 629 1077 660 verborum
1102 629 1252 662 collatio:
1277 634 1442 671 propterea
1467 629 1552 670 leges
1576 627 1685 669 hujus-

216 688 303 719 modi
317 684 439 720 'civibus
454 678 518 717 suis
535 684 684 722 instituit,
700 694 831 726 quarum
848 683 1066 715 observatione
1082 683 1178 715 Creta
1196 694 1253 726 per
1271 694 1364 715 omne
1391 688 1515 724 tempus
1538 687 1586 714 est
1599 682 1687 719 felix,

216 753 253 775 ac
269 741 363 774 etiam
381 741 603 780 Lacedaemon,
616 750 654 770 ex
667 749 730 781 quo
747 739 784 770 iis
799 737 932 779 legibus,
949 743 1060 778 utpote
1075 737 1201 778 divinis,
1213 738 1259 769 uti
1272 737 1380 780 coepit.
1425 736 1687 768 Rhadamanthus

215 801 320 828 autem
337 795 382 827 vir
393 795 522 837 quidem
549 795 650 825 bonus
676 793 816 825 exstitit:
842 803 860 824 a
875 792 992 824 Minoi}
1018 791 1173 834 siquidem
1199 792 1370 824 instructus
1397 797 1474 824 erat.
1497 802 1556 824 nec
1581 796 1687 824 tamen

216 851 331 892 regiam
344 849 545 892 disciplinam
558 859 696 890 omnem,
711 849 767 879 scd
783 847 849 889 regi
874 852 994 878 tantum
1021 847 1194 879 ministrare
1220 848 1254 878 in
1275 847 1420 890 judiciis,
1444 846 1578 879 didicit:
1603 846 1688 879 unde

212 904 312 947 judex
330 894 447 946 peritus
461 903 640 946 appellatus
655 908 714 934 est.
737 914 775 934 eo
792 902 899 943 plane,
915 902 1012 933 veluti
1038 902 1142 944 legum
1166 903 1309 939 custode,
1335 913 1390 944 per
1415 902 1520 933 urbem
1545 912 1616 933 usus
1640 906 1690 934 est

217 959 348 990 Minos:
373 959 412 990 ad
429 958 580 1000 reliquam
595 968 670 988 vero
686 957 811 989 Cretam
828 957 959 988 custode
974 956 1079 989 Tallo.
1123 957 1233 988 Tallus
1244 957 1327 988 enim
1344 962 1390 988 tet
1404 957 1574 999 quotannis
1591 966 1689 998 pagos

218 1024 328 1044 omnes
343 1013 505 1050 lustrabat,
521 1012 605 1054 leges
625 1022 731 1043 eorum
754 1012 982 1048 observaturus,
1008 1011 1121 1042 tabulis
1148 1011 1236 1042 aereis
1262 1011 1347 1052 leges
1369 1010 1542 1052 insculptas
1557 1011 1689 1043 circum-

218 1068 338 1100 ferens:
362 1067 448 1099 unde
468 1077 556 1098 aereae
577 1067 748 1098 nominatae
772 1070 858 1097 sunt.
903 1065 1062 1096 Hesiodus
1080 1071 1229 1107 praeterea
1244 1065 1358 1096 similia
1372 1065 1516 1107 quaedam
1531 1065 1565 1096 in
1584 1065 1688 1107 ipsum

216 1122 365 1154 Minoem
378 1122 494 1153 intulit.
516 1132 589 1153 nam
605 1132 675 1153 cum
692 1120 828 1152 nominis
852 1120 936 1151 illius
951 1121 1141 1152 mentionem
1159 1120 1296 1158 fecisset,
1315 1120 1438 1163 inquit:
1465 1120 1532 1157 Qui
1545 1119 1690 1153 mortali-

214 1177 272 1209 bus
297 1176 425 1218 regibus
446 1176 616 1218 praestitz't,
633 1175 836 1217 pluribusque
848 1175 998 1216 gentibus
1013 1175 1191 1217 imperavit,
1206 1175 1300 1208 Jovis
1314 1178 1471 1217 sceptrum
1484 1174 1614 1218 habens,
1631 1185 1691 1216 quo

216 1232 365 1264 civitates
378 1231 519 1271 regebat.
565 1229 629 1262 Hic
654 1229 729 1261 item
755 1234 911 1271 sceptrum
937 1229 958 1261 J
962 1229 1027 1260 ovis
1052 1229 1130 1261 nihil
1146 1230 1231 1261 aliud
1248 1235 1351 1267 vocat,
1366 1240 1459 1271 quarn
1474 1228 1566 1261 Jovis
1577 1229 1693 1261 doctri-

218 1296 303 1323 nam,
319 1297 381 1328 qua
393 1286 518 1318 Cretam
533 1288 657 1317 onmem
674 1285 904 1316 moderabatur.
950 1284 1045 1316 Mm.
1068 1284 1172 1322 Quam
1190 1284 1284 1326 igitur
1306 1285 1347 1315 ob
1373 1294 1510 1321 causam,
1535 1283 1691 1321 Socrates,

219 1342 302 1373 fama
317 1342 384 1373 haec
401 1341 482 1372 inter
493 1340 636 1371 homines
650 1339 765 1371 diffusa
780 1344 840 1381 est,
855 1339 1002 1371 Minoem
1019 1339 1120 1381 ipsum
1134 1339 1250 1370 'rudem
1265 1339 1440 1380 durumque
1456 1338 1614 1369 hominem
1637 1348 1692 1370 ex-

220 1397 362 1428 stitisse?
408 1396 465 1427 So.
489 1395 541 1427 Ob
557 1405 651 1438 quam
667 1399 700 1426 et
721 1399 767 1432 tu,
791 1404 810 1424 o
836 1393 884 1424 vir
899 1393 1032 1434 optime,
1048 1399 1080 1425 et
1098 1394 1310 1436 unusquisque
1330 1393 1420 1430 alius,
1444 1393 1495 1424 cui
1510 1391 1595 1423 fama
1609 1401 1691 1423 curae

219 1455 278 1487 est,
295 1451 319 1482 si
336 1451 430 1482 modo
446 1449 567 1492 sapitis,
596 1449 765 1491 diligenter
778 1459 888 1480 cavere
904 1448 1039 1486 debetis,
1055 1459 1095 1480 ne
1112 1447 1274 1490 poeticum
1289 1448 1447 1480 hominem
1460 1447 1619 1478 infensum
1634 1445 1693 1478 ali·

221 1516 315 1547 quem
331 1505 482 1536 habeatis.
506 1504 612 1545 poetae
627 1504 748 1546 quippe
767 1503 826 1534 vim
841 1503 1004 1534 maximam
1021 1503 1055 1534 in
1071 1508 1234 1545 utramque
1249 1508 1384 1545 partem,
1397 1507 1430 1533 et
1444 1502 1484 1533 ad
1498 1500 1690 1532 laudandum

220 1565 253 1591 et
278 1560 318 1590 ad
345 1558 600 1600 vituperandum,
625 1558 753 1589 habent.
777 1567 841 1599 qua
865 1557 897 1587 in
923 1567 955 1588 re
979 1558 1122 1599 profecto
1149 1558 1258 1589 Minos
1283 1557 1431 1599 deliquit,
1446 1566 1516 1588 cum
1535 1556 1607 1588 huic
1622 1554 1695 1587 urbi

221 1614 336 1646 bellum
363 1613 528 1649 indiceret,
552 1623 622 1654 quae
647 1622 719 1644 cum
747 1611 858 1643 ceteris
882 1610 1076 1653 sapientibus
1104 1612 1257 1653 plurimis,
1272 1617 1338 1643 turn
1351 1611 1399 1643 vel
1425 1610 1558 1642 maxime
1584 1609 1692 1653 poetis

223 1668 324 1700 omnis
340 1667 474 1710 generis,
487 1677 524 1698 ac
541 1666 666 1707 tragicis
683 1665 867 1707 praesertim,
882 1665 994 1697 referta
1009 1670 1067 1696 est.
1110 1666 1275 1708 Tragoedia
1290 1677 1363 1698 vero
1388 1666 1440 1697 hic
1466 1670 1514 1697 est
1538 1663 1694 1707 antiquis-

222 1723 300 1754 sima
314 1735 321 1754 ε
346 1732 419 1764 nec,
435 1727 471 1753 ut
486 1721 628 1763 plerique
644 1725 769 1763 putant,
797 1731 815 1752 a
827 1719 986 1761 Thespide
1002 1725 1058 1751 aut
1072 1730 1090 1750 a
1107 1720 1291 1762 Phrynicho
1307 1721 1441 1762 sumpsit
1455 1719 1578 1751 initium
1592 1729 1600 1750 :
1624 1719 1693 1756 sed,

221 1777 244 1808 si
262 1776 446 1820 perscrutari
462 1775 608 1814 volueris,
623 1775 759 1818 reperies
783 1775 981 1817 Tragoediam
1005 1775 1098 1816 longe
1123 1774 1282 1816 antiquius
1309 1774 1402 1816 hujus
1427 1774 1564 1806 civitatis
1583 1774 1694 1806 inven-

221 1837 299 1863 tum.
335 1831 433 1873 [321]
458 1831 538 1862 Haec
562 1835 666 1862 autem
689 1841 728 1862 ex
755 1830 897 1862 universa
924 1829 1013 1871 po‘esi
1032 1829 1184 1871 populum
1199 1831 1400 1861 vehementer
1424 1829 1576 1871 oblectat,
1598 1833 1694 1871 atque

222 1885 323 1918 allicit
337 1885 509 1922 auditores.
533 1885 564 1916 in
581 1895 644 1926 qua
659 1895 717 1916 nos
733 1885 835 1927 ipsum
863 1883 1010 1916 Minoem
1035 1884 1219 1921 inserentes,
1243 1884 1303 1914 ulti
1323 1894 1450 1915 sumus:
1472 1883 1528 1915 sed
1554 1888 1588 1915 et
1600 1882 1695 1925 hujus

222 1940 322 1983 gratia
337 1940 454 1971 tributa
478 1940 532 1971 illa
557 1940 696 1981 pendere
721 1949 779 1970 nos
794 1938 913 1981 coegit.
957 1938 996 1970 In
1018 1939 1079 1970 hoc
1094 1938 1190 1980 igitur
1204 1938 1339 1980 deliquit
1354 1937 1475 1977 Minos,
1488 1947 1558 1970 cum
1574 1939 1632 1969 nos
1648 1937 1694 1970 la-

220 2000 366 2027 cesseret.
389 2006 427 2027 ex
443 2005 507 2036 quo
522 1993 639 2031 evenit,
664 1994 751 2036 quod
772 1993 841 2037 ipse
856 1993 981 2035 quaerIs,
1002 1998 1037 2024 ut
1063 1993 1187 2024 infamis
1202 1994 1361 2024 evaderet.
1382 1993 1532 2035 quoniam
1547 1992 1632 2034 quod
1649 1991 1696 2024 vir

222 2049 325 2080 bonus
339 2053 434 2091 atque
449 2049 619 2092 legitimus,
646 2053 682 2080 ut
708 2059 803 2091 supra
826 2048 977 2089 diximus,
1001 2053 1034 2079 et
1056 2047 1213 2080 excellens
1239 2052 1346 2089 pastor
1360 2047 1471 2090 populi
1485 2047 1593 2090 fuerit,
1608 2047 1694 2089 leges

223 2103 293 2146 cjus
309 2108 492 2145 argumento
509 2108 594 2140 sunt,
618 2114 688 2146 quae
705 2102 915 2134 immutabiles
930 2107 1142 2144 perseverant,
1167 2107 1278 2144 utpote
1294 2112 1366 2134 vera
1384 2101 1521 2133 civitatis
1541 2102 1695 2143 guberna-

225 2159 311 2191 tione
337 2164 472 2200 reperta.
518 2158 610 2190 Mm.
634 2157 844 2190 Verisimilem
869 2157 1034 2198 rationem,
1060 2169 1080 2188 o
1110 2157 1266 2194 Socrates,
1295 2157 1436 2188 attulisse
1465 2155 1592 2188 videris.
1635 2155 1695 2189 So.

224 2212 343 2244 Nonne
370 2213 476 2255 igitur,
502 2212 528 2244 si
544 2223 616 2245 vera
642 2212 765 2255 loquor,
790 2212 939 2243 videntur
963 2212 1020 2243 tibi
1047 2212 1224 2248 Cretenses,
1248 2208 1368 2243 Minois
1395 2210 1695 2254 Rhadamanthique

225 2267 323 2304 cives,
342 2267 568 2309 antiquissimis
594 2267 716 2309 legibus
743 2266 811 2297 uti?
856 2267 949 2298 Mm.
972 2266 1133 2298 Videntur
1149 2277 1236 2298 sane.
1281 2266 1342 2299 So.‘
1357 2265 1417 2297 Isti
1431 2276 1505 2307 ergo
1524 2265 1694 2307 priscorum

224 2321 363 2353 omnium
391 2321 610 2362 legumlator-es
634 2320 888 2353 excellentissimi
908 2321 1047 2361 suerunt,
1069 2321 1293 2363 hominumque
1310 2326 1469 2362 pastores:
1493 2320 1696 2361 quemadmo-

225 2376 300 2407 dum
317 2380 349 2407 et
361 2376 517 2407 Homerus
538 2376 655 2407 bonum
670 2376 824 2407 exercitus
838 2377 951 2407 ducem
969 2380 1125 2417 pastorem
1142 2375 1254 2418 populi
1268 2379 1442 2416 nuncupat.
1487 2373 1579 2406 Mm.
1603 2374 1697 2405 Pror-

224 2441 288 2462 sus.
332 2430 388 2462 So.
411 2430 482 2471 Age
504 2430 610 2472 itaque
637 2441 691 2472 per
713 2430 826 2463 Jovern
852 2430 1060 2466 amicabilem,
1086 2429 1110 2460 si
1138 2429 1209 2472 quis
1233 2440 1291 2461 nos
1316 2434 1416 2471 roget,
1431 2427 1576 2460 conditor
1590 2427 1695 2470 legum

224 2484 308 2516 circa
326 2485 466 2525 corporis
481 2484 696 2516 valetudinem
719 2484 796 2527 quid
818 2485 941 2527 corpori
968 2485 1110 2526 adhibet,
1138 2489 1173 2516 ut
1191 2485 1304 2516 bonam
1318 2483 1533 2515 valetudinem
1548 2483 1697 2515 tueatur?

225 2539 485 2581 responderemus
501 2539 610 2581 utique
626 2545 710 2571 recte
726 2550 764 2571 ac
781 2540 926 2580 breviter,
941 2540 1027 2582 quod
1042 2538 1267 2570 nutrimentum
1285 2543 1318 2570 et
1341 2537 1535 2575 exercitium,
1561 2542 1627 2568 turn
1647 2536 1699 2568 in-

226 2594 372 2631 tendens,
402 2597 468 2624 tum
493 2593 665 2635 remittens,
694 2599 789 2637 atque
816 2594 860 2626 ita
889 2605 1003 2636 corpus
1029 2603 1235 2635 componens.
1282 2593 1317 2624 M
1323 2603 1373 2625 m.
1411 2592 1526 2624 Probe.
1571 2591 1629 2624 So.
1662 2590 1698 2623 Si

227 2648 361 2691 posthac
375 2648 486 2679 iterum
502 2653 632 2690 quaerat,
649 2648 728 2680 lator
745 2649 848 2691 legum
865 2649 906 2680 ad
923 2649 1058 2680 animam
1075 2648 1298 2691 pertinentium
1323 2646 1456 2690 ejusque
1482 2650 1589 2689 pastor
1611 2645 1696 2688 opti·

227 2713 296 2734 mus
312 2702 388 2744 quid
399 2701 448 2733 illi
465 2702 616 2734 adhibens
628 2703 792 2736 *meliorem
809 2703 928 2735 efficit?
951 2703 1029 2746 quid
1043 2713 1102 2735 nos
1116 2703 1190 2734 huic
1207 2702 1404 2744 potissimum
1425 2699 1699 2743 respondebimus,

228 2763 264 2790 ut
286 2758 390 2790 minus
414 2758 455 2790 de
478 2758 570 2789 nobis
596 2758 673 2801 ipsis
697 2759 800 2801 doque
827 2763 920 2790 aetate
942 2764 1047 2790 nostra
1070 2758 1312 2790 erubescamus?
1357 2757 1451 2788 Mus.
1471 2754 1559 2794 Quid
1582 2754 1698 2792 dicam,

207 2813 211 2823 '
227 2812 347 2845 nescio.
393 2812 449 2845 So.
470 2811 515 2844 At
530 2817 619 2855 turpe
635 2813 768 2845 nimium
785 2813 948 2855 utriusque
963 2818 1103 2845 nostrum
1115 2813 1228 2845 animis
1240 2818 1299 2850 est,
1314 2812 1340 2844 si
1355 2821 1426 2854 quoe
1441 2809 1501 2841 sibi
1514 2808 1592 2851 ipsis
1613 2809 1697 2840 bona

228 2867 349 2899 malave
374 2871 447 2899 sunt
468 2866 623 2909 ignorare,
647 2878 718 2910 qum
735 2879 806 2900 vero
822 2868 862 2900 ad
878 2878 993 2911 corpus
1017 2873 1049 2900 ct
1072 2869 1111 2901 ad
1135 2868 1197 2901 alia
1222 2867 1391 2911 pertinent,
1405 2873 1594 2908 cognoscere
1608 2863 1697 2895 vide·

229 2926 330 2954 antur.
