1846 3268
236 230 312 268 104
853 226 1066 267 PLATON
1073 228 1120 268 IS
1629 239 1704 291 [14

235 336 278 367 ris
292 333 491 366 effectionem
505 331 568 364 diis
582 329 787 373 obsequitur?
812 331 1012 373 perspicuum
1034 337 1081 363 est
1106 337 1138 364 te
1164 331 1254 376 scire,
1277 345 1347 368 cum
1364 336 1471 370 divina
1487 343 1518 370 te
1533 349 1625 373 nosse
1640 351 1706 384 prae

237 389 356 421 caeteris
371 388 515 420 omnibus
530 386 739 418 affirmaveris.
785 384 849 417 En.
873 385 915 416 Et
930 397 1003 418 vera
1017 386 1141 429 loquor,
1165 399 1186 418 o
1204 388 1360 422 Socrates.
1402 391 1459 424 So.
1481 393 1543 425 Dic
1558 405 1632 437 ergo
1651 407 1707 438 per

234 444 255 477 J
257 455 360 480 ovem.
371 443 447 486 quid
463 447 510 474 est
527 441 688 472 mirificum
704 440 788 471 istud
803 450 896 481 opus,
924 441 1010 483 quod
1026 441 1071 472 dii
1087 442 1176 473 nobis
1191 442 1437 478 ministrantibus
1451 447 1595 480 faciunt?
1641 450 1706 485 Ery.

235 498 343 530 Multa
357 497 499 540 profecto
515 506 551 527 ac
568 495 711 537 pulchra,
738 505 757 524 o
785 494 939 527 Socrates,
965 493 1041 539 [14]
1066 496 1120 530 So,
1146 497 1309 531 Exercitus
1334 510 1460 543 quoque
1477 503 1573 535 duces
1587 503 1708 547 (multa

233 558 266 584 et
279 552 409 594 pulchra
423 549 580 592 efficiunt)
595 561 614 580 o
629 548 728 580 amice
742 560 751 581 ε
775 554 988 581 verumtamen
1005 551 1197 593 praecipuum
1213 552 1333 585 diceres
1351 566 1431 597 opus
1451 556 1574 589 illorum
1587 568 1655 591 esse
1672 560 1707 591 in

232 607 340 649 praelio
364 615 520 648 superare.
542 615 583 636 an
605 604 694 635 non?
740 602 804 635 Eu.
828 603 975 642 Quidni?
1020 605 1073 636 So.
1096 605 1202 638 Multa
1228 613 1377 649 praeterea
1392 615 1487 652 atque
1504 612 1647 653 pulchra,
1670 619 1706 646 ut

234 661 375 701 arbitror,
390 659 590 702 agricultores
603 670 611 690 ι
637 668 758 690 summa
772 663 878 689 tamen
901 658 1026 691 illorum
1039 664 1100 698 est,
1124 670 1162 691 ex
1179 666 1259 693 terra
1272 662 1425 695 alimenta
1437 665 1596 707 colligere.
1640 667 1708 700 Err-

235 716 376 747 Pmrsus.
419 714 474 746 So.
497 713 673 745 Multorum
688 722 760 744 vere
774 711 1041 756 pulchrorumque
1055 713 1241 753 facinorum,
1267 727 1338 758 quae
1352 717 1406 748 «lii
1420 719 1598 759 perficiant,
1619 731 1707 764 quae-

234 780 307 800 nam
322 779 444 800 summa
457 767 586 800 existit?
632 766 699 799 Eu.
723 766 827 798 Etiam
844 767 940 808 paulo
963 773 1036 800 ante
1051 768 1133 810 dixi,
1156 779 1175 800 o
1200 770 1356 808 Socrates,
1381 772 1495 813 prolixi
1510 775 1615 816 operis
1625 786 1708 818 esse,

232 824 301 856 haec
315 823 420 855 omnia
430 821 568 865 perfecte
582 821 860 862 comprehendere.
903 821 956 854 Sic
971 827 1077 854 autem
1094 833 1180 855 nunc
1196 823 1255 855 tibi
1269 825 1452 867 simpliciter
1465 827 1552 866 dico,
1575 830 1662 871 quod
1676 830 1704 862 si

233 878 304 921 quis
323 882 411 919 grata
431 876 492 908 diis
514 875 600 918 loqui
629 879 662 906 et
685 885 777 916 agere
791 874 892 912 novit,
918 886 1047 914 vovens,
1072 882 1168 919 atque
1194 878 1383 922 sacrificans,
1403 881 1471 913 baec
1485 887 1595 915 saneta
1608 889 1683 916 sunt
1695 895 1706 916 ι

235 937 329 974 atque
344 932 412 962 haec
427 929 542 970 officia,
562 934 628 959 tum
643 928 754 959 domos
770 928 922 970 proprias,
945 935 1012 960 tum
1036 929 1178 962 civitates
1204 938 1401 966 conservant.
1444 935 1609 969 Contraria
1629 949 1704 970 vero

231 987 332 1028 impia
346 989 431 1023 sunt,
446 990 479 1016 et
493 984 636 1014 universa
652 986 833 1024 pervertunt
856 993 894 1015 ac
912 985 1059 1026 perdunt.
1104 985 1162 1017 So.
1183 985 1392 1020 Paucioribus
1403 990 1588 1029 admodum,
1599 1003 1620 1023 o
1634 992 1703 1025 Eu-

234 1041 408 1083 thyphron,
422 1038 448 1070 si
461 1037 625 1078 voluisses,
639 1047 790 1068 summam
814 1047 922 1069 eorum
944 1049 1016 1080 quae
1041 1040 1189 1081 rogabam
1205 1040 1426 1083 explicuisses:
1450 1045 1506 1076 sed
1520 1045 1635 1078 videris
1650 1057 1707 1079 ne-

231 1104 388 1137 quaquam
405 1096 566 1136 promptus
581 1097 614 1123 et
628 1091 730 1123 libens
744 1091 784 1123 ad
800 1102 851 1124 rne
865 1091 1045 1125 docendum
1060 1094 1223 1127 accedere.
1245 1100 1278 1127 et
1291 1107 1376 1128 nnnc
1389 1097 1511 1141 utique,
1534 1105 1704 1144 postquam

230 1148 264 1180 id
281 1147 474 1191 persensisti,
498 1147 681 1178 dehortatus
704 1156 738 1177 es
753 1150 848 1189 atque
871 1147 1050 1179 advertisti:
1074 1149 1160 1190 quod
1179 1149 1204 1180 si
1219 1151 1444 1193 respondisses,
1458 1153 1540 1186 sorte
1553 1156 1703 1188 sanctita-

231 1207 294 1235 tem
311 1203 366 1234 abs
382 1207 414 1233 te
434 1201 628 1233 didicissem.
648 1211 733 1232 nunc
745 1206 850 1232 autem
865 1200 1010 1244 (necesse
1034 1207 1082 1234 est
1105 1202 1190 1234 enim
1211 1203 1454 1247 interrogantem
1475 1207 1703 1252 interrogatum

231 1257 320 1301 sequi
333 1266 521 1300 quacunque
536 1254 645 1298 ducit)
658 1255 745 1297 quod
761 1265 863 1286 rursus
877 1255 957 1288 dicis
972 1261 1116 1288 sanctum
1133 1268 1214 1300 esse,
1241 1264 1336 1301 atque
1351 1261 1547 1294 sanctitatem
1560 1263 1573 1294 ἓ
1595 1274 1706 1296 nonne

229 1312 393 1347 scientiam
407 1310 567 1353 quandam
581 1309 730 1347 vovendi,
749 1314 846 1351 atque
867 1310 1088 1343 sacrificandi?
1134 1311 1199 1344 Ευ.
1224 1312 1393 1355 Equidem.
1437 1315 1495 1348 So.
1517 1315 1636 1350 Nonne
1650 1329 1702 1350 sa-

229 1366 367 1398 crificare
390 1369 440 1397 est
457 1374 587 1396 munera
609 1363 670 1395 diis
690 1363 824 1396 offerre?
847 1374 959 1396 vovere
985 1370 1103 1403 autem,
1126 1376 1146 1398 a
1170 1366 1231 1397 diis
1245 1368 1375 1409 petere?
1420 1368 1487 1403 Eu.
1509 1369 1553 1401 Et
1567 1372 1705 1404 maxime

229 1420 372 1463 quidem,
394 1430 414 1451 o
439 1419 596 1451 Socrates.
638 1418 696 1449 So.
717 1417 856 1450 scientia
879 1429 954 1461 ergo
969 1424 1002 1451 et
1016 1419 1078 1451 diis
1091 1420 1206 1462 dandi,
1217 1425 1251 1452 et
1264 1421 1304 1452 ab
1319 1421 1358 1453 iis
1377 1424 1506 1465 petendi
1526 1427 1704 1459 secundun.

226 1476 310 1508 lianc
322 1475 474 1506 rationem
488 1473 638 1505 sanctitas
653 1472 723 1504 erit.
765 1472 832 1504 Eu.
854 1473 1060 1516 Perpulclire,
1086 1485 1106 1505 ο
1120 1475 1277 1518 Socrates,
1291 1477 1379 1518 quod
1394 1478 1540 1510 diceban
1551 1479 1701 1513 intellex-

228 1530 295 1563 isti.
340 1530 395 1561 So.
417 1528 540 1560 Avidus
565 1538 647 1568 sum,
669 1538 688 1559 o
715 1527 827 1565 amice,
851 1528 1013 1570 sapientiae
1040 1534 1118 1566 tuae,
1141 1535 1345 1573 mentemque
1366 1531 1520 1575 adhibeo,
1540 1545 1582 1566 ae
1607 1536 1707 1567 verba

227 1584 340 1615 frustra
353 1583 510 1615 effundas.
539 1580 603 1613 ‘At
617 1580 692 1612 mihi
708 1581 795 1613 dicas
811 1592 879 1623 oro,
904 1593 1049 1625 quaenam
1073 1584 1140 1616 haec
1165 1589 1215 1616 est
1236 1585 1424 1617 ministratio
1449 1597 1524 1630 erga
1536 1589 1637 1622 deos?
1661 1601 1706 1622 a-

228 1648 297 1673 esse
309 1637 401 1675 dicis,
413 1636 507 1668 abiis
521 1640 628 1678 petere
645 1635 778 1677 aliquid,
803 1640 836 1667 et
860 1636 899 1667 iis
924 1637 1023 1668 dare?
1069 1637 1134 1670 Eu.
1157 1637 1263 1671 Certe.
1306 1639 1365 1671 So.
1390 1639 1494 1673 Recte
1511 1643 1553 1674 ab
1566 1643 1628 1675 inis
1643 1655 1702 1686 pe-

227 1697 306 1731 tere,
321 1702 427 1723 nonne
443 1696 491 1723 est
504 1701 546 1722 ea
559 1694 678 1732 petere,
689 1690 803 1731 quibus
820 1701 948 1732 egemus
964 1691 976 1721 ?
1021 1691 1127 1723 Recte
1142 1697 1246 1724 autem
1262 1693 1349 1732 dare,
1363 1705 1402 1726 ea
1416 1697 1530 1738 quibus
1545 1697 1704 1740 indigent,

227 1747 290 1779 illis
305 1746 415 1778 offerre
428 1745 440 1777 ?
469 1744 585 1787 Neque
600 1744 684 1776 enim
699 1743 901 1776 artificiosum
917 1750 1014 1786 esset,
1028 1756 1066 1777 ea
1080 1746 1190 1785 alicui,
1204 1747 1319 1789 quibus
1333 1759 1398 1780 non
1413 1750 1548 1793 indiget,
1567 1753 1705 1796 elargiri·

228 1802 295 1834 Eu.
315 1801 400 1832 Vera
414 1809 531 1840 narras,
546 1809 566 1830 o
580 1799 736 1831 Socrates.
781 1799 838 1831 So.
862 1799 1045 1831 Mercatura
1060 1800 1156 1842 igitur
1171 1802 1329 1844 quaedm,
1344 1814 1364 1835 o
1379 1803 1604 1848 Euffiyphron,
1618 1808 1704 1840 inter

227 1857 306 1888 deos
315 1860 349 1887 et
364 1853 505 1886 homines
521 1857 631 1884 mutua
645 1852 795 1884 sanctitas
808 1851 878 1884 erit.
922 1851 990 1886 Eu.
1012 1853 1209 1892 Mercatura,
1221 1855 1247 1886 si
1262 1856 1307 1889 sic
1331 1866 1401 1888 eam
1420 1859 1582 1892 nominare
1600 1861 1706 1895 iubet.

229 1912 286 1944 So.
309 1909 356 1942 At
368 1908 453 1945 nihil·
468 1907 545 1939 mihi
566 1907 686 1949 placet,
708 1907 770 1938 nisi
790 1906 831 1938 sit
845 1917 962 1941 verum.
1007 1907 1073 1940 Dic
1095 1919 1186 1951 ergo,
1209 1920 1354 1951 quaenam
1373 1912 1434 1943 diis
1457 1923 1496 1944 ex
1521 1916 1706 1948 muneribus

226 1965 340 1998 nostris
352 1963 482 1996 utilitas.
527 1963 609 2000 Quae
625 1961 709 1994 enim
733 1961 823 2000 dent,
847 1961 1022 2004 unicuique
1045 1967 1153 2005 patere
1181 1970 1296 2005 potest.
1318 1966 1396 1998 nihil
1421 1966 1506 1999 enirn
1532 1969 1624 2000 nobis
1649 1975 1701 2002 est

226 2022 358 2057 bonum,
378 2017 455 2061 quin
481 2016 528 2049 illi
550 2015 626 2059 [15]
648 2016 822 2058 praebeant.
867 2016 949 2054 Quae
964 2026 1038 2049 vero
1058 2028 1077 2049 a
1099 2018 1191 2050 nobis
1204 2019 1378 2061 accipiunt,
1403 2021 1480 2063 quid
1504 2021 1566 2054 illis
1589 2023 1699 2056 confe-

226 2075 318 2111 runt?
341 2084 382 2105 an
397 2076 486 2103 tanto
501 2071 577 2113 ipsis
591 2071 624 2102 in
639 2071 698 2102 hac
713 2075 885 2103 mercatura
906 2076 1100 2114 praestamus,
1124 2078 1162 2104 ut
1183 2083 1255 2105 cum
1279 2084 1338 2106 nos
1362 2075 1469 2107 omnia
1481 2076 1523 2108 ab
1535 2076 1598 2109 illis
1613 2078 1703 2110 bona·

225 2128 443 2171 suscipiamus,
466 2125 529 2168 ipsi
548 2123 627 2156 nihil
651 2135 671 2156 a
694 2124 784 2159 nobis
807 2124 883 2157 boni
909 2127 1093 2168 reportent?
1138 2127 1205 2159 Eu.
1226 2127 1313 2159 Num
1328 2129 1479 2171 opinaris,
1500 2141 1520 2162 ο
1539 2131 1699 2174 Socrates,

227 2184 303 2215 deos
327 2182 382 2224 iis,
403 2191 475 2223 quae
499 2191 519 2212 a
540 2179 632 2211 nobis
657 2179 832 2222 accipiunt,
858 2179 966 2222 aliqua
985 2192 1023 2212 ex
1045 2186 1134 2224 parte
1161 2182 1284 2224 juvari?
1330 2184 1388 2216 So.
1410 2184 1456 2216 At
1476 2185 1554 2228 quid
1569 2186 1703 2219 tandem

226 2241 319 2269 erunt
338 2237 407 2268 haec
421 2239 530 2268 nostra
543 2234 627 2266 dona
642 2233 705 2265 diis
717 2233 847 2266 oblata?
892 2235 960 2268 Eu.
981 2235 1071 2274 Quid
1085 2242 1181 2279 putas
1195 2237 1293 2276 aliud,
1315 2249 1410 2281 quam
1425 2240 1588 2278 honorem,
1602 2250 1699 2274 vene·

225 2292 394 2332 rationem,
414 2294 461 2332 et,
480 2293 516 2320 ut
530 2289 626 2320 modo
641 2287 794 2330 dixeram3
807 2289 965 2332 gratiam?
1009 2290 1064 2323 So.
1088 2290 1220 2324 Gratum
1234 2292 1330 2334 igitur
1344 2293 1414 2331 erit,
1437 2305 1456 2325 o
1473 2294 1701 2338 Euthyphron,

226 2349 380 2382 sanctum,
396 2354 462 2376 non
485 2348 589 2375 autem
605 2343 694 2381 utile.
721 2348 777 2375 aut
796 2344 948 2386 placitum
970 2345 1054 2377 diis?
1098 2345 1165 2378 Eu.
1188 2346 1276 2379 Reor
1289 2347 1435 2390 equidem
1450 2348 1584 2380 maxime
1597 2350 1699 2382 omni—

226 2410 280 2430 um
295 2398 458 2441 placitum.
502 2398 558 2431 So.
579 2397 652 2430 Hoc
666 2397 761 2440 igitur
777 2398 889 2433 iterum
905 2404 1047 2433 sanctum
1070 2405 1130 2439 est,
1156 2401 1218 2433 diis
1239 2401 1415 2442 placitum?
1458 2402 1524 2437 Eu.
1545 2403 1701 2437 Maxime.

227 2455 285 2489 So.
308 2453 351 2485 Et
367 2452 496 2491 miraris,
510 2463 582 2485 cum
597 2453 666 2486 haec
681 2453 781 2491 dicas,
807 2455 894 2496 quod
917 2454 1053 2487 rationes
1074 2455 1135 2496 tibi,
1156 2466 1356 2499 nequaquam
1368 2457 1699 2496 consisterersedsa-

227 2508 334 2544 cillare
345 2507 453 2551 potius
467 2507 644 2546 videantur,
660 2518 697 2540 ac
711 2518 761 2539 me
775 2508 875 2541 veluti
887 2509 1056 2542 Doedalum
1067 2510 1189 2552 culpas,
1202 2511 1287 2553 quod
1303 2522 1356 2543 eas
1365 2516 1474 2544 nutare
1485 2513 1672 2555 compellam
1685 2514 1700 2545 ?

226 2574 299 2599 curn
314 2567 419 2596 tamen
432 2562 500 2604 ipse
516 2560 610 2604 longe
628 2562 798 2595 admodum
814 2563 1011 2597 artificiosior
1024 2564 1078 2603 sis,
1093 2575 1186 2607 quam
1203 2565 1370 2604 Daedalus,
1384 2567 1461 2598 dum
1476 2568 1545 2610 ipse
1555 2568 1648 2610 facis,
1662 2573 1703 2601 nt

225 2627 383 2650 sennones
402 2616 520 2650 circulo
540 2616 748 2650 revolvantur.
773 2629 814 2650 an
841 2629 907 2651 non
930 2619 1039 2658 sentis,
1067 2620 1239 2652 orationem
1262 2631 1365 2654 rursus
1384 2622 1418 2653 in
1445 2621 1529 2654 idern
1544 2623 1698 2656 refluere?
1717 2615 1726 2618 ’

225 2671 403 2706 Meministi
418 2671 452 2703 in
471 2670 683 2715 superioribus
706 2678 849 2706 sanctum
864 2679 898 2706 et
911 2674 1046 2707 amicum
1061 2674 1148 2713 Deo,
1171 2675 1256 2706 haud
1271 2676 1393 2715 eadem,
1407 2677 1465 2709 sed
1475 2677 1599 2710 diversa
1612 2676 1694 2710 invi·

226 2737 296 2760 ccm
317 2725 510 2768 apparuisse.
563 2725 630 2758 Eu.
665 2726 814 2760 Memini.
868 2729 924 2761 So.
955 2728 1053 2762 Nunc
1078 2740 1153 2762 vero
1178 2741 1377 2774 nequaquam
1403 2731 1637 2770 animadvertis,
1660 2737 1698 2764 te

225 2785 368 2813 sanctum
392 2781 453 2812 deo
473 2780 624 2822 placitum
650 2781 778 2815 dicere:
803 2783 863 2815 hoc
883 2788 989 2816 autem
1004 2783 1083 2816 nihil
1099 2785 1187 2817 aliud
1203 2790 1263 2823 est,
1287 2796 1383 2828 quam
1403 2786 1465 2818 deo
1484 2787 1631 2819 amicum.
1650 2797 1692 2819 an

226 2835 316 2871 non?
361 2833 426 2866 Eu.
450 2834 602 2869 Omnino.
646 2835 704 2867 SO.
726 2836 810 2878 Ergo
837 2842 891 2870 aut
917 2843 994 2870 tunc
1018 2849 1082 2870 non
1108 2845 1193 2872 recte
1217 2841 1450 2873 concessimus:
1473 2846 1542 2878 aut,
1562 2841 1692 2873 sirecte

223 2895 313 2928 tunc,
328 2889 423 2921 modo
439 2899 502 2921 non
517 2894 602 2922 recte
620 2889 846 2932 judicaremus.
890 2892 954 2925 Ευ.
978 2893 1126 2926 Videtur.
1170 2895 1226 2928 So.
1250 2895 1351 2938 Igitur
1372 2906 1391 2926 a
1406 2895 1562 2937 principio
1576 2905 1692 2933 rursus,

223 2944 302 2984 quid
317 2948 461 2977 sanctum
476 2943 529 2984 sit,
551 2945 792 2980 examinandum
807 2951 866 2981 est.
911 2947 994 2980 Nam
1011 2959 1071 2992 ego
1087 2953 1256 2993 antequam
1272 2950 1402 2990 discam,
1416 2949 1527 2983 volens
1542 2960 1579 2983 ac
1594 2949 1698 2983 libens
