1846 3268
247 262 324 300 300
834 252 1102 292 PLAToms
1610 258 1716 311 [293

245 363 312 397 Cn.
333 362 395 395 Per
409 361 534 399 Jowsm,
549 370 570 391 o
596 359 753 396 Socrates,
767 357 800 389 in
821 356 1062 399 ambiguitatem
1087 355 1253 399 plurimam
1278 357 1426 391 incidisse
1450 358 1630 394 videmini.'
1655 361 1716 395 So.

242 418 316 461 Ego
331 416 474 459 quidem,
489 426 509 447 o
533 412 634 451 Crito,
648 422 720 444 cum
743 411 776 444 in
798 412 881 443 hanc
906 411 1138 443 dubitationem
1161 422 1278 444 mersus
1292 423 1404 451 essem,
1419 424 1513 456 quam
1529 413 1594 446 alta
1615 414 1716 458 [293]

245 471 337 516 potui
352 481 430 503 voce
446 469 590 512 protinus
603 465 789 504 exclamavi,
806 466 947 508 hospites
961 466 1034 498 illos
1049 471 1199 508 tanquam
1214 466 1376 500 Castorem
1398 472 1430 500 et
1446 468 1608 501 Pollucem
1624 469 1718 502 Jovis

239 527 330 559 *filios
344 523 530 567 suppliciter
544 523 722 559 obsecrans,
737 525 774 552 ut
787 531 858 562 nos,
875 531 925 552 me
939 520 1059 553 scilicet
1085 525 1120 553 et
1142 521 1412 554 adolescentulum
1426 522 1542 565 ipsum,
1555 533 1592 555 ex
1608 524 1717 555 turbu·

243 582 333 614 lenta
357 577 563 611 fluctuatione
577 586 755 610 sermonum
782 575 951 618 eriperent,
971 574 1119 618 jocisque
1140 575 1274 614 omissis,
1289 577 1368 609 seria
1390 577 1576 620 disputandi
1594 577 1716 610 ratione

243 635 338 672 nobis
362 633 576 669 ostenderent,
592 641 663 674 quie
690 629 887 673 potissimum
912 629 1046 662 scientia
1067 630 1121 668 sit,
1136 640 1229 672 quam
1253 631 1362 673 adepti
1386 633 1472 675 quod
1487 631 1560 663 vitae
1576 636 1719 674 superest

243 689 378 722 feliciter
404 687 622 729 transigamus.
667 685 733 718 Cn.
754 684 911 728 Nunquid
940 689 1110 716 monstrare
1137 685 1227 717 vobis
1255 685 1476 728 Euthydemus
1491 685 1613 718 voluit?
1656 685 1714 720 So.

245 742 392 782 Quidni?
416 741 583 784 magnifiee
597 740 742 777 nimium,
758 750 777 771 o
793 740 905 781 amice,
929 740 1015 771 hunc
1038 739 1071 771 in
1093 739 1222 771 modum
1244 739 1334 772 effari
1357 740 1466 783 coepit.
1511 740 1577 772 Eu.
1598 740 1714 774 Utrum

243 803 289 836 te,
304 809 324 830 o
340 798 496 834 Socrates,
520 796 603 828 hanc
626 806 721 838 quarn
742 794 933 837 jampridem
955 793 1095 836 quaeritis
1117 793 1294 837 scientiam,
1319 795 1464 836 doceam,
1479 805 1520 826 an
1543 795 1659 827 habere
1685 800 1717 828 te

243 852 346 895 ipsam
362 851 526 884 ostendam
543 851 554 881 ἓ
599 850 659 882 So.
679 849 710 881 Ο
726 850 818 881 beate
830 849 889 890 vir,
905 854 1034 881 tantane
1055 849 1142 891 apud
1159 854 1190 880 te
1205 853 1255 882 est
1268 849 1462 881 auctoritas?
1507 849 1574 885 Eu.
1597 849 1717 884 Valde.

241 907 300 942 So.
323 905 466 938 Ostende
481 904 575 947 igitur
590 915 640 936 me
654 904 781 935 habere.
809 903 932 935 facilius
947 903 1032 935 enim
1048 902 1126 934 mihi
1140 903 1242 941 istud,
1252 913 1347 946 quam
1364 904 1471 936 denuo
1496 904 1557 936 hac
1571 902 1606 936 in
1620 908 1715 936 aetate

242 961 376 994 discere.
423 959 488 992 Eu.
511 958 575 991 Dic
602 969 672 1001 age,
687 959 792 991 scisne
814 958 1005 1000 quicquam?
1051 957 1110 990 So.
1132 957 1206 990 Scio
1228 958 1376 999 equidem
1402 957 1512 996 multa,
1525 958 1581 990 sed
1607 968 1715 1000 parva.

241 1015 309 1048 Ευ.
331 1014 466 1047 Sufficit.
489 1018 623 1055 putasne
637 1012 756 1055 aliquid
772 1023 878 1044 eorum
895 1022 966 1054 quae
982 1017 1066 1050 sunt,
1088 1011 1227 1053 idipsum
1251 1012 1338 1054 quod
1364 1017 1423 1050 est,
1437 1022 1503 1044 non
1523 1012 1614 1045 esse?
1658 1012 1717 1046 So.

243 1069 344 1105 Nullo
360 1073 468 1111 pacto.
513 1067 577 1099 Ευ.
600 1066 655 1099 An
667 1077 733 1098 non
748 1067 828 1099 scire
845 1072 876 1098 te
896 1066 1016 1108 aliquid
1032 1066 1164 1098 asseris?
1210 1066 1270 1100 So.
1291 1065 1451 1099 Profecto.
1493 1065 1559 1099 Eu.
1581 1066 1634 1099 Au
1649 1077 1716 1099 non

241 1135 277 1157 es
304 1124 422 1160 sciens,
441 1123 468 1154 si
493 1122 588 1154 modo
614 1121 701 1153 scis?
747 1121 801 1153 So.
825 1120 902 1152 Sum
928 1121 1088 1163 equidem,
1110 1121 1166 1152 sed
1192 1121 1278 1152 illius
1300 1119 1401 1162 ipsius
1422 1121 1509 1163 quod
1525 1120 1604 1153 scio.
1648 1120 1716 1156 Eu.

241 1178 334 1210 Nihil
357 1177 462 1210 refert.
485 1186 551 1207 non
573 1186 701 1207 necesse
723 1180 771 1206 est
793 1174 872 1206 scire
894 1179 926 1206 te
949 1174 1066 1212 omnia,
1081 1173 1108 1205 si
1132 1184 1196 1217 qua
1218 1185 1326 1206 eorum
1348 1184 1420 1216 quae
1443 1178 1519 1206 sunt
1540 1174 1612 1207 scis.
1657 1174 1714 1208 So·

241 1231 319 1264 Non
334 1242 391 1277 per
411 1230 550 1263 Jovem:
574 1229 833 1273 quandoquidem
855 1234 888 1260 et
907 1228 969 1260 alia
991 1228 1090 1260 multa
1105 1229 1233 1260 minime
1248 1228 1325 1261 scio.
1369 1228 1434 1261 Eu.
1458 1228 1583 1271 Siquid
1599 1228 1715 1267 nescis,

240 1297 276 1319 es
302 1285 451 1318 nescius?
496 1285 552 1317 So.
575 1283 666 1317 Illius
689 1284 800 1326 ipsius,
821 1294 841 1314 o
863 1283 977 1320 amice,
995 1284 1082 1326 quod
1109 1283 1228 1316 nescio.
1271 1283 1338 1316 Eu.
1360 1281 1578 1315 Nihilominus
1592 1283 1717 1316 nescius

242 1352 288 1379 es,
304 1346 337 1373 et
353 1340 447 1382 paulo
463 1344 536 1370 ante
552 1338 650 1370 scium
666 1349 734 1370 esse
750 1343 781 1370 te
797 1337 989 1380 praedicabas
1006 1349 1013 1368 :
1037 1342 1134 1380 atque
1147 1337 1193 1372 ita
1205 1337 1256 1380 fit,
1271 1342 1308 1368 ut
1321 1337 1375 1369 ille
1389 1337 1459 1379 ipse
1473 1336 1516 1368 sis
1538 1336 1594 1379 qui
1614 1341 1648 1370 et
1670 1347 1717 1380 es,

236 1401 275 1428 et
287 1405 391 1427 rursus
414 1404 479 1425 non
494 1393 548 1431 sis,
564 1392 656 1424 simul
681 1397 715 1424 et
740 1392 912 1424 secundum
935 1392 1059 1423 eadem.
1104 1391 1161 1424 So.
1184 1390 1476 1433 En,Euthydeme.
1498 1395 1534 1422 ut
1547 1391 1713 1433 proverbio

238 1449 349 1491 fertur,
363 1448 450 1490 quod
474 1446 566 1478 Belle
589 1445 737 1488 loqueris.
759 1455 823 1487 qua
847 1445 942 1487 igitur
966 1445 1087 1477 ratione
1112 1444 1277 1479 scientiam
1302 1444 1388 1478 illam
1414 1454 1509 1487 quam
1534 1444 1713 1489 quaerimus,

238 1503 366 1534 habeo?
389 1501 465 1544 quia
479 1500 628 1532 videlicet
643 1500 836 1542 impossibile
862 1503 922 1538 est,
938 1510 1006 1532 esse
1029 1499 1120 1531 idem
1137 1504 1233 1542 atque
1258 1510 1323 1531 non
1339 1509 1418 1531 esse.
1462 1498 1558 1532 Unde
1571 1499 1600 1531 si
1615 1509 1714 1531 unum

237 1557 391 1602 quiddam
407 1556 486 1593 scio,
501 1559 617 1588 cuncta
631 1555 706 1586 scio.
728 1565 832 1596 neque
847 1555 931 1586 enim
946 1565 1014 1587 esse
1030 1565 1157 1596 possum
1176 1554 1258 1586 scius
1273 1552 1365 1585 simul
1380 1558 1414 1586 et
1427 1553 1563 1586 nescius.
1585 1554 1672 1595 quod
1687 1553 1715 1585 si

239 1610 346 1643 omnia
361 1609 440 1647 scio,
453 1609 540 1641 illam
556 1619 684 1652 quoque
699 1608 864 1642 scientiam
876 1609 990 1640 habeo.
1035 1607 1090 1640 An
1104 1619 1169 1640 non
1185 1608 1229 1639 ita
1243 1607 1403 1650 loqueris?
1427 1612 1460 1640 et
1472 1607 1533 1640 boc
1548 1612 1597 1640 est
1609 1607 1714 1650 ipsum

237 1665 386 1708 sapiens?
431 1663 498 1696 En.
520 1663 595 1705 lpse
625 1668 656 1695 te
685 1663 857 1705 redarguis,
887 1663 1044 1695 Socrates.
1088 1663 1145 1694 So.
1171 1663 1259 1701 Quid
1289 1673 1375 1704 vero,
1405 1661 1621 1705 Eusszydeme,
1657 1661 1716 1694 tibi

236 1729 346 1751 nonne
371 1718 455 1749 idem
480 1716 637 1758 contigit?
660 1727 734 1748 nam
756 1716 832 1748 mihi
856 1716 984 1759 quidem
1007 1727 1072 1748 non
1089 1717 1221 1748 multum
1245 1716 1411 1748 molestum
1431 1721 1491 1754 est,
1506 1716 1593 1758 quod
1608 1721 1711 1749 tecum

242 1784 309 1805 una
323 1777 439 1805 etcum
455 1771 684 1814 Dionysodoro
695 1772 771 1809 hoc,
788 1770 898 1813 lepido
914 1771 1034 1813 capite,
1048 1772 1162 1813 patiar.
1207 1770 1271 1802 Dic
1287 1771 1374 1809 mihi,
1391 1780 1498 1802 nonne
1511 1775 1545 1802 et
1560 1780 1614 1802 vos
1628 1780 1717 1813 quae-

238 1828 314 1860 dam
339 1827 597 1868 scitis,qnaedam
621 1826 774 1858 nescitis?
819 1825 903 1858 Dio.
926 1825 1064 1859 Minime
1090 1825 1231 1867 quidem,
1248 1836 1267 1856 o
1282 1825 1439 1857 Socrates.
1482 1824 1540 1857 So.
1563 1824 1652 1863 Quid
1667 1823 1718 1856 di-

235 1882 334 1915 citis?
357 1892 398 1913 an
424 1880 504 1912 nihil
519 1880 630 1912 scitis?
676 1879 760 1913 Dio.
784 1879 886 1911 Immo
912 1880 1039 1912 scimus.
1085 1879 1144 1911 So.
1169 1879 1286 1911 Omnia
1308 1879 1417 1921 itaque
1440 1878 1540 1922 [294]
1565 1878 1664 1917 scitis,
1687 1878 1715 1911 si

236 1935 359 1980 aliquid
374 1935 472 1967 scitis.
518 1935 601 1967 Dro.
627 1934 744 1966 Omnia
760 1939 844 1966 certe
857 1946 865 1966 ε
890 1938 924 1966 et
939 1939 972 1966 tu
988 1945 1117 1976 quoque.
1131 1934 1191 1966 scis
1207 1934 1328 1974 omnia,
1343 1934 1369 1965 si
1385 1943 1483 1966 unum
1503 1932 1624 1977 aliquid
1636 1933 1709 1966 scis.

236 1990 296 2024 So.
318 1989 380 2021 Pro
393 1989 534 2031 Jupiter,
549 1999 643 2030 quam
658 1988 802 2021 mirabile
813 1988 916 2025 dictu,
932 1998 1066 2030 quamve
1089 1987 1200 2029 ingens
1225 1989 1287 2019 hoc
1312 1989 1430 2020 bonum
1444 1987 1452 2020 l
1476 1998 1551 2023 num
1566 1993 1600 2020 et
1614 1987 1712 2023 ceteri

238 2054 348 2076 omnes
364 2043 468 2078 sciunt
482 2042 614 2075 omnia?
637 2042 688 2074 vel
714 2041 817 2075 nihil?
862 2041 939 2073 Non
955 2041 1039 2073 enim
1064 2041 1236 2073 dicendum
1252 2041 1388 2079 videtur,
1413 2040 1493 2073 scire
1511 2051 1568 2073 eos
1592 2041 1710 2083 aliqua,

235 2098 357 2130 nescire
373 2097 448 2135 alia,
462 2101 558 2139 atque
572 2095 618 2128 ita
631 2096 766 2128 scientes
779 2106 847 2127 esse
859 2095 950 2127 simul
965 2100 999 2126 et
1013 2095 1200 2128 nescientes.
1245 2095 1331 2134 Quid
1347 2105 1422 2137 ergo
1438 2095 1604 2127 dicemus?
1627 2094 1711 2128 Dio.

235 2152 356 2185 Omnes
372 2152 466 2194 plane
481 2152 558 2183 scire
574 2151 691 2189 omnia,
707 2150 821 2192 siquid
837 2161 934 2182 unum
950 2150 1065 2182 sciunt.
1109 2150 1166 2183 so.
1189 2150 1250 2182 Dii
1265 2149 1352 2188 boni,
1366 2160 1451 2181 nunc
1473 2150 1612 2188 demum,
1628 2148 1710 2181 Dio-

235 2207 406 2249 nysodme,
422 2206 502 2238 serio
525 2205 612 2248 loqui
636 2204 714 2238 mihi
727 2204 892 2243 videmini,
907 2210 941 2237 et
954 2205 1005 2236 vix
1018 2206 1154 2246 ⁴tandem
1179 2210 1216 2236 ut
1236 2205 1376 2236 studiose
1392 2204 1539 2246 ageretis,
1552 2214 1637 2236 nunc
1651 2203 1713 2236 im·

234 2261 369 2303 petravi.
412 2259 483 2302 Ipsi
507 2270 540 2291 re
566 2270 640 2291 vera
663 2259 750 2292 scitis
778 2259 907 2292 omnia?
930 2265 963 2291 et
988 2259 1130 2292 fabrilem
1160 2259 1309 2291 videlicet
1337 2263 1435 2291 artem
1464 2263 1498 2290 et
1522 2257 1712 2290 coriarium?

233 2314 318 2347 Dm.
342 2314 459 2346 Omnia
473 2325 608 2356 prorsus.
654 2314 712 2346 So.
735 2313 769 2346 N
771 2314 891 2356 unquid
906 2318 941 2346 et
955 2314 1056 2346 nervis
1070 2325 1160 2346 suere
1171 2314 1282 2346 scitis?
1317 2313 1400 2345 Dm.
1424 2312 1531 2354 Certe,
1545 2316 1579 2345 et
1589 2312 1712 2344 calceos

233 2369 375 2411 quidem.
418 2369 476 2402 So.
498 2367 553 2400 An
568 2373 602 2400 et
615 2368 773 2400 stellarum
789 2379 951 2400 numerum
967 2373 1000 2401 et
1009 2370 1136 2401 arenae?
1182 2368 1267 2403 Dro·
1289 2366 1331 2399 Et
1346 2367 1417 2399 ista.
1462 2366 1520 2399 So.
1543 2366 1642 2398 Putas
1652 2377 1711 2398 nos

232 2422 294 2454 ista
313 2423 513 2455 concedere?
558 2423 642 2455 Cra.
664 2422 888 2465 Conjecturam
914 2423 1006 2456 nobis
1029 2423 1166 2466 aliquam
1192 2422 1287 2455 talem
1314 2422 1477 2460 adducite,
1490 2431 1554 2464 qua
1569 2431 1642 2452 vera
1656 2431 1711 2454 vos

232 2475 322 2519 loqui
335 2476 554 2518 conjiciamus.
598 2477 681 2511 Dro.
705 2478 864 2516 Qualem?
910 2478 993 2511 C'rs.
1015 2479 1136 2516 Scisne,
1149 2483 1228 2520 quot
1237 2477 1349 2509 dentes
1359 2476 1581 2520 Euthydemus
1589 2475 1709 2508 habet?

233 2535 331 2573 atque
345 2530 569 2574 Euthydemus
582 2537 662 2574 quot
676 2533 772 2564 habes
787 2533 856 2576 ipse
871 2533 1058 2576 cognoscit?
1103 2532 1189 2566 Dio.
1212 2531 1288 2563 Non
1304 2531 1362 2563 tibi
1377 2536 1426 2562 sat
1436 2535 1495 2568 est,
1507 2529 1594 2573 quod
1605 2529 1712 2562 omnia

233 2584 362 2623 scimus,
385 2585 534 2617 audisse?
581 2586 666 2619 Cra.
689 2587 840 2626 Minime,
863 2588 919 2620 sed
944 2598 1041 2620 unum
1064 2588 1126 2620 hoc
1155 2591 1278 2618 tantum
1308 2585 1400 2618 nobis
1428 2585 1598 2627 ostendite,
1622 2583 1710 2627 quod

234 2649 307 2671 vera
323 2639 509 2682 loquamini.
531 2650 604 2672 nam
618 2641 645 2673 si
661 2641 802 2674 dixeritis
816 2647 896 2685 quot
909 2643 1005 2674 habet
1019 2643 1131 2674 dentes
1148 2646 1291 2684 uterque,
1306 2640 1459 2683 nobisque
1474 2644 1585 2682 postea
1599 2648 1709 2670 nume-

232 2693 373 2725 rantibus
398 2704 471 2725 vera
494 2694 610 2727 dixisse
636 2697 857 2740 apparueritis,
886 2697 950 2729 alia
978 2707 1104 2740 quoquc
1130 2696 1220 2728 vobis
1243 2695 1418 2728 credemus.
1462 2693 1516 2726 Illi
1540 2703 1613 2726 vero
1633 2702 1707 2725 cuin

235 2747 378 2779 mordere
402 2748 590 2791 Ctesippum
617 2751 844 2790 existimarent,
859 2752 1050 2794 respondere
1071 2751 1158 2783 aliud
1182 2750 1363 2787 uoluerunt,
1389 2747 1451 2781 nisi
1479 2746 1566 2790 quod
1594 2746 1710 2779 scirent

231 2800 349 2840 oinnia,
365 2802 406 2834 de
421 2800 552 2844 singulis
568 2814 587 2835 a
602 2804 756 2847 Ctesippo
770 2805 965 2849 interrogati.
1009 2806 1182 2848 Ctesippus
1197 2804 1352 2848 siquidem
1369 2807 1477 2846 aperte
1501 2801 1542 2837 de
1565 2811 1706 2844 unaqu-

230 2866 294 2898 que
316 2865 360 2893 re,
376 2856 424 2888 vel
449 2857 490 2888 de
515 2857 652 2889 minimis
676 2860 855 2903 quibusque
877 2861 1052 2893 sciscitatus
1077 2866 1138 2900 est,
1154 2871 1230 2892 num
1255 2859 1381 2892 scirent.
1425 2856 1478 2890 Illi
1503 2860 1610 2888 autern
1633 2854 1709 2887 forti

232 2909 338 2942 animo
353 2911 468 2953 pariter
483 2916 592 2943 contra
608 2915 849 2955 responderunt,
865 2926 898 2948 se
914 2915 1020 2948 omnia
1035 2915 1211 2957 intelligere
1225 2925 1232 2945 :
1258 2914 1354 2945 instar
1369 2921 1527 2955 aprorum,
1542 2909 1596 2952 qui
1611 2909 1705 2941 simul

231 2968 342 2998 contra
357 2964 454 2998 ictum
468 2965 658 3002 innituntur.
703 2969 917 3007 Quamobrem
945 2971 1015 3014 ipse
1040 2980 1180 3013 quoque,
1195 2981 1214 3002 o
1235 2969 1337 3012 Crito,
1351 2965 1490 3010 denique
1514 2968 1641 3009 propter
1655 2962 1705 2997 in-
