1846 3268
200 249 285 295 -173
669 244 893 294 ‘lNcERTI
924 243 1198 297 merolus
1296 246 1304 252 “
1570 249 1670 314 ἷῑ317

196 358 257 391 es?
302 350 391 391 Mn«.
415 357 583 401 Equidem.
629 358 685 391 So.
709 358 837 391 Nostin'
855 358 955 402 vcujus
976 360 1048 392 artis
1074 360 1151 393 liber
1174 361 1228 393 ille
1252 360 1316 393 sit?
1359 361 1453 394 Mn«.
1475 361 1561 395 Novi
1584 362 1670 405 quod

200 413 378 446 medicinae.
421 414 477 446 So.
501 412 649 444 Medicos
665 422 768 449 vocati.
796 412 851 454 qui
876 413 943 445 haec
959 413 1086 445 sciunt?
1128 414 1222 447 Mur.
1246 415 1350 448 V0c0.
1397 416 1453 448 So.
1476 415 1541 454 Qui
1555 417 1672 457 sciunt,

200 469 311 500 eadem
338 469 379 499 de
403 468 536 504 eisdem,
565 478 605 498 an
632 467 745 498 diversi
769 466 891 499 diversa
916 468 1138 500 constituunt?
1185 469 1277 502 ΜιΝ,
1301 469 1433 502 Eadem.
1477 470 1533 503 So.
1556 470 1669 503 Utrum

195 522 306 554 Graeci
322 522 379 553 soli
394 533 464 553 cum
478 521 610 557 Graecis,
626 525 681 552 aut
695 520 789 552 etiam
805 521 937 559 barbari,
953 526 985 552 et
1011 533 1115 553 secum
1142 529 1175 555 et
1199 534 1271 555 cum
1298 523 1428 561 Graecis,
1454 525 1494 556 de
1522 525 1572 561 iis,
1597 536 1668 567 quae

199 575 316 613 sciunt,
331 575 546 607 conveniunt?
593 575 684 606 Mm-
708 574 848 607 Necesse
865 581 912 606 est
924 576 1064 614 omnino,
1080 578 1190 609 eadem
1206 579 1246 609 de
1257 579 1306 616 iis,
1323 589 1394 620 quae
1410 579 1523 615 sciunt,
1539 579 1668 611 Graecos

196 631 406 672 barbarosque
431 640 570 662 censere.
615 630 670 661 So.
695 629 798 661 Probe
823 630 1022 671 respondisti.
1054 632 1109 662 sed
1134 642 1240 663 nonne
1266 637 1298 663 et
1324 634 1468 675 semper?
1514 634 1603 665 Min.
1627 633 1670 665 Et

199 695 333 725 semper.
379 685 436 717 So,
460 683 577 715 Nonne
602 684 716 715 medici
738 683 821 715 circa
845 684 1059 716 valetudinem
1085 686 1295 722 conscribunt,
1326 698 1396 728 qnae
1422 698 1490 719 esse
1515 688 1670 719 censent?

198 738 292 770 Mm.
315 738 428 769 Immo.
473 739 528 770 So.
551 738 675 780 Scripta
690 737 784 779 igitur
797 739 1002 779 medicorum,
1018 739 1102 782 leges
1118 741 1308 771 medicorum
1323 743 1417 773 sunt?
1461 741 1552 773 Mm.
1576 742 1669 774 Sunt.

197 793 254 825 So.
278 792 321 824 Et
335 793 525 834 geometrica
540 793 665 834 scripta,
683 796 908 833 geometrarum
922 792 1031 833 leges?
1077 793 1169 824 ΜιΝ.
1194 795 1298 826 Certe.
1342 795 1398 827 So‘.
1423 795 1562 832 Quorum
1575 795 1670 838 igitur

197 852 272 878 sunt
297 847 412 888 scripta
433 847 735 888 constitutionesque
762 847 802 877 de
829 846 916 877 cultu
942 847 1124 878 hortorum?
1169 848 1260 879 Mm.
1285 848 1377 879 Horti
1401 849 1565 880 cultorum.
1610 850 1668 881 So.

197 900 258 932 Hm
279 897 482 943 igitur-'leges
511 900 733 932 horticultoriae
757 905 841 931 sunt.
885 900 977 931 Mm.
999 900 1062 932 Ita.
1106 902 1163 933 So.
1186 902 1313 939 Eorum,
1337 903 1390 944 qui
1413 903 1511 934 hortis
1532 913 1668 945 praeesse

196 955 321 987 sciunt?
365 955 459 986 Mm.
482 955 627 992 Quidni?
674 955 730 987 So.
770 955 883 985 Sciunt
898 960 1001 985 autem
1018 955 1099 986 horti
1114 955 1264 987 cultores.
1310 957 1402 989 Mm.
1432 957 1569 998 Nempe.
1611 958 1666 990 So.

195 1008 241 1039 At
261 1019 391 1050 quorum
418 1014 492 1040 sunt
517 1010 556 1039 de
571 1008 781 1040 condimentis
797 1009 998 1039 obsoniorum
1015 1010 1131 1050 scripta
1155 1014 1251 1051 atque
1275 1009 1439 1042 instituta?
1484 1011 1577 1044 ΜῙΝ.
1602 1011 1666 1043 Co-

196 1073 339 1104 quorum.
385 1063 441 1095 So.
466 1063 647 1104 Coquorum
663 1062 759 1104 igitur
780 1063 828 1093 hae
852 1061 937 1103 leges
962 1067 1044 1093 sunt.
1091 1064 1182 1095 Mm.
1207 1064 1297 1096 Sunt.
1345 1065 1400 1095 So.
1423 1063 1540 1096 Eorum
1556 1064 1665 1097 videli-

194 1122 256 1153 cet,
287 1117 341 1158 qui
366 1117 576 1159 praeparandis
605 1116 743 1148 obsoniis
775 1126 907 1157 praeesse
932 1117 1046 1148 sciunt.
1080 1117 1176 1160 [317]
1212 1117 1304 1150 MrN.
1335 1119 1450 1150 Procul
1465 1119 1575 1153 dubio.
1608 1119 1666 1152 So.

195 1171 307 1203 Sciunt
320 1172 398 1208 haec,
422 1176 458 1202 ut
482 1171 583 1212 aiunt,
605 1171 710 1212 coqui.
754 1171 845 1202 Mm.
868 1171 990 1203 Sciunt.
1036 1172 1091 1203 So.
1117 1171 1186 1214 Age
1212 1172 1319 1214 igitur,
1344 1173 1408 1210 dic,
1434 1184 1566 1215 quorum
1593 1179 1667 1206 sunt

193 1226 370 1266 conscripta
386 1230 418 1257 et
430 1226 575 1257 instituta
590 1226 630 1256 de
646 1225 781 1258 civitatis
798 1226 1025 1267 gubernatione
1039 1227 1050 1258 ?
1074 1237 1114 1257 an
1129 1237 1192 1258 non
1208 1238 1326 1264 eorum,
1342 1228 1398 1270 qui
1413 1228 1667 1260 administrandas

192 1279 238 1310 rei
255 1280 388 1321 publicae
413 1279 507 1321 periti
531 1280 627 1311 sunt?
673 1280 767 1311 Mur.
788 1280 943 1322 Apparet.
990 1281 1046 1312 So.
1070 1280 1155 1312 Num
1179 1281 1232 1312 alii
1254 1281 1395 1323 quidam,
1420 1288 1532 1324 praeter
1555 1283 1665 1316 civiles

188 1338 287 1375 'atque
302 1334 405 1375 regios
418 1334 571 1372 homines,
588 1334 622 1364 id
638 1335 818 1365 noverunt?
864 1335 956 1368 Mm.
979 1335 1036 1366 Isti
1060 1335 1130 1366 soli.
1171 1335 1226 1367 So.
1250 1336 1363 1368 Civilia
1386 1347 1460 1378 ergo
1485 1338 1664 1380 conscripta

191 1387 261 1419 haec
285 1392 369 1425 sunt,
396 1398 466 1429 quae
493 1388 635 1420 homines
659 1399 766 1430 regum
794 1388 1011 1431 bonorumque
1036 1389 1170 1420 virorum
1196 1391 1323 1422 decreta
1347 1391 1522 1424 nominant.
1567 1392 1661 1426 Mn«.

191 1440 277 1472 Vera
291 1451 405 1472 narras.
448 1442 503 1473 So.
527 1443 593 1480 Qui
609 1443 723 1481 sciunt,
739 1444 823 1474 haud
840 1443 916 1474 alias
943 1444 1029 1475 aliud
1056 1444 1095 1475 de
1116 1444 1227 1476 iisdem
1254 1445 1345 1476 rebus
1371 1450 1523 1477 statuunt.
1569 1447 1661 1479 Mm.

190 1493 267 1526 Non
290 1501 384 1528 certe.
429 1496 486 1527 So.
511 1496 588 1527 Non
612 1497 707 1538 igitur
731 1497 794 1528 alia
819 1502 914 1539 atque
939 1498 1001 1528 alia
1030 1498 1170 1540 legitima
1195 1505 1280 1530 sunt.
1323 1499 1415 1531 Mm.
1437 1499 1661 1543 Nequaquam.

190 1548 245 1582 So.
269 1549 303 1580 Si
318 1560 398 1591 quos
413 1550 634 1593 dissentientes
649 1556 868 1594 mutantesque
883 1552 1065 1590 viderimus,
1091 1563 1166 1584 num
1182 1553 1260 1585 scire
1270 1553 1346 1585 *illos
1361 1565 1401 1585 an
1417 1554 1559 1597 ignorare
1575 1556 1662 1588 dice—

188 1603 280 1633 mus?
326 1603 417 1635 Mm.
440 1604 582 1637 Nescire.
627 1605 682 1636 So.
705 1605 761 1637 An
776 1616 854 1648 non,
869 1607 954 1648 quod
971 1607 1003 1637 in
1016 1607 1147 1648 singulis
1162 1613 1280 1639 rectum
1297 1613 1355 1646 est,
1370 1608 1404 1639 id
1422 1609 1454 1640 in
1470 1609 1601 1651 singulis
1616 1610 1663 1642 le·

189 1655 332 1697 gitimum
348 1659 594 1700 nuncupandum
610 1659 621 1689 ?
645 1653 757 1701 utpote
773 1661 859 1702 quod
883 1661 1057 1692 secundum
1082 1662 1233 1693 rationem
1256 1662 1374 1694 medici
1389 1663 1425 1693 fit
1440 1663 1488 1695 vel
1505 1664 1600 1706 coqui
1614 1664 1665 1696 vel

187 1711 268 1742 horti
284 1711 423 1749 cultoris,
440 1712 471 1743 id
488 1713 520 1743 in
536 1712 582 1745 eis
598 1713 794 1756 legitimum?
841 1715 932 1746 Mm.
956 1714 1088 1757 Absque
1104 1716 1215 1747 dubio.
1259 1717 1316 1748 So.
1340 1717 1460 1749 Contra
1474 1729 1560 1756 vero,
1575 1720 1662 1762 quod

186 1765 317 1797 minime
330 1771 459 1804 rectum,
475 1768 558 1799 haud
574 1769 708 1810 amplius
724 1769 898 1811 legitimum
914 1771 1153 1813 appellandum.
1199 1772 1290 1803 Mm.
1314 1772 1411 1804 Haud
1427 1773 1572 1815 amplius.
1605 1773 1663 1810 So,

184 1819 390 1862 Illegitimum
405 1821 511 1863 itaque
527 1822 575 1854 fit.
620 1823 714 1855 Mm.
737 1823 955 1856 Necessarium
971 1831 1031 1857 est.
1076 1825 1132 1857 So.
1157 1826 1368 1863 Quamobrem
1385 1827 1417 1857 in
1427 1827 1662 1858 constitutioni-

185 1874 244 1905 bus
260 1875 299 1906 de
310 1874 406 1916 justis
420 1881 515 1917 atque
531 1876 668 1918 injustis,
684 1878 787 1920 deque
804 1879 939 1911 civitatis
957 1880 1067 1912 ordine
1089 1885 1122 1911 et
1146 1881 1342 1922 gubernandi
1358 1881 1480 1912 ratione
1495 1881 1663 1913 tractanti*

185 1928 257 1970 bus,
270 1930 482 1971 quodcunque
497 1936 615 1962 rectum
641 1937 700 1975 est,
728 1932 815 1974 regia
836 1933 885 1965 lex
910 1934 1050 1965 exsistit:
1073 1944 1137 1965 non
1163 1939 1280 1965 rectum
1295 1945 1380 1973 vero,
1395 1945 1594 1977 nequaquam
1610 1935 1660 1967 lex

184 1983 282 2025 regia,
298 1983 372 2024 quia
387 1984 518 2015 scientia
534 1985 636 2025 deest,
651 1996 720 2017 esse
735 1987 869 2024 videtur,
886 1987 1006 2029 quippe
1022 1998 1093 2019 cum
1108 1988 1304 2030 illegitimum
1321 1989 1374 2020 sit.
1419 1989 1511 2020 Mur.
1535 1988 1587 2021 Sic
1598 1994 1660 2021 est.

188 2036 245 2069 So.
270 2037 372 2070 Probe
388 2038 484 2080 igitur
496 2039 632 2070 confessi
646 2049 763 2078 sumus,
779 2041 880 2082 legem
892 2051 958 2073 esse
972 2042 1110 2073 veritatis
1123 2042 1348 2074 inventionem.
1391 2043 1484 2074 MxN.
1507 2041 1662 2085 Apparet.

184 2091 242 2123 So.
265 2091 420 2123 Praeterea
435 2097 467 2123 et
480 2093 541 2124 hoc
556 2093 596 2124 ad
613 2093 696 2125 idem
712 2094 948 2127 consideremus
961 2107 969 2128 :
995 2096 1064 2138 quis
1079 2097 1324 2142 spargendorum
1334 2097 1368 2128 in
1381 2102 1492 2129 terram
1505 2097 1658 2129 seminum

184 2145 303 2187 peritus
319 2146 391 2177 est?
435 2146 527 2178 Mur.
551 2146 710 2188 Agricola.
756 2148 814 2180 So,
838 2149 900 2181 Hic
915 2150 1026 2192 utique
1041 2151 1262 2183 convenientia
1271 2151 1390 2184 semina
1405 2152 1577 2195 unicuique
1589 2152 1658 2185 solo

184 2198 354 2232 distribuit.
398 2200 490 2232 Mm-
513 2201 607 2234 Sane.
653 2202 710 2236 SO.
732 2202 883 2246 Agricola
897 2204 992 2247 igitur
1017 2205 1050 2236 in
1073 2205 1114 2237 iis
1140 2206 1299 2247 legislator
1314 2206 1416 2238 bonus
1430 2212 1500 2239 est:
1524 2207 1658 2250 ejusque

183 2254 270 2296 leges
284 2255 368 2286 etad
384 2255 442 2286 ista
457 2255 694 2288 distributiones
709 2262 815 2291 rectae.
860 2257 952 2291 Mm.
976 2259 1107 2292 Verum.
1152 2260 1208 2292 So.
1231 2259 1315 2298 Quis
1331 2260 1363 2292 in
1378 2260 1454 2302 ipsis
1470 2262 1510 2293 ad
1533 2262 1656 2294 harmo-

182 2309 514 2351 niampulsationibus
530 2310 631 2342 bonus
655 2311 732 2353 legis
757 2312 903 2344 conditor
924 2318 984 2351 est,
1006 2324 1043 2345 ac
1066 2324 1124 2356 pro
1147 2314 1302 2355 dignitate
1325 2315 1484 2357 impertit?
1507 2319 1541 2346 et
1565 2314 1657 2357 cujus

181 2363 268 2405 leges
283 2364 401 2395 rectae?
447 2363 540 2396 Mm.
562 2365 696 2397 Tibicen
712 2371 745 2397 et
761 2367 920 2399 citharista
933 2368 1001 2399 haec
1018 2372 1127 2410 agunt.
1174 2369 1228 2400 So.
1253 2367 1318 2406 Qui
1334 2379 1408 2411 ergo
1423 2368 1455 2399 in
1471 2368 1508 2400 iis
1523 2370 1656 2402 maxime

179 2416 338 2458 legitimus
351 2422 410 2454 est,
427 2418 452 2449 is
468 2419 599 2451 maxime
612 2421 741 2453 tibicen.
788 2422 879 2453 ΜιΝ.
902 2421 964 2454 Ita.
1009 2422 1066 2454 So.
1090 2423 1171 2461 Quis
1182 2423 1300 2464 optime
1311 2423 1495 2465 corporibus
1507 2423 1658 2457 alimenta

179 2472 416 2503 accommodare
432 2474 558 2514 potest?
583 2485 689 2506 nonne
705 2476 760 2517 qui
775 2486 913 2518 congrua
937 2476 1054 2519 cuique
1074 2478 1223 2509 adhibere
1247 2477 1360 2508 novit?
1404 2476 1497 2509 Mm-
1519 2477 1552 2509 Is
1573 2478 1654 2521 ipse.

181 2525 237 2557 So.
260 2525 366 2568 Hujus
383 2526 566 2568 partitiones
582 2528 859 2572 institutionesque
875 2531 1003 2574 optimae
1019 2542 1026 2564 :
1052 2536 1084 2563 et
1098 2532 1279 2574 quicunque
1294 2531 1378 2564 circa
1398 2533 1467 2564 haec
1492 2532 1656 2575 legitimus·

179 2580 325 2617 maxime,
351 2580 376 2611 is
402 2580 480 2622 legis
495 2583 641 2615 conditor
654 2584 805 2626 optimus.
849 2586 942 2619 Mm.
966 2585 1107 2618 Prorsus.
1155 2586 1215 2618 So.
1242 2586 1323 2625 Quis
1339 2587 1418 2618 iste?
1462 2586 1557 2620 Min.
1580 2587 1654 2619 Ρω-

178 2634 312 2667 dotriba.
358 2635 411 2666 So.
434 2635 467 2667 Is
492 2635 589 2679 [318]
614 2638 819 2671 humanorum
837 2651 1001 2682 corporum
1018 2640 1251 2672 multitudinem
1274 2651 1403 2683 pascere
1418 2641 1521 2674 novit.
1560 2641 1655 2673 Mur.

179 2688 273 2722 Sane.
319 2689 375 2722 So.
399 2689 438 2721 Ei
453 2701 540 2728 vern,
556 2692 610 2733 qui
626 2695 785 2734 pecudum
802 2706 926 2737 gregem
946 2706 1074 2738 pascere
1090 2696 1191 2732 novit,
1207 2696 1293 2737 quod
1309 2706 1424 2728 nomen
1440 2696 1510 2728 est?
1560 2695 1654 2727 Mm.

177 2743 300 2776 Pastor.
346 2743 401 2776 So.
425 2745 562 2776 Pastoris
587 2747 693 2789 itaque
718 2748 803 2791 leges
828 2750 938 2781 ovibus
962 2751 1102 2792 optimae.
1147 2751 1240 2782 Mm-
1263 2750 1414 2793 Optimae.
1459 2749 1514 2783 So.
1537 2749 1580 2781 Et
1594 2749 1654 2781 bu·

178 2798 263 2832 bulci
279 2799 390 2830 bobus.
435 2799 527 2831 Mm.
549 2799 665 2832 Etiam.
711 2802 767 2835 So.
792 2803 839 2835 At
854 2804 944 2846 cujus
961 2805 1158 2847 potissimum
1175 2805 1260 2847 leges
1282 2805 1397 2836 animis
1418 2803 1581 2835 hominum
1593 2813 1652 2845 op—

178 2854 262 2886 timae
277 2855 375 2886 sunt?
399 2865 439 2886 an
455 2866 519 2886 non
536 2857 639 2899 regis?
685 2858 776 2890 Μηι.
801 2859 912 2902 Regis.
959 2861 1014 2892 So.
1038 2861 1129 2892 Bene
1145 2861 1236 2893 dicis.
1259 2862 1314 2893 sed
1330 2870 1404 2892 num
1418 2860 1529 2892 referre
1546 2864 1651 2902 potes,

178 2909 249 2951 quis
263 2919 281 2941 e
297 2909 407 2951 priscis
422 2909 602 2942 hominibus
617 2911 720 2954 legum
737 2913 823 2950 circa>
835 2915 979 2946 tibiarum
992 2915 1188 2947 inflationem
1201 2915 1345 2947 conditor
1357 2915 1494 2957 optimus
1507 2913 1654 2946 exstitit?

177 2964 258 2995 sorte
272 2970 336 2998 non
353 2967 450 2998 tenes.
476 2965 562 2997 visne
579 2966 634 2998 tihi
662 2970 854 3000 memorem?
902 2970 995 3002 Mm.
1018 2970 1137 3003 Valde.
1183 2970 1237 3001 So.
1263 2970 1393 3012 Marsya
1417 2974 1450 3002 et
1474 2966 1651 3011 discipulus
