1846 3268
246 273 324 311 130
624 268 892 309 PLATONIS
921 267 1297 327 PARMENIDES.
1615 269 1714 320 [166

245 379 331 412 sunt,
346 374 386 406 ad
399 373 519 416 aliquid
534 372 665 404 aliorum
681 372 808 404 attinet.
832 381 904 402 nam
920 371 1008 403 nulia
1024 381 1094 413 pars
1109 370 1161 408 iis,
1176 380 1248 413 quae
1263 380 1328 401 non
1343 374 1428 412 sunt,
1442 370 1542 402 adest.
1579 369 1710 404 Verum.

246 427 363 470 Neque
377 428 473 470 igitur
487 427 596 469 opinio
611 427 651 457 de
666 437 717 462 eo,
742 425 828 467 quod
849 424 977 456 minime
992 430 1050 462 est,
1073 434 1133 456 nec
1154 425 1342 465 phantasma
1356 424 1467 456 ceteris
1482 424 1584 456 inest:
1607 434 1712 466 neque

246 481 312 512 uno
327 482 423 512 modo
438 481 484 521 id,
500 480 584 522 quod
601 490 666 510 non
682 483 742 518 est,
756 479 796 509 ab
811 477 880 509 aliis
895 478 1046 519 opinione
1070 477 1259 519 concipitur.
1303 476 1378 508 Non
1400 482 1495 510 certe.
1542 478 1711 520 Quaprop-

245 539 293 566 ter
307 535 333 566 si
349 545 444 566 unum
458 545 523 564 non
534 539 594 570 est,
609 532 687 564 nihil
703 543 741 563 ex
765 531 834 562 aliis
855 532 1006 574 opinione
1022 531 1215 573 concipitur,
1238 535 1294 562 aut
1307 543 1416 573 unum,
1437 537 1492 563 aut
1513 532 1612 564 muita
1628 543 1709 566 esse.

245 599 319 620 nam
335 589 453 630 absque
469 598 532 618 uno
556 586 654 617 multa
677 586 799 627 opinari
822 585 949 627 penitus
970 585 1176 628 impossibile.
1219 585 1416 627 Impossibile
1440 585 1584 617 nimium.
1626 585 1710 627 Ergo

246 644 273 675 si
298 653 394 674 unum
420 652 485 673 non
505 646 565 676 est,
587 641 646 671 alia
671 650 773 682 neque
796 644 880 677 sunt,
906 650 1010 681 neque
1032 640 1182 681 opinione
1204 640 1298 671 etiam
1319 639 1497 681 cogitantur
1520 650 1629 676 unum,
1655 644 1710 670 aut

247 697 347 728 multa
362 706 442 727 csse.
486 694 563 726 Non
579 694 735 725 videntur.
780 693 875 724 Unde
890 703 994 736 neque
1011 693 1136 732 similia,
1159 704 1263 735 neque
1280 693 1380 725 ,etiam
1405 692 1577 724 dissimilia.
1620 692 1710 725 Non.

245 750 362 794 Neque
376 749 471 781 etiam
485 749 608 785 eadem,
623 753 678 780 aut
699 747 811 784 altera.
831 758 934 790 neque
959 747 1121 789 contigua,
1145 757 1250 790 neque
1275 747 1429 789 sejuncta,
1452 757 1556 788 neque
1576 746 1710 789 reliqua,

244 809 450 847 quotcunque
464 803 496 834 in
511 800 733 843 superioribus,
748 806 897 843 tanquam
913 813 985 843 quae
998 802 1036 832 ad
1053 802 1123 843 ipsa
1134 801 1196 832 alia
1221 806 1362 842 spectare
1378 801 1566 837 viderentur,
1587 811 1709 832 enarra-

243 858 358 898 vimus,
369 857 436 901 jam
451 857 490 888 ad
505 856 572 898 ipsa
587 855 650 887 alia
663 860 810 897 spectant
823 855 873 887 vel
889 861 1030 897 spectare
1045 856 1202 892 videntur,
1218 865 1313 886 unum
1329 855 1354 885 si
1369 854 1495 885 minime
1510 858 1568 886 est.
1613 854 1708 887 Vera.

244 912 374 949 Nonne,
390 915 426 942 ut
440 910 614 942 summatim
631 904 753 950 loquar,
769 908 795 940 si
811 909 991 947 dixerimus,
1009 910 1116 941 Unum
1137 909 1164 940 si
1179 919 1243 940 non
1257 914 1316 946 est,
1336 908 1414 939 nihil
1433 911 1494 945 est,
1519 911 1603 939 recte
1621 907 1707 939 dice-

245 976 314 996 mus
328 966 340 996 ?
384 964 426 995 Et
439 964 570 995 maxime
584 963 724 1005 quidem.
767 962 839 994 Hoc
855 963 961 1005 itaque
977 964 1096 995 dictum
1113 973 1131 994 a
1145 963 1237 994 nobis
1252 963 1292 993 sit
1305 974 1312 993 ε
1337 967 1432 1003 atque
1447 962 1526 993 iilud
1545 966 1706 1003 praeterea,

245 1020 344 1062 quod,
359 1023 396 1049 ut
409 1018 542 1055 videtur,
556 1028 654 1048 unum
668 1018 737 1048 sive
751 1016 804 1054 sit,
825 1017 889 1048 sive
913 1029 978 1048 non
997 1018 1050 1055 sit,
1073 1023 1138 1049 tum
1158 1017 1271 1059 ipsum,
1291 1022 1355 1047 tum
1377 1016 1470 1047 etlam
1487 1015 1550 1047 alia.
1571 1015 1612 1046 nd
1628 1026 1708 1053 sese,

245 1077 340 1114 atque
353 1072 490 1103 invicem
504 1071 612 1102 omnia
626 1071 766 1106 omnino,
778 1076 852 1117 sunt
866 1076 962 1113 atque
977 1082 1041 1104 non
1054 1077 1139 1112 sunt,
1149 1075 1365 1114 apparentque
1379 1069 1519 1113 iusuper,
1532 1074 1565 1102 et
1577 1079 1641 1101 non
1651 1079 1707 1112 ap-

247 1131 369 1171 [ment.
414 1125 584 1164 verissima
598 1124 726 1169 quidem
741 1125 809 1158 haec
825 1129 911 1159 sunt.
