1846 3268
202 251 279 291 156
664 246 887 289 INCERTI
916 246 1187 289 AUCTORIS
1568 249 1667 302 [532

197 363 265 386 rum
279 358 375 397 atque
387 352 548 396 opificum.
562 351 710 395 attinent,
721 352 894 393 enarravit;
918 357 950 385 et
965 352 1007 386 de
1022 351 1095 391 diis,
1117 351 1382 395 quemadmodum
1398 361 1503 383 secum
1516 349 1666 394 invicem,

197 412 231 440 et
244 419 316 441 cum
341 408 521 440 horninibus
536 412 708 444 versantur,
730 407 835 449 deque
856 407 1033 440 coelestibus
1055 407 1253 450 passionibus
1273 406 1567 449 progressibnsquez
1589 405 1667 438 item

196 471 269 504 quae
283 462 369 505 apud
384 462 499 494 inferos
514 466 609 494 sunt:
633 462 826 502 deorumque
846 465 880 491 et
904 461 1033 492 heroum
1058 460 1274 503 generationes
1298 459 1435 502 cecinit?
1461 471 1567 492 nonne
1581 459 1665 492 circa

198 517 267 549 haec
290 516 393 548 omnis
407 517 538 548 Homeri
552 515 659 558 poesis
673 515 832 548 versatur?
877 514 930 547 Io.
952 514 1049 557 Vera,
1074 525 1094 546 o
1107 515 1262 553 Socrates,
1278 515 1423 558 loqueris.
1466 515 1524 548 So.
1547 513 1666 546 Nonne

198 572 308 603 eadem
325 571 420 603 ceteri
437 571 541 613 poetae
554 569 749 602 decantant?
793 568 844 601 Io.
870 569 992 601 Eadem
1007 574 1110 601 certe:
1135 570 1190 601 sed
1206 580 1270 601 non
1281 571 1325 601 ita
1335 570 1443 607 ceteri,
1456 574 1490 600 ut
1501 569 1668 600 Homerus.

198 626 256 657 So.
279 624 331 656 An
348 625 427 656 forte
447 625 611 657 deterius?
656 623 710 657 Io.
734 624 843 655 Multo
868 623 1018 657 deterius.
1063 624 1121 656 So.
1143 624 1263 656 Melius
1288 634 1361 666 ergo
1387 623 1566 656 Homerus?
1611 623 1665 655 Io.

197 680 318 711 Melius
333 684 428 712 certe.
473 679 531 711 So.
554 678 583 710 O
599 678 671 716 Ion,
691 678 834 721 lepidum
851 683 959 720 caput,
986 688 1058 710 cum
1074 678 1166 710 multi
1180 679 1221 710 de
1234 689 1362 710 numero
1378 679 1472 709 verba
1486 677 1618 714 faciunt,
1632 681 1666 708 et

197 745 305 766 corum
322 734 436 777 aliquis
449 739 534 766 recte
549 733 639 771 dicit,
664 744 770 765 nonne
796 737 903 775 potest
921 732 1077 775 quispiam
1092 733 1179 764 eain
1194 744 1226 764 re
1247 733 1328 764 bene
1349 732 1508 764 dicentem
1531 741 1665 773 cognos-

197 788 291 820 cere?
338 788 390 820 Io.
422 788 544 821 Potest.
590 788 647 820 So.
682 786 849 830 Numquid
873 787 928 820 ille
949 788 1031 829 ipse,
1057 787 1113 830 qui
1131 787 1213 819 malo
1235 788 1395 820 dicentem
1423 785 1598 828 cognoscit,
1623 795 1665 816 an

197 842 303 874 alius?
347 842 398 874 Io.
421 842 496 885 Ipse
511 842 608 874 idem.
655 842 712 874 So.
734 841 788 873 An
802 853 867 873 non
882 842 934 874 hic
960 847 1009 873 est
1030 842 1086 884 qui
1111 842 1307 874 arithmetica
1331 846 1396 874 arte
1422 847 1470 874 est
1491 840 1664 884 praeditus?

198 896 249 929 Io.
274 896 434 930 Profecto,
478 896 533 930 So.
558 896 639 929 Cum
653 896 744 927 multi
759 896 800 928 de
815 896 906 934 cibis,
922 895 1033 939 quales
1048 896 1187 928 salubres
1201 896 1276 935 sint,
1299 896 1482 939 loquuntur,
1497 900 1531 927 et
1550 894 1666 937 aliquis

198 955 283 982 recte
299 961 337 982 ea
352 951 392 982 de
407 961 439 982 re
455 950 606 992 loquitur,
621 954 724 981 utrum
739 950 818 981 alius
833 950 960 992 quidam
976 950 1057 982 bene
1073 950 1243 988 dicentem,
1258 951 1343 993 quod
1359 955 1443 982 recte
1455 962 1466 991 ς
1488 949 1568 981 alius
1582 948 1666 981 male

198 1004 371 1042 dicentem,
386 1006 471 1047 quod
489 1004 568 1036 male
584 1004 684 1046 dicat,
709 1004 965 1036 animadvertet?
983 1015 1025 1035 an
1049 1015 1131 1036 unus
1156 1009 1190 1036 et
1210 1004 1318 1036 idem?
1362 1004 1415 1036 Io.
1440 1004 1530 1035 Idem
1554 1002 1667 1045 procul

202 1059 314 1092 dubio.
356 1059 414 1091 So.
439 1058 520 1096 Quis
534 1058 619 1090 iste?
642 1058 730 1100 quod
744 1058 791 1090 illi
807 1059 949 1090 nomen?
992 1058 1043 1091 Io.
1067 1058 1228 1091 Medicus.
1273 1059 1329 1091 So.
1353 1057 1471 1090 Nonne
1487 1056 1670 1089 summatim·

198 1113 347 1151 dicimus,
368 1124 439 1146 cum
454 1113 558 1156 plures
582 1113 693 1145 eadem
709 1113 750 1145 de
774 1123 807 1144 re
833 1113 1015 1155 loquuntur,
1041 1114 1126 1154 quod
1151 1123 1233 1145 unus
1257 1118 1352 1155 atque
1380 1113 1465 1144 idern
1490 1117 1553 1144 tam
1576 1112 1666 1143 illurn

197 1167 254 1209 qui
269 1168 361 1206 male,
372 1178 466 1210 quam
480 1168 568 1199 illum
584 1167 640 1210 qui
665 1168 746 1200 bene
783 1168 935 1210 loquitur,
959 1167 1057 1210 [532]
1083 1167 1297 1200 internoscet:
1321 1173 1354 1199 et
1369 1167 1429 1198 nisi
1451 1178 1523 1199 eurn
1550 1166 1606 1209 qui
1631 1166 1666 1197 in

201 1222 313 1253 eadem
339 1233 371 1254 re
397 1223 531 1260 aberrat,
570 1221 765 1265 cognoverit,
788 1232 952 1264 nunquam
978 1233 1052 1253 eum
1081 1222 1134 1264 qui
1160 1226 1244 1254 recte
1271 1221 1369 1254 sentit
1394 1221 1566 1264 agnoscet?
1610 1220 1665 1252 Io.

199 1275 359 1308 Profecto.
406 1277 462 1309 So.
495 1276 550 1309 An
574 1288 640 1308 non
665 1277 733 1319 ipse
759 1276 845 1308 idem
865 1277 898 1307 in
920 1277 1059 1319 utrisque
1084 1276 1203 1319 peritus
1227 1277 1302 1308 est?
1349 1276 1399 1308 [ο.
1422 1277 1563 1309 Prorsus.
1607 1276 1665 1308 So.

200 1329 375 1362 Homerum
400 1335 496 1373 atque
521 1331 600 1362 alios
624 1331 750 1374 poetas,
786 1342 804 1363 e
829 1341 961 1373 quorum
981 1341 1112 1362 numero
1137 1336 1185 1363 est
1208 1330 1368 1362 Hesiodus
1391 1335 1424 1362 et
1443 1330 1667 1368 Archilochus,

203 1385 316 1416 eadem
333 1384 445 1416 referre
460 1385 582 1423 asseris,
597 1395 663 1416 non
677 1391 782 1417 tamen
798 1385 911 1417 eodem
927 1385 1034 1422 modo,
1049 1385 1103 1416 sed
1115 1384 1225 1416 melius
1238 1384 1410 1416 Homerum
1424 1385 1435 1416 ?
1462 1384 1514 1416 Io.
1537 1382 1580 1415 Et
1595 1394 1668 1415 vera

203 1438 327 1480 loquor.
370 1439 429 1471 So.
452 1438 486 1470 Si
501 1439 589 1470 illum
604 1439 660 1481 qui
675 1439 755 1471 bene
778 1439 856 1471 dicit
880 1439 1056 1481 cognoscis,
1079 1450 1134 1471 eos
1157 1439 1212 1482 qui
1228 1439 1308 1471 male
1323 1439 1447 1477 dicunt,
1463 1438 1549 1481 quod
1565 1443 1668 1470 errent

201 1492 366 1534 intelligis.
411 1493 464 1526 Io.
486 1493 659 1525 Convenit.
704 1493 762 1525 So.
784 1493 818 1524 Si
833 1503 906 1535 ergo
922 1493 1075 1530 dicamus,
1089 1503 1108 1524 o
1123 1493 1170 1524 vir
1184 1492 1433 1535 optime,10nem
1448 1492 1533 1524 circa
1547 1491 1668 1523 Home-

204 1557 274 1578 rum
289 1547 431 1590 aliosque
446 1547 560 1592 poetas
582 1547 727 1580 similiter
745 1548 880 1590 peritum
902 1556 971 1579 esse
998 1553 1093 1590 atque
1109 1548 1337 1585 vehementem,
1360 1557 1561 1589 nequaquam
1585 1555 1668 1578 erra-

203 1601 326 1632 bimus:
351 1602 611 1643 quandoquidem
639 1602 720 1643 ipse,
740 1601 885 1644 judicem
902 1602 1038 1633 eundem
1051 1601 1199 1633 idoneum
1215 1611 1283 1633 esse
1303 1601 1388 1633 circa
1401 1600 1472 1632 illos
1487 1600 1542 1643 qui
1556 1600 1668 1631 eadem

201 1655 235 1686 in
250 1666 283 1687 re
299 1661 473 1693 versantur,
491 1655 679 1688 confitetur:
704 1655 817 1697 poetas
831 1667 904 1688 vero
919 1666 1011 1698 paene
1027 1666 1135 1687 omnes
1150 1656 1260 1687 eadem
1270 1654 1428 1697 effingere.
1470 1654 1522 1686 Ῑο.
1545 1653 1667 1692 Quam-

205 1710 325 1747 obrem,
341 1720 360 1741 ο
375 1709 533 1748 Socrates,
547 1720 619 1742 curn
635 1708 749 1752 aliquis
764 1710 805 1742 de
818 1710 881 1742 alio
898 1710 996 1752 poeta
1017 1709 1154 1746 disserit,
1170 1720 1274 1751 neque
1290 1714 1426 1741 mentem
1448 1707 1596 1747 abhibeo,
1609 1718 1667 1740 ne-

200 1775 264 1807 que
279 1764 452 1807 quidquam
469 1763 701 1799 existimatione
716 1764 847 1806 dignum
861 1763 1043 1806 conjectare
1059 1768 1092 1795 et
1105 1763 1246 1796 conferre
1260 1763 1362 1800 valeo,
1384 1763 1440 1795 sed
1455 1763 1558 1795 oscito
1572 1763 1673 1805 proti·

200 1829 261 1850 nus
276 1823 371 1861 atque
386 1823 497 1860 torpeo
511 1830 519 1850 t
544 1823 712 1860 postquam
727 1829 800 1850 vero
816 1818 948 1850 Homeri
963 1818 1033 1859 quis
1055 1816 1246 1850 mentionem
1268 1818 1390 1859 fecerit,
1405 1817 1571 1850 confestim
1585 1817 1670 1849 exci-

199 1878 261 1911 tor,
285 1877 382 1915 atque
407 1878 544 1904 mentem
567 1873 716 1912 adhibeo,
742 1878 776 1904 et
798 1873 932 1904 facultas
955 1871 1083 1904 dicendi
1104 1871 1307 1914 suppeditare
1327 1871 1403 1903 mihi
1423 1871 1571 1903 videtur?
1614 1871 1672 1904 So.

199 1926 412 1970 Nequaquam
438 1928 569 1958 arduum
592 1932 687 1966 est,‚o
706 1926 821 1968 amice,
836 1926 932 1968 hujus
952 1937 1078 1958 causam
1100 1930 1291 1968 conjectare.
1314 1930 1439 1957 constat
1461 1925 1558 1964 enirn,
1582 1925 1670 1968 quod

199 1992 304 2024 neque
319 1986 384 2014 arte
398 1992 502 2025 neque
517 1981 650 2013 scientia
664 1982 705 2013 de
721 1980 859 2012 Homero
874 1981 952 2013 scite
969 1980 1116 2022 loqueris.
1139 1990 1211 2011 narn
1236 1980 1261 2011 si
1282 1985 1360 2018 arte,
1375 1980 1416 2011 de
1437 1979 1508 2011 aliis
1515 1979 1670 2011 ‘omnibus

199 2035 306 2078 poetis
319 2036 464 2068 similiter
478 2036 566 2079 loqui
580 2036 709 2068 valeres.
733 2034 840 2078 poesis
855 2035 937 2067 enim
954 2039 1056 2066 totum
1071 2039 1130 2067 est.
1152 2045 1259 2066 nonne
1274 2035 1285 2066 ?
1330 2033 1382 2066 Io.
1406 2034 1464 2065 Est
1478 2039 1576 2066 certe.
1609 2034 1669 2068 So.

197 2089 317 2122 Nonne
332 2095 498 2133 postquam
514 2090 628 2133 aliquis
642 2090 734 2123 aliam
750 2090 893 2132 quamvis
908 2094 1006 2122 artem
1019 2089 1174 2132 integram
1190 2089 1395 2131 comparavit,
1411 2098 1501 2131 aeque
1513 2088 1555 2120 de
1569 2090 1669 2121 omni-

199 2145 259 2176 bus
273 2155 344 2187 quae
359 2145 417 2177 sub
440 2150 505 2177 arte
527 2150 602 2177 sunt
621 2144 770 2187 judicat?
795 2145 905 2178 eadem
927 2145 1047 2187 quippe
1071 2145 1112 2176 de
1135 2143 1282 2175 omnibus
1304 2143 1422 2175 artibus
1442 2141 1668 2175 considerandi

198 2199 278 2231 ratio
293 2203 353 2232 est.
394 2199 452 2232 Vis
467 2199 524 2232 tibi
539 2200 684 2237 reseram,
706 2210 770 2242 qua
785 2200 907 2231 ratione
924 2199 960 2231 id
981 2199 1110 2231 dicam?
1154 2199 1203 2230 Io.
1226 2197 1315 2241 Opto
1337 2207 1393 2240 per
1412 2197 1540 2235 Jovem,
1566 2208 1587 2229 o
1608 2197 1669 2229 So-

195 2263 309 2288 crates.
331 2264 404 2286 narn
419 2255 543 2298 quoties
557 2265 612 2286 vos
626 2254 784 2297 sapientes
799 2253 908 2292 audio,
922 2253 1001 2285 miro
1017 2254 1154 2296 quodam
1177 2253 1296 2295 gaudio
1313 2252 1418 2283 statim
1433 2251 1563 2286 afficior.
1605 2251 1664 2284 So.

197 2308 315 2347 Velim,
327 2321 346 2342 ο
361 2310 434 2348 Ion,
449 2309 613 2345 veritatem
626 2309 758 2342 diceres.
782 2318 888 2340 verum
904 2308 1063 2351 sapientes
1079 2318 1135 2338 vos
1159 2306 1310 2349 rhapsodi
1329 2306 1516 2348 fictoresque
1536 2305 1624 2342 estis,
1638 2309 1672 2337 et

202 2363 249 2394 illi
269 2374 402 2406 quorum
422 2374 479 2395 vos
504 2363 654 2406 poEmata
674 2361 862 2396 decantatis.
906 2361 976 2405 Ego
999 2367 1105 2394 autem
1130 2360 1209 2393 nibil
1234 2365 1346 2404 praeter
1361 2359 1522 2392 veritatem
1547 2359 1672 2401 loquor,

200 2418 466 2460 quemadmodum
487 2418 580 2450 decet
594 2417 722 2460 pinguis
738 2417 892 2449 Minervae
906 2416 1076 2449 hominem.
1099 2425 1173 2447 nam
1189 2416 1235 2453 id,
1261 2415 1302 2447 de
1317 2425 1381 2457 quo
1396 2413 1492 2457 paulo
1507 2417 1583 2445 ante
1599 2423 1671 2456 per-

201 2473 363 2509 contabar,
378 2472 501 2504 intuere
516 2482 611 2514 quam
627 2472 699 2504 leve
714 2471 755 2503 sit
768 2476 801 2504 et
814 2471 910 2504 facile
933 2470 1062 2514 cognitu
1075 2481 1083 2502 ε
1106 2470 1241 2513 quilibet
1254 2469 1288 2501 id
1303 2470 1390 2512 quod
1406 2469 1581 2507 narrabam,
1602 2477 1674 2510 per-

201 2526 307 2568 cipere
322 2531 440 2569 potest,
466 2526 579 2558 eodem
594 2526 745 2559 videlicet
771 2531 866 2569 pacto
881 2526 1006 2568 singula
1020 2524 1251 2558 consideranda
1272 2534 1353 2566 esse,
1365 2522 1393 2555 si
1407 2523 1479 2566 quis
1494 2526 1591 2554 artem
1611 2521 1673 2553 sibi

199 2581 354 2623 integram
369 2581 609 2623 comparaverit.
655 2581 803 2624 Exempli
812 2590 918 2620 causa,
931 2579 1085 2623 numquid
1101 2579 1254 2622 pingendi
1265 2589 1312 2610 ars
1322 2582 1424 2610 totum
1437 2577 1589 2620 quiddam
1600 2575 1674 2608 est?

199 2634 253 2668 Io.
277 2635 346 2667 Est.
389 2635 445 2669 So.
468 2634 586 2667 Nonne
603 2635 738 2678 pictores
753 2635 857 2672 multi,
872 2635 987 2678 partim
1002 2634 1091 2673 boni,
1107 2633 1218 2676 partim
1235 2633 1321 2671 mali,
1336 2637 1370 2664 et
1384 2637 1459 2664 sunt
1479 2636 1514 2663 et
1526 2629 1673 2663 fuerunt?

201 2689 253 2723 10.
276 2689 384 2722 Certe.
429 2690 487 2723 Se.
513 2689 675 2722 Vidistine
690 2690 841 2733 aliquem,
857 2689 913 2732 qui
927 2694 960 2721 et
974 2699 1013 2721 ea
1037 2699 1107 2731 quas
1123 2693 1219 2725 recte,
1244 2692 1278 2719 et
1300 2697 1372 2730 quae
1392 2696 1458 2718 non
1473 2685 1673 2728 Polygnotus

201 2742 438 2786 Aglaophontis
451 2743 535 2775 filius
553 2743 666 2786 pinxit,
685 2745 875 2777 sufficienter
900 2744 1066 2776 ostendere
1086 2743 1207 2786 possit3
1231 2742 1330 2784 [533]
1353 2751 1425 2784 quae
1447 2749 1522 2772 vero
1537 2739 1674 2781 pictores

203 2797 272 2836 ulii,
287 2803 426 2841 nequeat
439 2809 449 2832 ι
473 2803 505 2830 et
520 2798 546 2830 si
561 2799 633 2841 quis
645 2799 774 2832 aliorum
790 2800 944 2842 pictorum
959 2809 1039 2842 opus
1054 2797 1238 2836 ostenderit,
1253 2796 1441 2833 obdormiat,
1455 2803 1558 2836 neque
1571 2792 1672 2825 facul-

202 2857 251 2883 tas
265 2851 311 2883 illi
324 2852 365 2883 ad
379 2852 551 2885 dicendum
567 2853 689 2896 aliquid
711 2854 1009 2897 conjiciendumque
1034 2857 1204 2896 suppetat:
1227 2862 1299 2883 cum
1315 2860 1387 2883 vero
1412 2850 1454 2881 de
1475 2848 1671 2891 Polygnoto.

202 2906 253 2938 vel
269 2907 310 2939 de
325 2916 389 2938 uno
404 2907 515 2950 quovis
532 2907 594 2939 alio
610 2908 742 2949 pictore,
758 2909 798 2940 sit
810 2908 1032 2951 judicandum,
1048 2906 1291 2950 expergiscatur,
1306 2910 1339 2936 et
1353 2907 1489 2936 mentem
1510 2901 1673 2939 adhibeat,

202 2965 235 2992 et
246 2960 430 2995 facultatem
444 2961 573 2997 dicendi
587 2962 726 2995 habeat?
770 2963 821 2999 Io.
846 2963 921 2996 Non
937 2974 999 3007 per
1022 2962 1146 2998 Jovem.
1190 2961 1246 2994 So.
1270 2959 1357 2999 Quid
1377 2958 1411 2990 in
1436 2956 1531 2990 fabris
1554 2960 1672 2990 statua·
