1846 3268
235 252 317 292 216
845 253 1114 296 PLATONIS
1609 253 1708 314 [500

235 359 394 404 prohibet.
437 358 494 390 So.
516 357 624 390 Bonas
639 356 767 398 quidem
783 356 960 399 voluptates
975 364 1008 390 et
1021 359 1145 391 dolores
1162 360 1261 391 bonos
1276 359 1391 401 eligere
1407 367 1532 403 oportet
1545 367 1578 394 et
1600 373 1707 405 prose-

236 415 304 457 qui.
350 413 437 446 Cn..
460 413 603 444 Prorsus.
648 411 706 443 SO.
731 410 852 443 Contra
866 422 938 444 vero
953 423 1165 455 nequaquam.
1212 414 1298 446 Cn..
1323 414 1529 447 Manifestum
1545 422 1603 448 est.
1647 417 1709 450 So.

236 468 363 509 Nempe
376 468 527 498 bonorum
544 465 642 507 gratia
656 465 780 506 agenda
794 475 862 497 esse
877 466 983 498 omnia
999 478 1058 508 ego
1070 473 1101 498 et
1115 468 1212 499 Polus
1223 469 1447 501 consensimus.
1465 480 1504 500 an
1516 469 1682 502 meministi
1695 472 1708 502 ?

237 527 272 555 et
294 523 350 554 tibi
375 520 516 552 similiter
529 519 652 551 videtur
678 519 730 551 hic
754 530 822 551 esse
844 519 915 550 finis
941 521 1078 551 omnium
1105 521 1275 559 actionum,
1291 522 1394 564 ipsum
1422 523 1543 555 scilicet
1567 525 1709 556 bonum?

237 577 370 619 ejusque
396 575 495 618 gratia
519 579 624 606 cetera
649 573 753 604 omnia
772 573 929 615 facienda,
945 585 1010 605 non
1034 580 1137 606 auteur
1165 575 1266 617 ipsum
1284 577 1381 618 gratia
1397 577 1606 619 reliquorum?
1652 578 1707 610 An

238 632 347 664 tertius
362 631 395 661 in
409 630 490 661 hanc
508 628 693 660 seutentiam
714 628 805 659 nobis
826 629 972 659 accedis?
1017 629 1102 661 Cat..
1126 629 1294 670 Equidem.
1340 631 1394 662 So.
1419 632 1630 668 Quamobrem
1650 633 1707 664 bo-

238 696 348 718 norum
365 684 463 726 gratia
477 687 602 725 oportet
615 687 648 714 et
661 682 723 713 alia
737 687 769 713 et
781 682 960 724 voluptates
975 683 1065 724 sequi
1081 694 1089 714 ε
1113 693 1176 714 non
1187 688 1290 714 autem
1318 684 1414 727 [500]
1441 686 1521 716 bona
1538 685 1636 728 gratia
1651 697 1709 717 vo-

237 740 408 782 luptatum.
452 738 539 771 CAL.
562 737 702 769 Prorsus.
748 736 804 768 So.
828 737 880 767 An
906 747 980 777 ergo
1007 736 1160 779 cujusque
1190 738 1247 768 viri
1276 743 1324 769 est
1348 739 1474 779 eligere,
1499 749 1644 781 quaenam
1669 749 1708 771 ex

237 794 331 826 rebus
345 804 416 836 quae
442 792 603 824 delectant
627 792 720 822 bonae
744 796 826 827 sunt,
843 801 953 832 quaeve
977 791 1091 822 malae?
1115 802 1154 822 an
1172 792 1278 833 potius
1293 792 1452 824 artificiosi
1473 793 1532 824 viri
1557 803 1638 835 opus
1659 799 1710 825 est

236 848 429 890 utrumque?
475 847 561 879 CAL.
583 845 766 877 Artificiosi.
810 845 866 876 So.
890 845 1105 876 Recordemur
1129 856 1203 887 ergo
1218 845 1355 885 illorum,
1371 857 1442 888 quae
1457 858 1516 889 ego
1533 848 1572 878 ad
1591 847 1705 879 Polum

239 896 453 944 Gorgiamque
464 901 619 933 dicebam.
641 900 784 942 profecto
799 899 955 936 dicebam,
973 899 998 930 si
1015 899 1194 936 meministi,
1209 910 1276 931 esse
1287 900 1453 932 facultates
1468 902 1618 944 quasdam
1628 913 1708 944 prae-

237 957 419 999 paratrices,
433 956 510 987 alias
532 955 658 996 quidem
685 964 783 995 usque
807 953 847 984 ad
863 953 1057 995 voluptatem
1073 954 1237 989 duntaxat,
1253 953 1331 996 quid
1348 955 1457 986 melius
1475 955 1651 988 deteriusve
1666 955 1708 987 sit

236 1012 416 1053 ignorantes
430 1021 438 1042 ε
464 1008 541 1040 alias
556 1018 628 1039 vero
643 1008 720 1050 quid
737 1009 854 1039 bonum
869 1007 1024 1038 malumve
1035 1007 1076 1038 sit
1087 1013 1325 1049 cognoscentes.
1371 1008 1533 1040 Ponebam
1545 1014 1709 1051 praeterea,

239 1075 346 1098 earum
369 1075 441 1107 quae
462 1064 544 1095 circa
558 1062 737 1104 voluptates
752 1066 924 1098 versantur,
952 1062 1164 1103 coquinariam
1181 1061 1263 1093 circa
1279 1072 1392 1104 corpus
1407 1063 1560 1104 peritiam,
1573 1064 1627 1095 sed
1644 1074 1710 1095 non

241 1125 358 1152 artem:
382 1129 487 1151 earum
502 1128 588 1154 vero,
614 1127 685 1159 quae
711 1116 750 1147 ad
776 1117 892 1147 bonum
920 1115 1100 1152 intendunt,
1129 1116 1274 1147 medendi
1299 1121 1407 1147 artem.
1451 1116 1494 1148 Et
1516 1127 1572 1159 per
1593 1118 1710 1150 Jovem

238 1173 436 1206 amicabilem
452 1182 572 1215 precor,
586 1182 604 1202 ο
617 1171 778 1213 Callicles,
793 1170 857 1201 noli
874 1171 1021 1201 adversus
1041 1181 1089 1201 me
1100 1169 1214 1211 jocari,
1230 1181 1333 1212 neque
1344 1170 1493 1213 quicquid
1505 1171 1565 1203 tibi
1576 1171 1711 1204 occurrit

238 1228 448 1270 respondere:
472 1236 551 1257 neve
567 1236 669 1256 rursus
685 1226 752 1256 lraec
767 1235 784 1255 a
801 1235 851 1255 me
873 1225 1016 1265 accipere
1041 1223 1131 1265 quasi
1153 1224 1296 1265 jocante.
1341 1225 1442 1256 Vides
1457 1225 1554 1264 enim,
1568 1237 1606 1258 ea
1621 1227 1661 1258 de
1676 1237 1708 1258 re

240 1282 332 1314 nobis
347 1292 414 1313 esse
429 1290 615 1317 sermonem,
631 1289 694 1321 qua
708 1279 784 1310 nihil
801 1278 898 1320 magis
913 1288 1004 1309 nosse
1020 1278 1065 1309 vir
1079 1289 1162 1309 sanae
1179 1279 1290 1310 mentis
1306 1280 1488 1318 contendat,
1504 1281 1710 1322 quemadmo-

238 1337 316 1369 dum
331 1334 480 1367 videlicet
495 1334 535 1365 sit
549 1333 718 1365 vivendum
731 1345 738 1363 ε
763 1337 863 1363 utrum
877 1332 1142 1373 quemadmodum
1157 1338 1189 1363 tu
1207 1333 1347 1370 hortaris,
1361 1333 1413 1364 illa
1428 1335 1552 1375 agendo
1563 1345 1636 1376 quae
1650 1335 1709 1366 viri

238 1400 310 1422 esse
323 1390 403 1422 dicis
416 1388 530 1428 officia,
545 1392 718 1419 versantem
743 1387 775 1418 in
801 1387 921 1428 populo
944 1392 1039 1428 atque
1056 1392 1209 1425 orantem,
1226 1397 1288 1418 rem
1314 1392 1462 1429 praeterea
1478 1389 1634 1430 publicam
1651 1400 1709 1431 gu-

239 1445 435 1479 bernantem,
451 1453 510 1475 ceu
523 1453 578 1473 vos
593 1442 626 1472 in
642 1441 806 1483 praesentia
831 1441 1032 1482 gubernatis:
1058 1451 1098 1471 an
1123 1441 1229 1482 potius
1246 1441 1310 1471 vita
1333 1441 1375 1472 sit
1397 1442 1465 1473 haec
1492 1442 1710 1485 philosophica

241 1498 448 1540 capessenda,
473 1501 506 1528 et
526 1506 589 1538 qua
610 1496 642 1526 iu
668 1505 700 1526 re
727 1495 794 1526 haec
810 1495 874 1525 vita
898 1494 1005 1525 differt
1018 1495 1057 1525 ab
1074 1494 1158 1537 illm„
1184 1494 1277 1526 Forte
1293 1505 1365 1526 vero
1381 1506 1485 1537 operae
1500 1491 1632 1538 pretium
1647 1502 1708 1535 est.

239 1551 505 1596 quemadmodum
531 1551 709 1593 inceperam
736 1549 830 1591 paulo
855 1554 941 1586 ante,
957 1549 1171 1591 distinguere:
1195 1554 1291 1591 atque
1316 1550 1530 1590 deindc,cum
1554 1551 1644 1582 nobis
1667 1551 1711 1584 de

243 1606 447 1639 distinctione
474 1605 667 1642 convenerit,
683 1604 710 1636 si
734 1605 802 1636 liaec
824 1604 940 1646 duplex
958 1604 1022 1635 vita
1036 1607 1095 1642 est,
1111 1605 1306 1636 considerare
1331 1605 1408 1647 quid
1433 1604 1566 1641 intersit,
1591 1612 1625 1637 et
1645 1616 1710 1648 qua

238 1662 347 1705 potius
371 1661 412 1693 sit
433 1660 614 1692 vivendum.
638 1659 719 1690 forte
733 1669 805 1690 vero
831 1659 972 1689 nondum
999 1658 1076 1700 quid
1104 1658 1208 1690 dicam
1233 1658 1397 1700 intelligis.
1443 1658 1530 1691 Cn..
1554 1658 1706 1691 Nondum

241 1721 338 1748 certe.
381 1717 439 1748 So.
463 1714 509 1746 At
532 1725 593 1756 ego
618 1714 743 1756 planius
763 1713 820 1744 tibi
845 1713 962 1745 dicam.
987 1718 1152 1754 postquam
1169 1723 1229 1754 ego
1245 1723 1282 1744 ac
1307 1717 1340 1744 tu
1357 1713 1494 1745 confessi
1509 1723 1626 1751 sumus,
1641 1724 1710 1746 esse

241 1773 369 1815 quidem
385 1770 505 1812 ailquid
522 1770 650 1807 bonum,
665 1779 733 1800 esse
757 1778 884 1811 quoque
911 1767 1033 1809 aliquid
1048 1766 1284 1810 voluptarium3
1308 1768 1361 1798 sed
1387 1767 1474 1799 aliud
1499 1767 1708 1809 voluptarium

240 1837 308 1859 esse
323 1836 417 1869 quam
431 1826 562 1864 bonum,
575 1829 670 1866 atque
685 1822 846 1864 utriusque
862 1823 970 1853 horum
987 1822 1127 1853 studium
1142 1827 1175 1853 et
1189 1821 1448 1864 praeparationem
1466 1822 1624 1864 quandam
1639 1833 1710 1854 esse

241 1882 281 1913 ad
307 1891 346 1912 ea
371 1879 601 1921 comparanda:
624 1877 753 1909 alteram
776 1876 927 1908 videlieet
948 1876 1147 1908 venationem
1166 1875 1255 1913 boni,
1278 1875 1404 1907 alteram
1431 1876 1624 1918 voluptatis:
1649 1876 1713 1908 hoe

239 1937 342 1979 ipsum
359 1935 473 1978 primo,
488 1938 656 1974 antequam
670 1931 801 1963 ulterius
826 1931 1007 1973 procedam,
1023 1930 1180 1962 assentiris
1202 1929 1292 1971 mihi,
1308 1930 1434 1961 necne?
1479 1930 1567 1962 Cn..
1588 1929 1708 1962 Assen-

239 1993 311 2024 tior.
355 1991 411 2022 So.
435 1988 505 2030 Age
517 1992 550 2019 et.
564 1987 628 2024 illa,
643 1995 714 2028 quae
728 1986 768 2016 ad
784 1985 842 2016 hos
856 1985 1014 2022 dicebam,
1031 1985 1106 2015 milri
1121 1984 1283 2022 assentire,
1299 1984 1324 2015 si
1348 1985 1443 2016 modo
1458 1983 1541 2015 visus
1566 1983 1623 2015 tibi
1638 1994 1706 2015 sum

242 2050 318 2078 tunc
333 2054 407 2076 vera
420 2042 516 2086 loqui.
532 2041 674 2084 profecto
688 2040 844 2076 dicebam,
856 2049 919 2070 non
937 2038 1036 2070 videri
1051 2038 1127 2070 mihi
1144 2038 1357 2080 coquinarlam
1373 2048 1441 2070 esse
1455 2043 1564 2076 artem,
1579 2037 1634 2069 sed
1651 2048 1708 2080 pe·

239 2101 343 2132 ritiam
367 2098 550 2142 quandam:
574 2094 761 2127 medicinam
789 2105 863 2126 vero
886 2104 955 2125 esse
983 2098 1104 2133 artem;
1125 2098 1291 2135 propterea
1315 2092 1412 2134 [501]
1436 2092 1522 2134 quod
1545 2091 1711 2124 medicinas

239 2155 373 2188 facultas
387 2152 470 2184 illius
485 2151 570 2194 quod
586 2153 674 2181 curat
689 2153 829 2180 naturam
845 2147 1036 2185 considerat,
1051 2153 1084 2179 et
1099 2158 1224 2179 causam
1241 2157 1347 2178 eorum
1363 2157 1435 2189 quae
1449 2146 1527 2188 agit,
1540 2151 1711 2189 potestque

239 2213 351 2243 horum
375 2207 529 2249 cujusque
553 2204 682 2235 reddere
705 2202 869 2234 rationem.
915 2201 1025 2233 Altera
1051 2213 1123 2232 vero
1149 2202 1319 2243 voluptatis
1345 2200 1478 2232 curatrix
1503 2200 1637 2232 facultas
1667 2202 1709 2233 ad

239 2267 342 2310 ipsam
352 2262 560 2303 voluptatem,
575 2258 659 2290 circa
671 2268 764 2300 quam
781 2261 880 2287 totum
897 2255 965 2298 ejus
977 2261 1114 2287 versatur
1127 2255 1279 2296 studium,
1290 2255 1419 2286 omnino
1430 2255 1548 2297 absque
1558 2260 1623 2286 arte
1637 2266 1708 2297 pro-

242 2319 341 2356 cedit,
355 2326 460 2358 neque
475 2313 647 2355 voluptatis
663 2312 762 2354 ipsius
777 2317 919 2342 naturam
940 2311 1141 2342 considerans
1157 2320 1260 2351 neque
1277 2319 1402 2341 causam
1417 2321 1424 2340 ε
1449 2309 1609 2340 temeraria
1623 2319 1710 2350 pror-

239 2385 305 2410 sus,
320 2376 356 2403 ut
369 2370 414 2402 ita
428 2368 570 2404 dixerim,
586 2377 688 2408 neque
709 2365 796 2408 pensi
819 2366 938 2396 habens
961 2365 1143 2406 quicquam,
1160 2365 1214 2395 sed
1244 2374 1300 2394 usu
1324 2364 1461 2404 quodam
1477 2369 1571 2404 atque
1586 2363 1708 2404 experi-

241 2426 340 2463 entia,
351 2430 384 2456 et
400 2422 544 2454 memoria
561 2421 630 2462 ejus
646 2422 730 2461 quod
747 2420 888 2452 accidere
912 2419 1121 2456 consueverit,
1137 2418 1236 2449 solum
1262 2418 1351 2454 freta,
1368 2417 1544 2459 voluptates
1567 2417 1708 2449 studiose

238 2485 340 2525 parat.
384 2478 463 2509 Haec
479 2487 552 2518 ergo
569 2475 699 2516 primum
716 2475 891 2512 considera,
905 2484 977 2505 num
995 2473 1182 2504 sufficienter
1197 2473 1252 2503 tibi
1269 2472 1352 2503 dicta
1370 2472 1544 2508 videantur,
1562 2471 1706 2513 nunquid

238 2540 389 2580 praeterea
406 2543 472 2564 esse
490 2537 581 2574 putes
593 2530 670 2561 tales
686 2530 836 2571 quasdam
852 2529 933 2560 cirea
947 2528 1080 2559 animam
1093 2528 1270 2563 facultates,
1283 2527 1358 2557 alias
1372 2526 1500 2568 quidem
1511 2526 1706 2564 artificiosus,

239 2601 344 2623 curam
359 2587 508 2619 videlicet
522 2586 673 2616 habentes
688 2584 756 2625 ejus
772 2585 857 2625 quod
874 2583 913 2614 sit
936 2582 1047 2612 animae
1071 2582 1243 2623 optimum:
1270 2581 1346 2612 alias
1362 2590 1434 2611 vero
1449 2579 1481 2611 id
1498 2579 1706 2621 negligentes.

240 2645 340 2678 solum
357 2652 428 2674 vero
445 2641 630 2681 cogitantes.
646 2639 910 2681 quemadmodum
926 2643 959 2669 et
979 2638 1019 2669 de
1044 2647 1174 2678 corpore
1197 2636 1344 2673 diximus,
1360 2646 1424 2676 quo
1441 2639 1534 2677 pacto
1549 2635 1706 2667 oblectare

241 2699 379 2731 animum
394 2695 529 2727 valeant.
553 2703 623 2735 quae
639 2693 779 2734 quidem,
797 2698 898 2723 utrum
924 2691 1032 2723 melior
1048 2702 1088 2722 an
1103 2690 1237 2722 deterior
1252 2691 1292 2720 sit
1306 2690 1463 2731 voluptas,
1480 2688 1608 2720 minime
1619 2688 1706 2730 cogi-

240 2758 309 2786 tant
324 2762 333 2784 ε
357 2760 460 2791 neque
475 2748 560 2779 aliud
578 2748 748 2788 quidquam
766 2752 876 2778 curant
891 2757 984 2788 quam
1002 2751 1036 2776 ut
1051 2746 1223 2780 oblectent,
1238 2745 1302 2775 sive
1320 2743 1429 2775 melius
1441 2743 1472 2774 id
1500 2742 1540 2773 sit
1561 2743 1626 2773 sive
1648 2742 1706 2773 de·

240 2807 347 2840 terius.
392 2803 474 2835 Mihi
486 2802 629 2844 quidem,
646 2813 664 2831 ο
681 2801 839 2837 Callicles,
857 2801 1003 2832 videntur
1017 2811 1083 2830 esse
1100 2799 1178 2830 tales
1193 2799 1306 2839 aliquae
1317 2797 1493 2832 facultates,
1508 2795 1704 2827 universum·

239 2873 301 2905 que
315 2861 349 2892 id
367 2856 570 2890 ministerium
586 2856 798 2887 adulationem
814 2866 884 2887 esse
900 2856 997 2891 duco.
1013 2861 1074 2885 tam
1101 2854 1180 2885 circa
1206 2853 1340 2884 animam
1367 2861 1458 2892 quam
1481 2850 1564 2882 circa
1578 2859 1704 2890 corpus,

239 2923 272 2948 et
288 2914 416 2947 omnino
429 2912 510 2944 circa
525 2910 611 2942 aliud
629 2911 804 2952 quodlibet,
822 2909 912 2951 cujus
928 2910 1122 2951 voluptatem
1148 2908 1218 2949 quis
1245 2907 1383 2942 affectat,
1400 2905 1484 2935 nulla
1502 2914 1622 2945 prorsus
1639 2914 1703 2934 me-

239 2971 322 3002 lioris
337 2967 538 3001 deteriorisve
555 2964 693 2997 adhibita
709 2965 838 2994 ratione.
884 2963 931 2994 Tu
950 2974 1020 2994 vero
1037 2969 1138 2993 utrum
1152 2962 1182 2992 in
1197 2961 1327 2992 candem
1346 2959 1504 2989 uobiscum
1518 2956 1704 2988 sententiam
