1846 3268
148 274 245 330 136]
677 269 1050 318 PARMENJDES.
1535 278 1606 317 111

142 387 188 414 ter
209 383 277 413 haec
295 380 409 421 muita,
429 374 556 412 necesse
577 382 624 411 est
647 378 744 421 [135]
767 381 930 422 speciebus
945 379 1138 422 contingere,
1157 379 1182 410 si
1209 375 1334 422 quidem
1349 380 1397 411 hae
1413 375 1512 413 rerum
1528 381 1609 413 ideas

140 436 215 473 sint,
237 441 270 466 et
284 434 397 476 aliquis
413 429 685 475 ipsam'quandam
703 444 954 476 unamquamque
981 432 1118 475 speciem
1146 433 1344 466 determinet.
1366 435 1451 465 unde
1474 435 1613 472 vacillat,

138 489 282 530 quisquis
297 490 363 520 haec
381 488 481 529 audit,
497 497 533 519 ac
546 487 681 524 dubitat,
697 492 737 518 ne
753 487 831 519 forte
846 488 928 519 idere
943 487 1021 518 nihil
1037 487 1099 518 sint
1114 486 1242 519 omnino
1256 498 1267 528 3
1290 488 1338 519 vel
1355 488 1380 519 si
1397 488 1470 525 sint,
1483 498 1623 520 necesse,

141 553 193 574 eas
207 553 275 574 esse
290 543 433 574 humanm
449 546 567 573 naturae
582 541 705 583 ignotas
731 541 899 580 existimat,
925 543 1005 573 adeo
1022 546 1068 580 ut,
1091 542 1146 584 qui
1161 542 1220 573 ista
1241 541 1331 580 dicit,
1356 542 1469 573 inferre
1490 542 1610 583 aliquid

140 595 293 632 videatur,
309 600 352 632 et,
379 600 415 626 nt
431 595 528 637 paulo
554 599 627 626 ante
648 595 726 633 dixi,
749 595 858 626 mirum
881 600 929 626 est
951 606 1044 637 quam
1068 595 1106 626 sit
1129 595 1310 627 incredibile
1326 601 1358 627 et
1371 595 1428 627 viri
1444 596 1611 626 admodum

139 649 308 692 ingeniosi,
337 650 499 692 percipere
515 659 606 691 posse
623 650 707 691 quod
726 649 766 680 sit
782 659 880 691 genus
896 650 1057 692 quoddam
1074 649 1239 691 cujusque,
1264 655 1296 681 et
1310 650 1379 692 ipsa
1393 650 1564 681 secundum
1580 659 1613 680 se

141 703 240 745 ipsam
249 702 384 735 essentia
399 703 552 746 cujusque
565 715 575 744 3
598 713 657 736 nec
673 714 737 734 non
752 703 947 734 mirabilioris
964 703 1020 734 viri
1036 703 1171 735 officium
1187 709 1247 745 est,
1263 705 1329 735 hzec
1345 709 1514 746 postquam
1523 704 1611 734 inve-

137 758 230 799 nerit,
245 758 323 791 alios
343 758 456 789 docere
477 767 584 799 posse,
606 757 796 789 sufficienter
819 758 926 789 omnia
952 755 1193 789 discernentem.
1242 756 1419 795 Assentior,
1446 768 1467 788 o
1485 757 1611 788 Parme-

139 812 241 849 nides,
255 811 361 854 inquit
376 811 519 843 Socrates
535 823 542 842 :
568 821 638 853 quae
656 811 739 843 enim
757 811 849 849 dicis,
865 811 963 842 menti
980 821 1056 842 meae
1072 810 1202 842 mirifice
1217 817 1402 843 consonant.
1446 810 1477 842 V
1478 815 1613 843 erumta-

140 875 225 906 men,
235 865 338 907 inquit
353 865 566 903 Parmenides,
581 865 607 897 si
623 866 704 908 quis,
720 865 878 908 praedictis
893 865 1067 896 rationibus
1084 865 1329 907 motus,species
1345 875 1445 896 rerum
1461 864 1612 896 exsisten-

140 919 219 950 tium
234 919 364 960 auferat,
381 929 483 960 neque
499 919 636 960 speciem
651 919 752 961 ipsam
768 919 1019 961 uniuscujusque
1043 918 1239 962 distinguat3
1261 919 1346 950 haud
1369 929 1445 951 sane
1468 918 1614 961 reperiet,

141 983 206 1015 quo
220 977 382 1005 convertat
392 972 649 1014 intelligentiam,
660 983 732 1004 curu
750 983 814 1004 non
830 972 1005 1014 permiserit
1019 972 1122 1004 ideam
1138 973 1386 1015 uniuscujusque
1400 983 1499 1004 rerum
1516 973 1616 1004 exsis-

146 1026 279 1057 tentium
293 1025 425 1057 eandem
441 1034 562 1067 semper
578 1026 724 1057 exsistere
738 1037 748 1065 ;
772 1030 804 1056 et
820 1025 851 1056 in
875 1026 963 1057 hunc*
983 1026 1111 1057 modum
1135 1026 1308 1058 disserendi
1324 1027 1418 1059 etiam
1432 1027 1613 1059 facultatem

143 1080 287 1111 funditus
310 1079 479 1111 subvertet.
505 1079 598 1110 talem
626 1079 786 1121 quandam
811 1079 963 1110 rationem
990 1084 1023 1110 tu
1047 1089 1174 1122 quoque
1197 1080 1356 1122 praecipue
1381 1081 1512 1112 sensisse
1535 1081 1613 1113 mihi

144 1134 269 1167 videris.
313 1133 398 1165 Vera
424 1132 515 1165 dicis.
563 1132 651 1171 Quid
666 1132 772 1175 itaque
789 1133 828 1164 de
858 1133 1060 1175 philosophia
1073 1134 1194 1166 facies?
1218 1144 1294 1176 quo,
1320 1134 1369 1166 his
1394 1134 1555 1177 ignoratis,
1582 1140 1613 1167 te

144 1188 269 1220 vertes?
314 1187 570 1230 Haudquaquam
587 1187 762 1219 discernere
778 1188 813 1219 id
835 1187 868 1218 in
885 1188 1050 1229 praesentia
1064 1187 1184 1220 videor.
1229 1187 1412 1231 Antequam
1427 1189 1614 1221 exercitatus

144 1242 199 1283 sis,
214 1253 232 1273 ο
247 1242 400 1280 Socrates,
413 1241 543 1272 definire
557 1241 746 1283 aggrederis,
762 1241 839 1283 quid
853 1241 1029 1283 pulchrum,
1037 1241 1171 1284 justum,
1187 1242 1317 1281 bonum,
1333 1248 1366 1274 et
1378 1243 1506 1275 aliarum
1522 1255 1610 1287 qute-

144 1296 222 1327 libet
236 1295 420 1337 specierum.
444 1296 504 1326 hoc
515 1295 598 1326 enim
614 1295 735 1337 pridem
752 1296 975 1334 animadverti,
986 1295 1038 1328 hic
1055 1301 1085 1327 te
1107 1296 1238 1328 audiens
1254 1307 1316 1329 una
1331 1307 1402 1329 cum
1417 1295 1478 1330 hoc
1492 1298 1614 1330 Aristo·

142 1349 205 1381 tele
219 1349 444 1390 disputantem.
490 1348 627 1381 Pulcher
641 1360 716 1381 sane
732 1354 827 1393 atque
840 1350 979 1389 divinus,
1002 1351 1077 1382 mihi
1093 1351 1199 1393 crede,
1214 1351 1352 1394 impetus
1368 1352 1427 1384 iste
1443 1357 1526 1395 tuus,
1548 1364 1612 1396 quo

143 1403 184 1435 ad
198 1403 334 1435 rationes
350 1403 489 1436 advolas.
512 1408 649 1437 ceterum
665 1404 780 1448 collIge
797 1411 828 1437 te
844 1405 960 1448 ipsum,
987 1405 1234 1449 diligentiusque
1250 1411 1281 1437 te
1295 1406 1327 1437 in
1343 1417 1380 1438 ea
1395 1407 1545 1441 facultate
1560 1419 1613 1440 ex-

143 1467 228 1499 erce,
251 1467 322 1500 quae
336 1457 456 1490 inutilis
470 1469 538 1490 esse
555 1459 677 1491 videtur
691 1465 725 1492 et
739 1471 758 1491 a
773 1460 879 1492 multis
895 1460 1025 1503 nugatio
1042 1460 1106 1492 sive
1122 1460 1285 1503 garrulitas
1301 1466 1513 1503 nuncupatur,
1536 1462 1611 1496 dum

140 1510 269 1553 juvenis
290 1522 324 1544 es
339 1523 347 1544 :
371 1511 512 1554 alioquin
537 1518 569 1544 te
593 1514 704 1546 veritas
729 1514 842 1557 fugiet.
888 1515 968 1553 Quis
994 1514 1227 1547 exercitationis
1252 1515 1384 1557 hujusce
1410 1516 1523 1547 modus
1553 1522 1614 1555 est,

145 1565 348 1598 Parmenides
361 1567 373 1597 ?
417 1566 496 1606 Iste,
511 1567 628 1610 inquit,
643 1579 738 1611 quem
755 1579 773 1601 a
784 1569 910 1602 Zenone
933 1569 1059 1602 audisti.
1083 1570 1139 1601 sed
1153 1569 1249 1602 etiam
1265 1569 1345 1601 illud
1360 1574 1448 1602 tuum
1464 1571 1611 1603 adversus

147 1620 232 1652 hunc
247 1621 365 1652 dictum
381 1620 507 1653 miratus
518 1632 598 1661 sum,
624 1634 696 1655 cum
710 1624 909 1661 diceres,non
924 1624 958 1655 in
975 1625 1027 1667 iis,
1044 1635 1114 1666 quae
1130 1624 1229 1656 oculis
1243 1624 1469 1667 percipiuntur,
1492 1636 1615 1658 eorum-

148 1684 211 1716 que
225 1685 325 1707 errore
337 1675 561 1717 cogitationem
577 1677 684 1709 sistere
701 1683 858 1720 oportere,
875 1679 930 1711 sed
946 1679 986 1710 ad
1002 1689 1040 1710 ea
1055 1679 1278 1716 conscendere,
1301 1688 1372 1720 quae
1394 1678 1465 1720 quis
1482 1680 1615 1712 maxime

147 1728 268 1760 ratione
283 1730 558 1770 comprehendere,
583 1742 619 1763 ac
634 1733 755 1774 species
771 1743 839 1765 esse
856 1738 989 1775 putaret.
1035 1733 1151 1776 Neque
1170 1734 1203 1765 in
1225 1734 1309 1765 hunc
1332 1733 1460 1764 modum
1483 1734 1614 1766 arduum

146 1792 216 1814 esse
239 1782 373 1820 videtur,
399 1777 515 1816 similia
540 1785 699 1823 videlicet,
729 1791 823 1828 atque
850 1787 1024 1824 dissimilia,
1051 1791 1204 1825 ceterave,
1229 1797 1301 1829 quae
1325 1787 1415 1818 rebus
1440 1787 1615 1820 exsistenti·

147 1836 206 1867 bus
231 1830 427 1879 competunt,
460 1836 627 1880 explicare.
681 1838 724 1870 Et
744 1841 842 1882 probe
865 1840 1006 1882 quidem,
1031 1840 1148 1873 dixisti.
1203 1840 1262 1871 Est
1287 1845 1391 1872 autem
1418 1847 1531 1883 praeter
1554 1842 1616 1874 hoc

145 1890 224 1921 illud
239 1891 333 1922 etiam
346 1891 586 1930 observandum,
600 1897 712 1924 utnon
727 1895 821 1925 modo
833 1894 859 1925 si
872 1899 920 1925 est
930 1893 1048 1935 aliquid
1060 1904 1232 1935 supponas,
1243 1904 1279 1926 ac
1290 1894 1405 1926 deinde
1417 1905 1488 1936 quae
1503 1906 1614 1937 prove·

145 1944 238 1976 niunt
261 1944 358 1987 [136]
382 1956 420 1977 ex
435 1946 651 1988 suppositione
666 1947 845 1979 consideres
860 1957 870 1987 ;
896 1957 1001 1978 verum
1023 1947 1117 1978 etiam
1133 1947 1158 1978 si
1172 1958 1237 1978 non
1252 1948 1305 1984 sit,
1329 1948 1363 1979 id
1379 1947 1482 1989 ipsum
1498 1959 1615 1991 suppo-

147 2010 216 2037 nas,
240 1999 267 2031 si
291 1999 461 2041 perfectius
482 1999 642 2031 exercitari
667 2000 812 2031 volueris.
858 1999 932 2037 Quo
949 2004 1052 2042 'pacto
1075 1999 1109 2032 id
1133 2000 1201 2031 ais?
1249 2000 1347 2032 Verbi
1370 2011 1474 2039 causa,
1498 2003 1524 2034 si
1541 2003 1616 2035 velis

146 2054 230 2086 circa
241 2053 332 2085 istam
347 2053 610 2095 suppositionem,
635 2064 730 2096 quam
751 2054 859 2086 Zenon
872 2054 1005 2093 invexit,
1027 2054 1055 2086 si
1069 2054 1167 2086 multa
1180 2054 1256 2096 sint,
1272 2055 1348 2097 quid
1370 2060 1552 2088 eventurum
1569 2063 1618 2089 est

147 2107 224 2150 ipsis
239 2107 345 2139 multis
360 2108 400 2139 ad
416 2118 448 2139 se
463 2107 530 2150 ipsa
546 2112 579 2139 et
594 2108 634 2139 ad
651 2119 762 2150 unum,
786 2114 819 2140 et
840 2107 896 2140 uni
919 2109 959 2140 ad
981 2119 1014 2140 se
1035 2109 1138 2150 ipsum
1164 2113 1197 2140 et
1211 2109 1251 2140 ad
1267 2108 1375 2142 multa.
1399 2119 1436 2141 ac
1451 2121 1566 2152 rursus,
1589 2112 1615 2143 si

147 2172 213 2193 non
228 2167 301 2194 sunt
316 2162 425 2200 multa,
440 2162 550 2193 iterum
567 2162 842 2201 considerandum,
864 2163 941 2206 quid
966 2163 1090 2196 accidat
1102 2163 1159 2194 uni
1184 2168 1279 2205 atque
1301 2162 1419 2205 multis,
1444 2168 1511 2195 tum
1525 2166 1566 2197 ad
1582 2176 1616 2198 se

144 2216 224 2258 ipsa,
243 2221 308 2248 tum
323 2215 470 2249 invicem.
492 2221 526 2248 et
539 2227 655 2255 rursus,
687 2218 713 2249 si
728 2219 927 2260 supposuerit
939 2229 1006 2250 esse
1024 2217 1272 2254 similitudinem,
1287 2217 1337 2248 vel
1352 2227 1417 2248 non
1431 2228 1511 2256 esse,
1538 2219 1616 2261 quid

147 2271 342 2312 potissimum
358 2282 397 2303 ex
412 2275 541 2314 utraque
552 2271 772 2314 suppositione
786 2273 962 2315 contingat,
982 2277 1046 2304 tam
1061 2270 1118 2309 iis,
1134 2282 1204 2314 quae
1226 2270 1389 2313 supposita
1413 2277 1499 2314 sunt,
1521 2283 1616 2315 quam

146 2325 260 2357 ceteris
274 2320 431 2363 omnibus,
447 2326 485 2357 ad
503 2337 535 2358 se
550 2326 619 2368 ipsa
634 2327 760 2368 pariter,
776 2332 871 2369 atque
886 2327 1038 2359 invicem.
1082 2326 1203 2358 Eadem
1224 2336 1351 2369 quoque
1366 2326 1407 2357 de
1422 2325 1615 2359 dissimilitu-

148 2379 224 2411 dine
238 2372 316 2410 ratio
331 2385 390 2418 est,
405 2380 446 2412 de
462 2385 561 2418 motu,
578 2385 673 2420 statu,
689 2383 904 2425 generatione,
930 2381 1144 2424 corruptione,
1168 2391 1250 2419 esse,
1271 2385 1365 2423 atque
1380 2390 1445 2411 non
1459 2390 1548 2414 esse:
1572 2386 1617 2420 et,

149 2439 186 2465 ut
200 2444 264 2465 uno
280 2435 373 2466 verbo
389 2434 595 2477 complectar,
620 2435 660 2467 de
679 2446 870 2479 quocunque
889 2435 1078 2478 supponitur
1102 2440 1157 2467 aut
1182 2445 1262 2473 esse,
1276 2439 1340 2466 >aut
1360 2445 1426 2466 non
1448 2445 1529 2473 esse,
1551 2434 1617 2467 sive

153 2488 294 2531 quamvis
309 2487 399 2519 aliam
416 2488 593 2531 passionem
607 2489 776 2532 suscipere,
793 2490 1022 2522 consideranda
1037 2494 1122 2528 sunt,
1135 2499 1205 2532 quae
1221 2499 1258 2520 ex
1273 2488 1491 2531 suppositione
1506 2499 1616 2531 prove-

150 2544 239 2574 niant
250 2542 290 2574 ad
305 2535 337 2574 se
351 2542 468 2584 ipsum,
484 2548 517 2574 et
532 2543 572 2574 ad
587 2540 755 2586 quodlibet
769 2544 911 2583 aliorum,
926 2545 1138 2587 quodcunque
1151 2543 1292 2586 elegeris,
1308 2547 1341 2575 et
1355 2544 1395 2575 ad
1412 2543 1512 2585 plura,
1529 2548 1562 2574 et
1575 2543 1616 2574 ad

150 2597 294 2628 universa
307 2596 447 2628 similiter
460 2608 468 2628 2
493 2601 525 2628 et
540 2597 602 2629 alia
617 2608 720 2630 rursus
734 2599 773 2630 ad
791 2609 824 2630 se
840 2599 923 2641 ipsa,
936 2603 1031 2640 atque
1046 2599 1087 2629 ad
1107 2597 1207 2639 aliud,
1230 2597 1442 2640 quodcunque
1466 2606 1617 2628 assumse-

149 2653 191 2684 ris
205 2662 215 2690 3
238 2651 304 2682 sive
319 2655 354 2681 ut
370 2650 530 2688 exsistens,
549 2651 612 2683 sive
625 2649 736 2684 utnon
751 2653 902 2685 exsistens
917 2653 1019 2695 ipsum
1035 2653 1188 2695 posueris,
1214 2653 1240 2684 si
1255 2652 1350 2683 modo
1365 2650 1509 2682 absolute
1531 2661 1616 2682 exer-

151 2706 266 2738 citatus
279 2705 438 2736 veritatem
454 2703 496 2735 sis
510 2702 638 2746 penitus
650 2706 859 2748 inspecturus.
906 2707 1063 2743 Arduum,
1086 2706 1203 2748 inquit,
1224 2716 1304 2748 opus
1327 2705 1480 2745 adducis;
1503 2714 1562 2736 nec
1587 2710 1618 2735 te

153 2759 281 2791 omnino
296 2756 450 2798 intelligo.
473 2757 528 2788 sed
543 2767 597 2788 cur
612 2756 760 2799 ipse'non
778 2761 931 2801 supponis
946 2759 1081 2800 aliquid,
1103 2759 1183 2791 illud
1205 2769 1243 2790 eo
1259 2759 1354 2790 modo
1369 2767 1561 2799 percurrens,
1584 2763 1620 2788 ut

153 2813 266 2845 clarius
281 2811 480 2853 intelligam?
525 2810 667 2853 Grande,
683 2822 702 2843 o
716 2812 870 2851 Socrates,
887 2823 966 2844 onus
983 2813 1051 2844 seni
1064 2812 1211 2853 imponis.
1256 2812 1347 2843 Tunc
1361 2811 1505 2843 Socrates
1523 2822 1531 2844 ς
1555 2810 1619 2842 Cur

153 2876 218 2897 non
232 2866 314 2908 ipse,
329 2876 348 2896 o
364 2864 482 2903 Zenon,
497 2866 578 2897 hanc
593 2876 656 2897 rem
673 2865 826 2898 discutis?
873 2866 934 2898 Cui
949 2866 1055 2898 Zenon
1071 2866 1233 2899 subridens
1257 2865 1430 2907 respondit,
1452 2863 1575 2906 Ipsum,
1598 2875 1617 2894 ο

154 2920 307 2958 Socrates,
323 2930 444 2951 oremus
460 2919 690 2952 Parmenidem.
713 2931 816 2963 neque
841 2921 923 2952 enim
944 2921 1015 2952 leve
1032 2920 1182 2963 quiddam
1198 2925 1256 2958 est,
1281 2920 1368 2961 quod
1385 2918 1439 2951 ait.
1485 2917 1538 2948 An
1554 2927 1619 2947 non

153 2973 253 3014 vides,
266 2978 417 3017 quantum
431 2974 470 3007 sit
486 2974 661 3019 negotium,
685 2975 770 3019 quod
790 2973 910 3018 jubes?
933 2975 1020 3020 quod
1036 2975 1062 3008 si
1083 2975 1189 3020 plures
1211 2983 1359 3013 essemus,
1381 2971 1466 3005 haud
1488 2979 1562 3020 sane
1584 2969 1617 3001 id
