1832 3256
644 486 1231 541 PHAEDRUS.

679 641 916 677 SOCRATES.
954 637 1194 672 PHAEDRUS.

207 749 306 794 [227]
325 736 374 784 Ο
387 757 497 780 Aures.
509 745 653 782 Phaedre.
665 754 800 786 quonam
811 747 843 774 et
853 742 960 773 unde?
985 741 1077 773 Pan.
1089 739 1119 771 A
1132 739 1239 781 Lysia,
1255 739 1435 778 osocrates,
1450 741 1582 784 Cephali
1593 743 1668 776 filio.

208 815 306 848 pergo
331 808 447 839 autem,
472 798 694 832 deambulandi
709 798 820 839 gratia,
843 800 929 828 extra
955 795 1073 826 urbem.
1095 794 1261 835 plurimum
1287 794 1371 826 enim
1388 799 1510 836 tempus
1535 807 1606 827 cum
1631 809 1670 829 eo

207 859 320 891 sedens
335 868 354 888 a
369 856 519 887 matutino
534 855 574 885 ad
589 854 671 884 hanc
693 862 792 893 usque
815 851 922 881 horam
944 849 1011 880 illic
1033 847 1171 879 constiti.
1192 857 1211 878 a
1227 851 1280 878 tuo
1302 853 1406 878 autem
1421 858 1554 891 meoque
1570 851 1670 884 sodali

208 912 372 943 Acumeno
387 918 562 952 persuasus,
584 905 814 938 deambulando
829 913 985 935 exerceor.
1012 902 1097 943 quod
1115 902 1242 943 quidem
1258 902 1487 933 exercitationis
1510 913 1608 944 genus
1622 905 1670 935 sa-

206 966 299 998 ‘cilius
314 963 527 1004 salubriusque
542 961 610 1001 ille,
625 970 717 1002 quam
734 958 879 990 currendi
894 961 1063 992 certamen,
1080 955 1247 987 existimat.
1280 950 1343 986 'So.
1355 955 1457 987 Probe
1468 956 1520 988 ille
1530 957 1671 998 quidem,

208 1031 228 1051 ο
244 1019 355 1055 amice,
371 1022 488 1049 monet.
516 1023 548 1046 at
572 1014 654 1046 enim
671 1012 781 1055 Lysias
797 1016 874 1049 erat,
891 1015 925 1042 ut
938 1010 1072 1047 videtur,
1088 1010 1121 1040 in
1150 1009 1237 1040 urbe.
1282 1008 1378 1041 Pu.
1401 1009 1486 1041 Erat.
1499 1021 1570 1041 nam
1586 1012 1671 1052 apud

208 1072 387 1115 Epicratem
409 1070 534 1101 divertit
560 1069 592 1100 in
616 1069 697 1098 hanc
723 1066 865 1108 Olympo
891 1063 1064 1106 proximam
1089 1062 1240 1105 Morychi
1266 1063 1405 1094 domum.
1449 1063 1504 1094 So.
1528 1064 1614 1101 Quid
1629 1065 1674 1096 rei

209 1127 359 1168 agebatur
372 1124 459 1156 illic?
476 1134 514 1154 an
530 1122 677 1154 videlicet
692 1120 840 1152 orationis
855 1119 950 1160 epulo
966 1118 1077 1160 Lysias
1092 1127 1146 1148 vos
1162 1116 1286 1157 accepit
1298 1116 1324 1158 ?⁶
1343 1116 1437 1148 Pnffi.
1459 1117 1557 1155 Scies,
1577 1119 1673 1150 modo

209 1180 267 1211 tibi
280 1178 379 1210 otium
394 1178 435 1210 sit
450 1175 659 1219 progredienti
673 1185 736 1205 una
750 1183 871 1205 mecum
896 1172 1014 1203 audire.
1058 1171 1116 1202 So.
1150 1170 1236 1207 Quid
1262 1170 1358 1201 vero?
1382 1180 1487 1201 nonne
1512 1175 1602 1212 putas
1622 1183 1673 1203 me

204 1233 297 1275 juxta
311 1232 482 1263 Pindarum
498 1229 625 1272 negotio
636 1229 729 1260 etiam
742 1227 906 1263 anteferre,
919 1231 1003 1256 tuam
1016 1230 1048 1256 et
1059 1224 1163 1266 Lysiae
1175 1223 1418 1255 collocutionem
1428 1225 1536 1256 audire
1549 1225 1560 1256 ἓ
1576 1225 1672 1258 Pria.

209 1287 310 1328 Perge
338 1285 442 1327 igitur.
485 1284 538 1316 So.
561 1283 658 1314 Dicas
687 1282 793 1313 modo.
838 1280 933 1311 Pfflrz.
959 1279 1056 1320 Atqui
1071 1278 1245 1319 disputatio
1259 1276 1325 1315 illa,
1341 1288 1359 1309 ο
1374 1278 1527 1316 Socrates,
1542 1279 1603 1310 tuis
1618 1290 1672 1310 au-

207 1340 292 1371 ribus
306 1349 455 1380 congrua.
490 1347 589 1368 sermo
606 1345 740 1376 namque
762 1334 833 1372 fuit,
856 1333 910 1374 qui
932 1332 1057 1363 habitus
1082 1336 1141 1369 est,
1157 1331 1263 1362 nescio
1289 1341 1352 1372 quo
1365 1332 1471 1369 mode,
1487 1333 1674 1366 amatorius:

207 1393 371 1434 scripserat
385 1391 467 1422 enim
482 1390 594 1433 Lysias
608 1389 797 1421 elaboratam
813 1391 846 1418 et
861 1386 1050 1418 luculentam
1074 1384 1256 1423 orationem,
1277 1395 1342 1416 non
1365 1395 1421 1427 pro
1445 1390 1580 1418 amatore
1603 1387 1674 1429 qui-

209 1447 280 1478 dem
299 1457 309 1486 ;
333 1445 388 1477 sed
409 1455 447 1475 ex
472 1445 533 1475 hoc
553 1443 623 1485 ipso
647 1440 813 1474 artificiosa
829 1444 894 1471 erat
915 1444 948 1471 et
970 1443 1098 1481 compta
1118 1439 1229 1480 oratio,
1248 1439 1334 1480 quod
1358 1439 1462 1471 aiebat
1479 1451 1542 1471 non
1557 1442 1674 1472 amanti

210 1501 328 1543 potius,
370 1509 463 1541 quam
493 1497 621 1534 amanti,
649 1506 716 1528 esse
750 1494 999 1537 gratificandum.
1043 1493 1099 1526 So.
1123 1493 1152 1524 O
1185 1503 1368 1535 generosum
1399 1493 1496 1524 virum
1516 1494 1523 1525 ἒ
1554 1495 1674 1526 utinam

210 1553 369 1591 scriberet,
390 1552 478 1594 inopi
494 1551 610 1594 potius,
624 1561 717 1592 quam
733 1549 898 1592 opulento,
921 1552 954 1580 et
968 1547 1046 1585 seni,
1063 1557 1156 1590 quam
1166 1547 1290 1589 juveni,
1307 1552 1340 1579 et
1353 1547 1387 1578 in
1403 1548 1514 1579 ceteris
1530 1550 1675 1581 omnibus

210 1607 256 1638 ita
270 1606 397 1644 affecto,
413 1611 448 1637 ut
462 1617 520 1648 ego
536 1610 569 1637 et
582 1610 721 1636 nostrum
737 1603 934 1645 complurimi
960 1612 1077 1639 sumus,
1094 1612 1162 1633 esse
1177 1601 1426 1643 gratificandum.
1451 1602 1495 1633 ita
1515 1604 1598 1635 enim
1625 1615 1675 1635 ur-

211 1662 293 1692 bana
307 1666 340 1691 et
355 1659 480 1702 publice
493 1659 578 1691 utilis
592 1659 673 1690 foret
687 1657 798 1690 oratio.
843 1657 901 1688 Me
918 1661 1021 1687 tamen
1038 1654 1156 1697 cupido
1174 1660 1260 1687 tanta
1284 1655 1369 1697 cepit
1394 1656 1554 1694 audiendi,
1580 1662 1627 1696 ut,
1650 1658 1676 1689 si

210 1715 357 1756 Megaras
374 1724 471 1755 usque
487 1712 717 1744 deambulando
733 1711 941 1753 proficiscare,
956 1715 1050 1752 atque
1065 1709 1218 1741 Herodici
1234 1720 1330 1750 more,
1354 1709 1408 1740 ubi
1430 1710 1470 1740 ad
1486 1720 1606 1742 murum
1622 1722 1675 1744 ac-

211 1769 351 1805 cesseris,
367 1767 509 1810 protinus
523 1767 600 1798 inde
614 1767 753 1808 recedas,
763 1776 827 1796 non
844 1770 875 1796 te
890 1764 1074 1806 relinquam.
1104 1763 1197 1796 Pam.
1209 1762 1296 1801 Quid
1307 1763 1365 1804 ais,
1381 1763 1500 1805 optime
1509 1763 1675 1797 Socrates?

212 1834 252 1854 an
278 1827 381 1864 putas,
403 1833 473 1863 quae
494 1821 604 1864 Lysias
631 1821 728 1862 [228]
753 1819 850 1850 multo
873 1824 1013 1860 tempore
1040 1828 1097 1860 per
1121 1817 1221 1849 otium
1245 1817 1434 1859 composuit,
1457 1817 1675 1851 disertissimus

212 1876 363 1913 omnium,
387 1875 442 1917 qui
466 1885 549 1906 nunc
575 1879 659 1911 sunt,
685 1872 852 1910 scribendi,
874 1883 912 1904 ea
937 1883 987 1904 me
1009 1872 1129 1910 rudem,
1152 1872 1197 1902 ita
1213 1876 1248 1902 ut
1270 1870 1326 1902 illo
1348 1872 1478 1913 dignum
1500 1878 1559 1910 est,
1580 1879 1676 1916 atque

210 1930 323 1962 referre
336 1929 534 1961 meminisse?
559 1928 746 1970 permultum
762 1932 844 1959 certe
860 1928 980 1958 absum.
1008 1927 1095 1968 atqui
1121 1926 1244 1957 mallem
1266 1925 1413 1968 equidem
1427 1927 1459 1958 id
1476 1927 1565 1969 mihi,
1581 1938 1676 1969 quam

212 1984 344 2015 multum
359 1983 437 2020 auri,
453 1983 572 2014 adesse.
621 1983 676 2014 So.
701 1981 730 2013 O
748 1981 892 2022 Phaedre,
906 1980 932 2011 si
947 1991 1006 2022 ego
1023 1980 1189 2011 Phaedrum
1204 1979 1326 2022 ignoro,
1343 1980 1404 2011 mei
1418 1991 1543 2023 quoque
1559 1981 1676 2013 oblitus

213 2049 292 2069 sum.
316 2037 371 2068 sed
396 2037 505 2067 horum
520 2046 594 2067 sane
605 2041 748 2066 nentrum
772 2040 831 2066 est.
853 2033 887 2064 id
904 2033 988 2064 enirn
1002 2038 1085 2064 certe
1101 2034 1177 2070 scio,
1194 2034 1279 2075 quod
1294 2044 1359 2064 non
1374 2034 1469 2065 semel
1486 2039 1606 2066 tantum
1622 2035 1675 2067 ille

212 2092 317 2134 Lysiae
331 2101 503 2122 sermonem
519 2089 652 2126 audivit,
667 2089 722 2120 sed
732 2087 829 2130 jussit
843 2087 956 2129 saepius
973 2087 1136 2119 recenseri.
1171 2087 1284 2129 Lysias
1300 2092 1404 2118 autem
1420 2089 1548 2130 parebat
1562 2089 1676 2123 libens.

212 2145 245 2176 N
247 2156 283 2177 ec
298 2155 370 2175 vero
386 2144 520 2175 Phaedro
535 2143 568 2173 id
584 2142 673 2174 satis:
687 2152 803 2178 verum,
819 2146 944 2183 sumpto
960 2141 1085 2172 demum
1098 2140 1188 2182 libro,
1202 2150 1273 2182 quae
1285 2140 1418 2172 maxime
1430 2142 1588 2184 cupiebat,
1599 2154 1676 2174 con-

212 2197 371 2231 sideravit.
394 2197 479 2240 quod
495 2207 566 2229 cum
581 2197 720 2232 fecisset,
735 2195 800 2227 illic
811 2205 830 2226 a
845 2194 998 2226 matutino
1014 2195 1168 2232 assiduus,
1183 2194 1435 2226 deambulaturus
1450 2195 1608 2233 abscessit,
1622 2206 1677 2238 per

212 2263 335 2290 canem,
356 2256 394 2282 ut
408 2251 554 2293 equidem
569 2261 648 2292 reor,
674 2249 831 2281 memoriae
846 2249 1012 2289 mandans,
1027 2247 1088 2279 nisi
1101 2248 1180 2279 forte
1196 2247 1342 2290 prolixior
1355 2254 1422 2279 erat
1437 2249 1548 2281 oratio,
1591 2250 1675 2281 Ten-

213 2307 309 2337 debat
323 2310 426 2336 autem
440 2305 534 2336 modo
550 2310 635 2336 extra
647 2315 763 2342 muros,
777 2308 813 2334 ut
828 2314 864 2334 ea
879 2303 949 2345 ipsa
962 2303 1174 2334 meditaretur.
1193 2302 1321 2333 obvians
1337 2312 1409 2333 vero
1424 2303 1544 2334 homini
1558 2314 1674 2335 sermo-

213 2370 289 2390 num
304 2358 544 2396 amoreinsano,
561 2369 598 2390 eo
614 2363 785 2399 conspectu
799 2357 923 2388 laetatus
938 2361 996 2394 est,
1019 2357 1094 2399 quia
1107 2357 1357 2398 congaudentem
1379 2355 1675 2400 coe'xultantemque

213 2413 293 2444 foret
307 2412 478 2449 habiturus,
492 2421 529 2443 ac
542 2422 669 2454 pergere
684 2422 746 2442 una
758 2411 863 2454 jussit.
888 2410 1004 2442 deinde
1020 2421 1104 2452 vero,
1117 2411 1156 2441 ab
1172 2409 1297 2441 homine
1311 2410 1383 2451 ipso
1396 2421 1569 2442 sermonum
1583 2412 1676 2443 avido

213 2467 338 2507 rogatus
350 2465 466 2503 dicere,
481 2465 647 2496 simulabat
661 2465 792 2506 gravari,
807 2464 895 2506 quasi
908 2475 972 2495 non
984 2468 1113 2506 cuperet
1127 2464 1256 2495 referre:
1271 2463 1398 2494 tandem
1413 2474 1497 2501 vero,
1513 2465 1571 2495 etsi
1583 2475 1675 2496 nemo

214 2524 327 2561 sponte
353 2519 461 2550 audire
486 2519 591 2558 vellet,
613 2525 680 2550 erat
702 2519 743 2549 ad
768 2517 960 2550 audiendum
980 2518 1068 2549 illata
1090 2518 1122 2549 vi
1144 2523 1319 2549 coacturus.
1360 2517 1406 2548 Te
1422 2527 1507 2558 ergo,
1530 2517 1678 2557 Phaedre‚

214 2571 357 2613 rogarim,
372 2572 458 2613 quod
472 2573 566 2603 etiam
581 2583 644 2603 non
659 2577 786 2614 rogatus
800 2572 936 2603 facturus
963 2581 1010 2609 es,
1034 2571 1111 2603 mihi
1133 2581 1217 2604 nunc
1245 2575 1281 2602 ut
1304 2570 1412 2602 facias.
1455 2571 1549 2602 Pax.
1571 2571 1675 2603 Satius

214 2631 262 2657 est
275 2625 381 2667 igitur,
391 2630 551 2667 utcunque
565 2637 703 2668 possum,
718 2626 833 2657 dicere.
846 2626 960 2657 videris
974 2625 1058 2657 enim
1073 2636 1137 2657 non
1149 2625 1233 2667 prius
1247 2635 1298 2656 mc
1311 2624 1502 2662 dimissurus,
1515 2635 1607 2666 quarn
1620 2636 1676 2666 pro

214 2679 330 2711 viribus
346 2679 462 2710 dixero.
505 2679 557 2711 So.
579 2679 663 2711 Vere
679 2679 809 2710 nimium
822 2678 879 2710 tibi
895 2679 1013 2711 videor.
1063 2679 1156 2711 Pam..
1179 2679 1230 2726 Sic
1257 2678 1352 2720 igitur
1370 2678 1493 2709 faciam.
1520 2679 1574 2709 sed
1590 2678 1676 2709 enim

215 2733 308 2764 verba
331 2732 457 2773 quidem
479 2731 562 2774 ipsa,
580 2743 599 2764 0
615 2733 768 2771 Socrates,
783 2744 848 2764 non
862 2732 999 2765 edidici:
1020 2733 1192 2767 sententias
1206 2737 1310 2764 autem
1326 2742 1416 2774 paene
1431 2731 1580 2769 omniurn,
1605 2731 1676 2773 qui-

216 2787 275 2816 bus
289 2790 445 2816 amantem
463 2786 601 2817 ostendit
614 2796 632 2817 a
646 2797 710 2818 non
725 2792 849 2818 amante
863 2787 999 2828 differre,
1013 2792 1106 2819 teneo
1121 2787 1279 2829 equidem,
1293 2796 1407 2827 easque
1423 2785 1555 2816 breviter
1564 2785 1675 2816 referre

216 2838 274 2870 tibi
290 2849 345 2879 per
358 2838 498 2869 ordinem
529 2849 637 2882 pergo.
680 2840 736 2873 So.
760 2839 913 2878 Ostende,
929 2841 1051 2878 amabo,
1067 2840 1164 2882 prius,
1188 2839 1265 2881 quid
1291 2839 1326 2870 in
1346 2838 1472 2869 sinistra
1496 2838 1590 2868 habes
1615 2838 1673 2868 sub

217 2891 325 2934 pallio.
348 2892 487 2934 suspicor
501 2893 598 2933 enim,
622 2898 654 2925 te
667 2893 779 2926 librum
792 2894 895 2937 ipsum
910 2894 1036 2927 habere.
1059 2894 1094 2925 id
1107 2893 1133 2925 si
1147 2894 1191 2926 sie
1206 2898 1266 2935 est,
1288 2892 1332 2924 ita
1346 2891 1462 2934 cogita,
1481 2901 1530 2923 me
1545 2890 1672 2932 quidem

306 2945 395 2978 Plat.
413 2946 467 2978 Tr.
921 2946 951 2980 1.
1509 2943 1542 2977 Λ
