1846 3268
201 263 300 314 434]
787 259 1087 302 CRATYLUS.
1583 264 1661 303 :335

202 365 377 397 confitearis
391 363 631 396 declarationem
647 363 690 395 rei
705 362 802 394 literis
824 373 860 395 ac
885 363 1014 406 syllabis
1037 364 1152 395 factam
1174 374 1288 395 nomen
1312 374 1391 396 esse.
1415 374 1506 406 porro
1523 365 1548 397 si
1569 367 1662 398 ambo

203 420 271 450 haec
287 420 409 461 dixeris,
423 419 480 450 tibi
494 418 561 460 ipse
577 423 719 450 constare
731 422 767 453 ,et
781 417 957 448 consentire
972 428 1036 448 non
1054 417 1178 458 poteris.
1201 417 1310 449 cna-r.
1334 418 1459 450 Videris
1474 419 1549 450 milri
1564 421 1662 462 probe

203 472 300 514 loqui,
316 483 334 502 o
349 474 512 504 Socrates:
535 476 628 513 atque
643 471 689 502 ita
706 482 800 513 pono.
835 471 891 504 So,
914 471 1085 513 Postquam
1102 472 1141 502 de
1157 471 1203 502 his
1219 471 1444 514 consentimus,
1458 475 1543 515 quod
1558 479 1664 515 restat,

203 525 415 558 discutiamus.
459 525 492 557 Si
508 525 589 557 bene
605 536 719 557 nomen
735 525 872 567 positum
889 536 956 557 esse
969 526 1076 564 debet,
1093 530 1235 567 oportere
1250 525 1383 557 diximus
1399 526 1501 558 literas
1512 527 1571 558 sibi
1586 539 1663 560 con-

201 579 363 613 venientes
377 580 491 612 inesse.
536 579 648 611 CRAT.
671 579 783 610 Plane.
807 580 863 610 So.
886 579 1046 612 Convenit
1061 585 1164 611 autem
1180 585 1216 610 ut
1242 580 1338 611 literae
1360 591 1459 612 rerum
1483 581 1599 614 similes
1614 582 1664 613 in-

201 633 276 664 sint.
321 633 430 666 Can.
456 633 606 665 Omnino.
651 634 708 665 So.
731 633 813 671 Quae
828 633 923 675 igitur
944 638 1027 665 recte
1043 639 1115 664 sunt
1130 634 1242 675 posita,
1255 634 1299 665 ita
1315 634 1418 675 posita
1432 641 1516 667 sunt.
1539 636 1573 668 Si
1587 637 1664 679 quid

203 692 306 718 autem
322 698 385 718 non
401 693 484 719 recte
501 688 638 729 positum
653 693 712 724 est,
727 693 763 718 ut
778 687 944 729 plurimum
967 687 1094 728 quidem
1117 698 1154 718 ex
1170 687 1428 720 convenientibus
1450 689 1666 732 similibusque

201 739 297 772 literis
312 747 446 778 constat,
463 743 487 773 si
502 743 629 784 quidem
641 742 744 783 imago
760 747 807 773 est
820 752 829 773 ε
846 742 942 772 habet
954 747 1056 772 autem
1073 746 1105 772 et
1115 741 1234 783 aliquid
1247 752 1310 772 non
1323 743 1524 784 conveniens,
1536 750 1665 786 propter

197 795 282 836 quod
297 805 360 826 non
376 801 492 827 rectum
517 801 577 836 est,
592 806 694 837 neque
709 800 792 827 recte
807 805 921 826 nomen
944 799 991 825 est
1005 795 1198 827 institutum.
1218 795 1319 832 sicne,
1334 805 1373 826 an
1390 796 1490 836 aliter,
1504 798 1637 829 dicimus
1651 798 1663 829 ?

202 848 312 880 CRAT.
334 849 423 880 Nihil
439 855 498 886 est,
514 861 533 881 o
553 850 707 887 Socrates,
724 854 759 880 ut
774 849 915 886 arbitror,
936 849 1191 880 contendendum
1206 860 1215 880 :
1239 859 1342 890 neque
1357 849 1440 880 enim
1458 850 1531 881 mihi
1548 851 1664 892 placet,

202 907 239 932 ut
254 913 368 934 nomen
383 903 510 945 quidem
525 914 592 935 esse
604 904 739 946 dicatur,
754 914 819 934 non
835 908 938 934 tamen
955 908 1038 934 recte
1055 903 1202 944 positum.
1247 903 1304 934 So.
1327 902 1439 935 Utrum
1455 904 1515 936 hoc
1525 904 1583 936 tibi
1599 915 1664 936 non

203 955 319 996 placet,
335 957 420 998 quod
436 968 551 988 nomen
566 957 608 990 rei
626 957 723 998 ipsius
738 956 907 989 declaratio
922 957 984 988 sit?
1021 956 1132 988 Can.
1157 956 1278 989 Placet.
1310 957 1366 988 So.
1390 957 1436 988 At
1450 968 1521 989 vero
1537 959 1665 991 nomina

202 1009 312 1049 partim
324 1020 361 1041 ex
375 1010 480 1051 primis
492 1010 660 1042 constituta
672 1021 752 1050 esse,
763 1010 874 1052 partim
888 1021 954 1042 esse
967 1010 1076 1052 prima,
1089 1020 1152 1040 non
1167 1010 1265 1051 probe
1277 1010 1397 1042 dictum
1409 1016 1500 1052 putas
1513 1011 1524 1042 ?
1551 1011 1664 1044 CRAT-

203 1063 318 1095 Probe.
362 1064 419 1095 So.
441 1064 608 1095 Enimvero
634 1064 734 1105 prima
760 1064 787 1094 si
811 1064 1007 1106 quorundam
1035 1063 1263 1095 declarationes
1290 1074 1358 1096 esse
1381 1065 1511 1108 debent,
1526 1067 1663 1098 habesne

202 1117 329 1148 modum
345 1118 585 1149 commodiorem
602 1129 665 1160 quo
681 1118 712 1149 id
730 1118 796 1155 fiat,
813 1128 906 1159 quam
923 1119 950 1148 si
963 1118 1037 1149 talia
1053 1117 1142 1156 fiant,
1158 1117 1264 1159 qualia
1274 1118 1328 1149 illa
1344 1124 1417 1149 sunt
1428 1129 1498 1161 quae
1514 1119 1665 1151 declarari

202 1171 368 1202 volumus?
391 1181 431 1201 an
447 1172 558 1202 modus
577 1172 637 1202 iste
654 1172 758 1213 potius
774 1171 831 1202 tibi
846 1171 960 1212 placet,
977 1182 1070 1212 quem
1095 1171 1310 1213 Hermogenes
1333 1172 1448 1214 aliique
1464 1173 1587 1215 plurimi
1603 1179 1665 1206 tra-

203 1226 294 1264 dunt,
309 1226 394 1266 quod
410 1225 557 1257 videlicet
572 1226 698 1256 nomina
722 1225 946 1257 conventiones
958 1226 1101 1266 quaedam
1117 1225 1191 1264 sint,
1203 1225 1242 1256 iis
1257 1225 1311 1267 qui
1326 1226 1370 1256 ita
1385 1227 1615 1259 constituerunt
1628 1238 1667 1260 ac

202 1289 250 1310 res
265 1279 350 1320 ipsas
366 1289 615 1320 praecognovere,
641 1279 758 1320 aliquid
782 1275 948 1310 referentes
962 1290 971 1319 ;
995 1283 1140 1320 rectaque
1156 1279 1289 1309 nominis
1311 1280 1390 1310 ratio
1406 1279 1438 1310 in
1454 1282 1666 1314 conventione

202 1333 352 1364 consistat
366 1344 374 1364 ε
395 1343 498 1374 neque
512 1333 644 1373 intersit,
659 1337 761 1363 utrum
777 1333 847 1374 quis
862 1333 908 1363 ita
923 1337 959 1363 ut
974 1343 1058 1363 nunc
1074 1337 1223 1363 statutum
1239 1338 1289 1363 est
1303 1333 1462 1371 decernat,
1478 1345 1518 1365 an
1533 1340 1664 1367 contra:

203 1391 240 1417 ut
250 1385 398 1416 videlicet
408 1395 438 1422 o,
454 1386 539 1426 quod
555 1396 639 1416 nunc
654 1396 673 1416 o
689 1395 818 1427 parvum
834 1390 974 1422 vocatur,
992 1396 1010 1416 o
1023 1395 1168 1427 magnum
1181 1387 1439 1427 cognominetur;
1463 1399 1482 1419 o
1494 1398 1565 1420 vero
1579 1389 1667 1431 quod

204 1439 298 1469 modo
314 1449 332 1468 0
349 1449 507 1479 magnum,
523 1449 541 1469 o
555 1449 680 1480 parvum
697 1438 842 1469 dicatur?
866 1443 934 1469 uter
949 1438 1075 1469 istorum
1094 1439 1190 1479 magis
1208 1439 1267 1470 tibi
1279 1441 1388 1471 modus
1401 1441 1528 1482 placet?
1553 1441 1664 1475 CRAT.

202 1492 334 1524 Praestat
349 1493 487 1529 omnim,
515 1491 611 1533 [434]
635 1503 654 1523 o
669 1492 823 1529 Socrates,
846 1492 1050 1523 similitudine
1073 1493 1184 1524 referre
1208 1494 1292 1535 quod
1310 1494 1380 1536 quis
1402 1496 1565 1527 ostendere
1589 1496 1668 1533 vult,

203 1556 295 1588 quam
311 1546 420 1588 quovis
436 1546 509 1577 alio.
554 1546 611 1580 So.
635 1546 719 1578 Scite
746 1546 889 1588 loqueris.
935 1546 1066 1588 Nonne,
1089 1547 1114 1577 si
1131 1558 1246 1578 nomen
1270 1547 1313 1579 rei
1336 1548 1434 1581 simile
1457 1554 1517 1591 est,
1539 1561 1667 1582 necesse

201 1604 250 1630 est
261 1600 415 1631 elementa
429 1611 466 1631 ex
479 1601 591 1642 quibus
606 1601 706 1642 prima
729 1600 856 1631 nomina
872 1606 1118 1642 componuntur,
1141 1605 1251 1631 natura
1269 1601 1337 1643 ipsa
1352 1603 1443 1634 rebus
1458 1614 1524 1634 esse
1541 1603 1666 1637 similia.

206 1653 258 1684 Sic
273 1657 377 1684 autem
393 1653 486 1685 dico:
512 1664 551 1684 an
576 1654 688 1695 aliquis
703 1654 893 1695 quandoque
915 1654 1080 1695 picturam,
1106 1665 1199 1696 quam
1222 1665 1316 1696 supra
1337 1656 1482 1693 diximus,
1504 1658 1548 1689 rei
1563 1658 1669 1700 cujus-

207 1717 300 1748 quam
316 1707 448 1739 similem
463 1707 642 1744 effinxisset,
664 1707 724 1738 nisi
739 1708 858 1739 colores
881 1707 944 1750 ipsi
961 1708 1073 1750 quibus
1100 1713 1224 1740 constat
1239 1709 1354 1751 imago,
1381 1716 1486 1742 essent
1500 1716 1609 1743 natura
1625 1712 1670 1744 rei

206 1761 290 1792 illius
305 1761 433 1798 similes,
461 1772 553 1803 quam
577 1762 705 1802 pictoris
727 1762 864 1792 studium
880 1761 1042 1793 imitatur?
1070 1773 1109 1793 an
1125 1773 1189 1793 non
1213 1763 1430 1805 impossibile?
1476 1765 1585 1797 Cum.
1607 1766 1670 1797 Im-

206 1815 355 1855 possibile
372 1815 474 1856 plane.
520 1815 576 1846 So.
600 1815 719 1846 Eadem
735 1816 855 1846 ratione
870 1816 998 1846 nomina
1014 1816 1083 1857 ipsa
1097 1827 1258 1858 nunquam
1275 1817 1407 1860 alicujus
1419 1818 1531 1850 similia
1546 1819 1668 1857 fierent,

203 1868 264 1899 nisi
277 1868 332 1900 illa
345 1869 458 1910 quibus
472 1869 600 1900 nomina
614 1874 857 1910 componuntur,
872 1869 1108 1901 similitudinem
1125 1871 1261 1913 aliquam
1277 1872 1430 1903 baberent
1438 1883 1542 1903 earum
1555 1883 1667 1911 rerum,

205 1932 334 1963 quarum
349 1923 476 1954 nomina
491 1923 679 1954 imitationes
695 1929 779 1955 sunt.
823 1923 871 1955 Ea
887 1935 958 1955 vero
973 1925 1088 1966 quibus
1103 1930 1249 1957 constant
1261 1927 1400 1963 nomina,
1417 1927 1571 1958 elementa
1585 1933 1671 1960 sunt.

207 1975 317 2008 CRAT.
341 1976 435 2014 Sane.
481 1977 537 2009 So.
559 1977 630 2009 Jam
646 1982 679 2008 tu
696 1978 845 2009 sermonis
861 1978 929 2020 ejus
944 1983 1011 2010 esto
1029 1979 1198 2020 particeps,
1221 1979 1312 2021 cujus
1327 1991 1428 2022 nuper
1443 1981 1669 2024 Hermogenes.

204 2029 256 2060 An
272 2034 354 2061 recte
370 2029 473 2062 dicere
490 2030 548 2062 tibi
563 2031 619 2062 visi
643 2042 759 2069 sumus,
782 2033 867 2073 quod
890 2032 994 2074 ipsum
1012 2043 1025 2063 r
1041 2032 1163 2072 lationi,
1185 2034 1296 2073 motui,
1319 2034 1478 2076 asperitati
1501 2036 1669 2077 congruit?

204 2083 315 2117 Cna'r.
337 2083 438 2116 Recte
454 2085 527 2116 mihi
543 2085 682 2127 quidem.
726 2086 780 2119 So.
803 2086 911 2128 Ipsum
928 2094 1033 2118 autem
1049 2088 1058 2118 l
1076 2087 1140 2118 leni
1156 2092 1188 2119 et
1203 2088 1291 2119 molli
1306 2099 1342 2119 ac
1357 2089 1466 2120 ceteris
1481 2100 1551 2131 quae
1565 2101 1669 2122 narra-

202 2138 325 2169 vimus?
371 2139 480 2171 Can.
506 2140 662 2172 Profecto.
707 2141 763 2173 So.
789 2141 900 2172 Scisne
924 2142 1009 2182 quod
1028 2142 1123 2179 idem,
1148 2142 1181 2172 id
1206 2146 1253 2172 est
1269 2143 1467 2184 asperitatem
1490 2143 1590 2184 ipsam
1611 2154 1669 2175 nos

202 2193 330 2234 quidem
346 2193 492 2225 sclerotes
507 2205 664 2232 vocamus,
680 2194 873 2226 Eretrienses
901 2206 974 2226 vero
991 2196 1160 2227 scleroter?
1185 2196 1296 2228 Cau.
1319 2195 1450 2238 Utique.
1475 2196 1530 2228 So.
1555 2197 1668 2228 Utrum

203 2247 295 2277 ambo
310 2247 390 2284 haec,
405 2253 464 2279 ret
479 2258 505 2285 s,
521 2247 661 2289 ejusdem
677 2249 790 2279 similia
813 2254 897 2285 sunt,
920 2249 1067 2290 idemque
1092 2251 1264 2281 ostendunt
1289 2255 1352 2280 tam
1378 2250 1440 2281 illis
1462 2261 1519 2292 per
1533 2251 1632 2293 ipsius
1655 2262 1669 2283 r

205 2301 495 2333 determinationem
519 2312 611 2344 quam
638 2302 729 2334 nobis
757 2313 812 2343 per
838 2313 852 2333 s
881 2303 1082 2334 novissimum
1095 2315 1103 2335 :
1139 2304 1187 2335 vel
1214 2302 1401 2345 quibusdam
1426 2309 1564 2335 nostrum
1590 2304 1670 2336 nihil

205 2355 365 2386 referunt?
410 2355 521 2387 Can.
544 2356 691 2398 Utrisque
707 2357 801 2398 plane
817 2357 1042 2388 demonstrant.
1086 2358 1142 2390 So.
1166 2357 1276 2389 Utrum
1301 2363 1455 2400 quatenus
1471 2358 1582 2389 similia
1596 2364 1670 2390 sunt

205 2419 220 2438 r
234 2414 267 2440 et
280 2419 306 2446 s,
323 2409 371 2440 vel
386 2415 540 2451 quatenus
553 2410 736 2441 dissimilia?
782 2410 893 2442 CRAT.
919 2412 1084 2449 Quatenus
1113 2411 1235 2443 similia.
1282 2412 1338 2443 So.
1361 2411 1516 2454 Numquid
1542 2413 1668 2454 penitus

207 2460 319 2493 similia
334 2464 427 2495 sunt?
473 2463 525 2494 Ad
541 2464 689 2496 lationem
716 2476 805 2507 aeque
831 2465 1079 2507 significandam.
1128 2466 1215 2503 Quin
1238 2470 1271 2497 et
1286 2466 1386 2508 ipsum
1403 2466 1413 2497 l
1429 2465 1592 2508 injectum,
1616 2477 1671 2498 cur

206 2527 270 2548 non
287 2517 473 2549 contrarium
489 2519 662 2559 asperitatis
677 2519 774 2561 ipsius
790 2519 971 2561 significat?
1019 2521 1130 2552 Cum.
1156 2520 1246 2551 Forte
1262 2531 1326 2551 non
1342 2526 1426 2552 recte
1442 2520 1592 2562 injectum
1609 2526 1669 2558 est,

209 2580 228 2600 ο
245 2570 398 2606 Socrates,
414 2571 677 2611 quemadmodum
693 2583 730 2603 ea
746 2583 816 2614 quae
839 2578 872 2603 tu
890 2573 921 2603 in
938 2574 1145 2614 superioribus
1170 2583 1240 2605 cum
1257 2574 1456 2616 Hermogene
1477 2576 1535 2606 isto
1555 2580 1669 2606 tracta·

208 2625 275 2661 bas,
292 2624 366 2654 dum
391 2629 424 2655 et
445 2625 604 2656 auferebas
625 2631 658 2657 et
679 2626 833 2659 inferebas
856 2628 959 2658 literas
989 2628 1040 2658 ubi
1063 2628 1195 2659 maxime
1222 2629 1397 2670 oportebat.
1420 2639 1457 2660 ac
1487 2633 1570 2661 recte
1594 2627 1671 2659 mihi

209 2678 310 2709 facere
325 2677 491 2710 videbaris.
513 2683 545 2710 et
559 2689 642 2711 nunc
657 2679 735 2711 forte
747 2688 806 2722 pro
822 2681 831 2711 l
848 2692 862 2712 r
877 2682 1100 2722 apponendum
1117 2688 1175 2714 est.
1208 2682 1264 2714 So.
1286 2682 1388 2714 Probe
1403 2682 1550 2725 loqueris.
1583 2682 1669 2720 Quid

207 2742 281 2764 vero
296 2742 394 2772 nunc,
412 2737 445 2762 ut
459 2731 625 2773 loquimur,
641 2733 718 2765 nihil
734 2734 921 2776 percipimus
936 2735 1084 2772 invicem,
1100 2736 1227 2776 quando
1242 2735 1312 2777 quis
1327 2736 1446 2768 scleron
1463 2737 1644 2778 pronuntiat
1658 2737 1669 2767 ?

210 2790 363 2827 nequetu
380 2785 456 2827 quid
472 2796 556 2817 nunc
571 2797 630 2828 ego
646 2787 761 2825 dicam,
777 2788 950 2830 intelligis?
995 2789 1106 2821 CnAT.
1129 2789 1277 2832 Intelligo
1292 2790 1436 2831 equidem
1453 2795 1580 2831 propter
1593 2801 1670 2821 con-

211 2840 421 2873 suetudinem.
465 2840 520 2872 So.
544 2839 573 2871 O
595 2840 640 2871 vir
655 2841 863 2882 lepidissime,
878 2853 949 2874 curn
973 2843 1232 2875 consuetudinem
1255 2844 1346 2881 dicis,
1369 2844 1443 2885 quid
1460 2843 1544 2874 aliud
1561 2848 1672 2884 praeter

209 2893 451 2925 conventionem
466 2893 568 2925 dicere
585 2894 701 2934 putas?
724 2905 764 2925 an
780 2895 866 2926 aliud
892 2897 1149 2928 consuetudinem
1175 2908 1278 2933 vocas,
1301 2908 1394 2939 quam
1417 2897 1501 2938 qdod
1516 2907 1575 2938 ego
1597 2907 1670 2928 curn

209 2945 242 2977 id
258 2947 437 2988 pronuntio,
451 2947 530 2979 illud
547 2948 652 2989 cogito
668 2960 675 2979 ε
700 2953 732 2980 tu
749 2959 873 2991 quoque
890 2951 974 2992 quod
992 2950 1057 2992 ipse
1073 2950 1218 2993 cogitem,
1236 2951 1369 2996 percipis
1383 2951 1393 2981 ?
1417 2961 1480 2981 non
1491 2951 1550 2981 hoc
1564 2949 1644 2982 dicis
1658 2951 1669 2981 ?
