1846 3268
219 249 298 286 242
779 253 795 286 A
833 245 1101 284 PLATole
1592 251 1690 302 [160

217 351 370 393 linguam,
386 349 503 392 saporis
518 349 614 381 amari
631 358 755 379 sensum
769 359 779 388 ;
801 348 884 380 circa
900 348 1020 389 vinum,
1036 348 1150 380 factam
1178 354 1211 381 et
1237 355 1408 391 permotam
1430 351 1668 384 amaritudinem
1683 363 1691 384 :

218 411 251 436 et
265 406 325 437 hoe
340 404 468 447 quidem
483 415 547 435 nou
564 402 817 440 amaritudinem,
834 403 890 434 sed
913 413 1049 434 amarum
1063 414 1073 443 ;
1094 414 1144 435 me
1160 414 1232 435 vero
1259 415 1323 436 non
1351 416 1489 443 sensum,
1505 406 1562 438 sed
1587 407 1692 449 potius

217 460 416 491 sentientem.
460 458 549 491 Tur..
571 457 724 490 Omnino.
769 457 826 488 So.
850 457 893 488 Et
916 468 976 499 ego
1002 458 1078 488 nihil
1108 468 1246 500 unquam
1271 459 1358 491 aliud
1381 460 1455 492 fiam
1479 460 1526 492 sic
1543 461 1694 492 sentiens.

219 514 298 545 alius
314 514 400 545 enim
415 512 543 544 alterius
558 517 606 543 est
621 521 743 549 sensus,
758 516 792 542 et
816 510 955 542 alienum
979 511 1130 553 aliudque
1145 512 1335 544 sentientem
1350 513 1445 546 efficit
1462 525 1471 546 z
1495 524 1599 556 neque
1613 513 1693 546 illud

221 579 271 600 me
296 568 394 610 [160]
418 566 569 604 efficiens,
586 565 757 608 aliquando
779 565 987 607 congrediens
1012 565 1116 607 alteri,
1135 566 1220 598 idem
1244 577 1407 609 generans,
1424 569 1486 601 tale
1507 569 1630 601 existet.
1653 569 1695 600 ab

220 623 283 654 alio
306 621 389 653 enim
415 620 499 652 aliud
523 631 688 663 generans,
701 619 837 654 alienum
854 620 1082 662 alteratumque
1098 620 1163 654 fiet.
1207 621 1295 654 Tne.
1319 622 1404 654 Vera
1426 623 1494 655 haec
1509 627 1592 655 sunt.
1637 623 1695 655 So.

219 676 291 709 Nec
306 687 366 719 ego
381 675 535 717 mihiipsi
551 674 635 716 talis,
651 685 711 707 nec
734 674 815 706 illud
831 674 968 716 sibiipsi
995 674 1058 706 tale
1079 674 1240 708 efficietur.
1284 676 1373 710 Tus.
1397 676 1473 709 Non
1498 681 1595 709 certe.
1639 676 1696 709 So-

218 730 441 763 Necessarium
464 735 569 761 autem
586 729 721 772 alicujus
738 740 786 761 me
801 728 880 767 fieri,
894 729 1022 771 quando
1037 730 1176 762 sentiens
1191 730 1246 764 fio.
1271 731 1410 763 sentiens
1425 731 1509 763 enim
1530 731 1610 763 nihil
1625 740 1696 762 sen-

220 785 278 817 tire
291 784 497 827 impossibile.
520 790 553 816 et
567 783 647 816 illud
662 794 791 826 quoque
807 793 935 816 necesse
950 783 1047 816 alicui
1062 784 1142 824 fieri,
1153 785 1301 827 quotiens
1315 785 1409 818 dulce
1424 790 1479 817 aut
1491 795 1628 817 amarum
1641 789 1696 816 aut

220 840 340 883 aliquid
357 839 539 882 hujusmodi
554 838 707 870 redditur.
730 838 824 871 dulce
840 849 975 881 namque
999 838 1079 870 nulli
1105 839 1199 871 dulce
1226 839 1293 872 fieri
1307 841 1428 882 nequit.
1471 839 1559 872 Tun.
1583 838 1636 871 Sic
1649 845 1698 871 est

219 894 362 926 omnino.
379 928 385 933 ,
407 893 464 925 So.
488 892 602 925 Restat
615 892 724 935 igitur,
740 898 776 924 ut
789 892 914 935 opinor,
930 892 994 924 sive
1010 892 1118 929 simus,
1134 904 1191 925 nos
1215 893 1350 926 invicem
1374 905 1442 926 esse
1456 905 1467 935 ;
1490 894 1556 926 sive
1571 893 1697 932 fiamus,

217 948 354 980 invicem
370 948 454 979 lieri:
480 947 741 990 quandoquidem
755 952 893 978 nostram
909 947 1077 979 essentiam
1093 948 1263 980 necessitas
1278 948 1350 990 ipsa
1362 949 1536 981 connectit.
1559 958 1695 980 connec-

218 1002 269 1039 tit,
286 1001 426 1043 inquam,
441 1012 546 1043 neque
561 1012 633 1032 cum
648 1000 712 1032 alio
728 1001 880 1043 quopiam
906 1011 1009 1043 neque
1033 1002 1198 1034 nobiscum
1226 1002 1306 1043 ipsis
1320 1014 1327 1033 :
1353 1002 1487 1034 invicem
1499 1013 1574 1044 ergo
1591 1001 1701 1033 vinciri

221 1055 375 1099 sequitur.
422 1043 626 1098 Quapropter
641 1055 705 1087 sive
721 1055 791 1097 quis
806 1066 874 1086 csse
889 1055 1010 1096 aliquid
1026 1056 1140 1087 dixerit
1155 1056 1221 1087 sive
1237 1056 1315 1094 ficri,
1331 1056 1375 1088 ita
1397 1055 1619 1098 accipiendum
1639 1061 1702 1096 est,

220 1109 315 1141 alicui
330 1120 398 1141 esse
410 1109 528 1147 fierive,
543 1109 592 1141 vel
609 1108 756 1156 alicujus,
774 1109 821 1141 vel
837 1110 878 1140 ad
894 1109 1028 1151 aliquid.
1050 1109 1153 1152 ipsum
1165 1115 1269 1142 autern
1285 1110 1318 1142 in
1333 1111 1437 1152 seipso
1449 1110 1618 1153 quicquam
1631 1121 1699 1142 esse

171 1176 175 1182 ·
222 1164 270 1196 vel
280 1164 357 1202 fieri,
371 1175 474 1206 neque
490 1164 558 1206 ipse
569 1163 734 1206 quisquam
751 1163 888 1205 profiteri
902 1164 1010 1203 debet,
1021 1174 1080 1196 nec
1094 1164 1184 1196 alteri
1193 1165 1381 1196 asseveranti
1393 1164 1580 1206 concedere,
1590 1174 1699 1206 quem-

218 1219 389 1250 admodum
405 1218 483 1258 ratio
497 1217 638 1261 superior
653 1218 813 1250 admonet.
850 1218 938 1250 Tun.
962 1217 1016 1250 Sic
1041 1223 1091 1250 est
1111 1229 1248 1261 prorsuS,
1262 1230 1281 1251 o
1306 1220 1463 1251 Socrates.
1500 1219 1557 1252 So.
1579 1217 1698 1250 Nonne

221 1273 349 1315 quando
373 1272 501 1315 quidem
524 1283 575 1303 me
591 1271 731 1304 efficiens
757 1272 833 1303 mihi
857 1277 917 1310 est,
934 1283 999 1303 non
1025 1273 1127 1311 alteri,
1143 1284 1203 1316 ego
1228 1284 1358 1316 quoque
1383 1273 1488 1316 ipsum
1505 1272 1619 1310 sentio,
1635 1282 1700 1304 non

221 1327 300 1360 alius
314 1328 326 1358 ἓ
370 1327 458 1360 Trrn.
482 1326 626 1365 Quidni?
672 1326 730 1359 So.
755 1325 855 1358 Verus
871 1326 978 1368 itaque
995 1327 1073 1358 mibi
1088 1338 1197 1359 sensus
1211 1338 1320 1360 meus:
1346 1338 1424 1360 meae
1439 1338 1576 1370 namque
1590 1336 1697 1359 essen·

222 1381 276 1413 tiae
291 1392 414 1424 semper
435 1380 562 1413 existit:
587 1386 620 1412 et
635 1391 695 1423 ego
717 1381 890 1413 secundum
915 1381 1119 1424 Protagoram
1139 1382 1240 1424 judex
1264 1387 1326 1413 tam
1342 1392 1461 1419 eorum,
1477 1391 1550 1424 quae
1563 1385 1649 1418 sunt,
1665 1386 1702 1412 ut

222 1436 299 1468 mibi
323 1441 408 1474 sunt,
434 1446 528 1478 quam
550 1446 670 1473 eorum,
693 1446 764 1478 quae
791 1446 856 1466 non
881 1440 965 1472 sunt,
992 1440 1028 1467 ut
1053 1447 1118 1467 non
1144 1441 1231 1468 sunt.
1272 1436 1360 1469 Tun.
1383 1436 1435 1468 Ita
1463 1436 1596 1468 videtur.
1640 1435 1699 1467 So.

225 1490 312 1528 Quid
324 1490 391 1532 jam
409 1490 525 1533 obstat,
539 1500 603 1533 quo
631 1490 734 1521 minus
759 1490 862 1522 sciens
887 1489 1033 1529 existam,
1047 1491 1313 1533 quemadmodum
1335 1496 1369 1523 et
1393 1490 1554 1523 sentiens?
1577 1490 1698 1532 quippe

200 1561 201 1564 =
225 1555 297 1576 cum
314 1555 372 1576 nec
388 1544 530 1587 decipiar
544 1555 603 1576 nec
621 1545 760 1576 aberrem
777 1544 969 1586 cogitatione
984 1545 1067 1576 circa
1092 1556 1141 1583 ea,
1157 1556 1228 1587 quae
1246 1546 1295 1578 vel
1310 1550 1385 1577 sunt
1399 1545 1449 1577 vel
1464 1545 1567 1577 flunt?
1611 1543 1701 1576 Tun.

225 1597 284 1630 Nil
310 1609 447 1640 prorsus.
492 1598 708 1641 So.‚-Egregie
730 1599 826 1641 igitur
850 1599 919 1641 ipse
941 1598 1082 1637 dicebas,
1106 1599 1270 1632 scientiam
1296 1600 1376 1631 nihil
1401 1599 1487 1632 aliud
1514 1609 1583 1636 esse
1607 1608 1702 1641 quam

226 1663 362 1684 sensum.
386 1653 418 1684 in
433 1653 519 1685 idem
535 1663 609 1685 sane
625 1653 685 1684 ista
695 1659 897 1692 concurrunt,
913 1655 1087 1686 secundum
1104 1654 1276 1687 Homerum
1303 1655 1432 1696 quidem
1452 1659 1486 1687 et
1505 1653 1701 1686 Heraclitum

226 1711 259 1738 et
274 1718 367 1739 omne
382 1708 415 1739 id
431 1718 543 1750 genus,
560 1708 697 1739 fluminis
712 1708 809 1740 instar
834 1708 980 1740 universa
1006 1709 1188 1741 decurrere:
1212 1710 1387 1742 secundum
1402 1719 1475 1741 vero
1498 1708 1702 1750 Protagoram

228 1761 507 1804 sapientissimum,
523 1762 682 1794 hominem
703 1773 803 1794 rerum
830 1762 971 1794 omnium
994 1773 1061 1794 esse
1081 1774 1281 1795 mensuram:
1305 1769 1338 1795 et
1351 1768 1510 1806 postremo
1528 1762 1703 1794 secundum

226 1815 435 1857 Theaetetum,
449 1816 607 1848 concessis
622 1817 846 1859 superioribus,
859 1817 1022 1849 scientiam
1037 1829 1105 1850 esse
1120 1829 1258 1850 sensum.
1302 1818 1333 1850 N
1337 1818 1472 1860 unquid,
1487 1829 1506 1848 ο
1529 1817 1706 1854 Theaetete,

229 1870 412 1912 opinionem
426 1872 506 1904 hanc
522 1871 665 1903 dicemus
679 1882 760 1909 esse,
776 1872 866 1913 quasi
883 1877 967 1904 tuam
985 1872 1102 1914 prolem
1127 1884 1227 1915 nuper
1249 1874 1304 1904 abs
1332 1878 1362 1904 te
1378 1872 1506 1914 quidem
1521 1870 1672 1914 genitam,
1686 1880 1707 1902 a

228 1935 280 1957 me
294 1931 399 1957 autem
416 1925 448 1957 in
465 1925 566 1957 lucem
583 1926 765 1958 obstetricia
777 1927 913 1968 quadarn
938 1937 1034 1968 opera
1049 1926 1118 1968 jam
1140 1927 1312 1959 eductam?
1334 1927 1412 1969 quid
1427 1925 1494 1958 εἰς.)
1540 1924 1630 1956 Tne.
1653 1924 1706 1956 Ita

229 1990 357 2011 necesse
372 1985 432 2018 est,
448 1991 467 2011 ο
482 1980 638 2013 Socrates.
682 1981 739 2013 So.
762 1981 868 2018 Hanc,
886 1986 920 2011 ut
936 1981 1068 2018 videtur,
1085 1981 1313 2024 qualiscunque
1325 1982 1376 2018 sit,
1393 1981 1443 2013 vix
1457 1979 1584 2011 tandem
1594 1978 1708 2021 genui-

230 2044 310 2067 mus.
334 2040 408 2076 post
422 2039 545 2077 parturn
559 2045 646 2073 vero,
662 2041 697 2066 ut
712 2046 778 2066 mos
794 2039 855 2075 est,
868 2035 980 2076 quinta
1006 2035 1058 2066 die
1083 2036 1124 2066 ab
1149 2035 1219 2077 ejus
1241 2035 1339 2067 natali
1354 2034 1496 2067 solennia
1510 2033 1705 2066 celebrantes

229 2088 347 2121 circulo
370 2089 484 2125 cursim
509 2089 706 2121 circumferre
731 2089 895 2126 debemus,
910 2095 1060 2121 caventes
1085 2101 1125 2121 ne
1152 2100 1211 2121 nos
1234 2090 1337 2128 fallat,
1363 2089 1391 2120 si
1413 2089 1494 2120 forte
1516 2086 1708 2120 educatione

229 2142 327 2185 digna
340 2154 403 2174 non
419 2143 472 2181 sit,
497 2144 594 2186 [161]
618 2144 673 2175 sed
690 2143 790 2175 inanis
806 2148 839 2175 et
854 2143 944 2177 falsa.
966 2154 1042 2175 num
1059 2155 1167 2176 censes
1183 2149 1291 2175 natum
1302 2149 1390 2175 tuum
1403 2142 1533 2175 omnino
1545 2141 1707 2178 alendum,

232 2207 292 2229 nec
308 2197 372 2229 ullo
398 2198 492 2229 modo
508 2196 746 2239 abjiciendum?
770 2208 811 2228 an
835 2197 914 2229 forte
937 2198 963 2229 si
985 2199 1184 2240 reprobatum
1201 2198 1313 2230 videris
1337 2196 1580 2240 primogenitum
1607 2200 1708 2233 tuum,

231 2261 298 2282 non
323 2251 452 2283 moleste
468 2251 548 2283 feres
572 2263 591 2284 e
615 2253 722 2284 medio
745 2252 838 2284 tolli?
882 2252 994 2284 Tflao.
1016 2252 1211 2295 Theaetetus,
1226 2263 1246 2284 o
1266 2252 1425 2294 Socrates,
1438 2261 1528 2294 aeque
1541 2251 1632 2282 feret.
1653 2259 1710 2280 ne·-

234 2316 296 2348 que
311 2306 394 2337 enim
410 2317 550 2338 morosus
565 2312 625 2339 est.
650 2317 755 2339 verum
771 2307 837 2349 dic,
850 2317 907 2349 per
920 2308 1011 2345 deos,
1026 2318 1067 2339 an
1083 2318 1148 2338 non
1164 2307 1208 2339 ita
1231 2317 1265 2338 se
1286 2317 1334 2338 res
1352 2307 1459 2338 habet.
1503 2305 1562 2337 So.
1586 2303 1709 2345 Dispu-

233 2360 362 2391 tationis
377 2360 488 2392 avidus
502 2372 536 2392 es
551 2366 646 2403 atque
663 2361 708 2392 vir
723 2362 836 2403 bonus,
852 2372 871 2392 o
887 2361 1067 2403 Theodore,
1083 2361 1139 2404 qui
1164 2372 1214 2392 me
1236 2360 1395 2392 existimas
1419 2369 1522 2392 arcam
1547 2357 1708 2400 quandam

234 2425 303 2446 esse
318 2425 508 2457 sermonum,
525 2415 680 2458 facileque
694 2415 771 2447 inde
786 2421 979 2458 promentem
994 2415 1056 2447 ista
1073 2426 1136 2447 non
1151 2415 1196 2447 ita
1211 2426 1279 2447 sese
1296 2415 1411 2446 habere
1432 2413 1600 2446 dicturum.
1623 2410 1711 2453 quod

235 2474 340 2500 autem
357 2469 486 2507 accidit,
506 2480 570 2501 non
586 2470 734 2508 advertis,
750 2471 839 2512 quod
855 2469 961 2501 nullus
986 2481 1125 2512 unquam
1147 2480 1248 2502 sermo
1275 2480 1295 2501 a
1320 2479 1371 2500 me
1395 2473 1514 2506 manat,
1528 2466 1585 2498 sed
1609 2466 1651 2497 ab
1672 2475 1712 2496 eo

236 2533 369 2565 semper,
386 2523 439 2565 qui
456 2534 578 2555 mecum
604 2524 759 2567 disputat.
781 2525 929 2567 equidem
951 2524 1017 2556 scio
1043 2523 1137 2562 nihil,
1162 2529 1276 2566 praeter
1298 2523 1445 2565 exiguum
1471 2521 1636 2564 quiddam,
1650 2519 1712 2552 hoe

235 2582 284 2607 est
300 2587 318 2608 a
333 2577 476 2619 sapiente
492 2578 598 2620 aliquo
614 2578 759 2621 accipere
773 2578 939 2610 commode
959 2578 1124 2616 rationem,
1140 2583 1175 2610 et
1197 2587 1282 2610 nunc
1307 2577 1439 2620 quidem
1453 2577 1514 2608 hoc
1527 2585 1567 2606 ex
1579 2574 1643 2606 isto
1657 2583 1714 2613 σοι,

236 2632 347 2671 nabor,
364 2642 427 2662 non
442 2642 480 2663 ex
499 2633 619 2675 meipso
635 2634 751 2666 dicere.
796 2633 823 2664 T
826 2644 884 2665 ιιι-ι.
908 2632 1041 2665 Rectius
1066 2633 1147 2675 ipse,
1162 2643 1181 2663 ο
1208 2633 1368 2669 Socrates,
1385 2629 1534 2673 loqueris.
1555 2637 1652 2671 quare
1667 2627 1712 2659 sic

237 2684 366 2726 efficias,
383 2696 448 2717 oro.
494 2686 551 2718 So.
574 2686 656 2729 Scis,
672 2699 690 2719 0
705 2687 884 2725 Theodore,
901 2688 986 2729 quod
1002 2698 1040 2719 ex
1055 2687 1150 2719 dictis
1166 2687 1259 2719 amici
1289 2686 1335 2718 tui
1359 2685 1539 2726 Protagorae
1554 2683 1587 2714 in
1603 2682 1712 2724 primis

238 2739 398 2771 admiror?
443 2739 529 2771 Tne.
554 2741 715 2778 Quidnam
731 2742 742 2773 ?
789 2742 846 2774 So.
869 2741 984 2774 Cetera
998 2742 1127 2785 quidem
1144 2741 1220 2773 satis
1236 2741 1314 2773 mihi
1330 2740 1526 2782 placuerunt,
1549 2737 1623 2768 dum
1641 2745 1712 2778 pro·

239 2794 338 2831 baret,
354 2794 439 2836 quod
455 2794 569 2836 cuique
587 2795 724 2834 videtur,
739 2797 774 2828 id
791 2797 838 2828 illi
863 2796 1007 2829 existere.
1030 2796 1222 2839 principium
1243 2801 1348 2827 tamen
1373 2792 1523 2826 sermonis
1544 2789 1715 2822 admiratus

240 2858 321 2890 sum,
337 2850 422 2891 quod
433 2847 468 2880 in
482 2849 612 2896 exordio
635 2850 717 2889 libri,
741 2862 836 2894 quem
850 2853 891 2884 de
909 2852 1038 2884 veritate
1061 2851 1214 2889 inscribit,
1231 2861 1295 2882 nou
1323 2847 1428 2890 inquit
1450 2856 1549 2878 rerum
1575 2843 1715 2875 omnium

241 2912 414 2934 mensuram
429 2914 497 2935 esse
513 2915 600 2935 suem
616 2904 666 2936 vel
683 2905 898 2948 prodigiosum
921 2916 1032 2938 canem
1049 2905 1096 2937 vel
1123 2904 1210 2937 aliud
1235 2903 1403 2946 quicquam
1429 2899 1569 2932 mirabile
1594 2909 1631 2929 ex
1656 2896 1716 2934 his,

242 2966 313 2999 quae
329 2957 487 2989 sentiunt:
514 2965 549 2990 ut
574 2959 738 3002 magnifice
755 2960 925 2992 admodum
951 2965 983 2992 et
1011 2959 1121 3002 majori
1138 2959 1220 2991 fastu
1247 2960 1495 2999 contemptuque
1523 2951 1637 2997 profari
1654 2960 1715 2983 coe-
