1832 3256
239 205 336 255 214]
871 204 1042 243 LYSIS..
1068 208 1071 211 ·
1104 208 1107 210 ¹
1642 208 1701 245 35

236 307 296 342 tibi
311 309 470 341 videtur?
499 308 572 340 Mn.
596 309 725 343 Verum.
766 310 826 342 So.
849 307 999 341 Amatum
1009 309 1105 351 igitur
1118 310 1241 342 amanti
1249 310 1382 342 amicum
1395 316 1454 348 est,
1466 316 1501 342 ut
1513 316 1655 371 apparet,
1667 323 1699 348 ο,

234 362 426 401 Menexene,
452 363 516 395 sive
545 363 705 404 amaverit,
731 361 796 395 sive
822 363 945 404 oderit;
976 360 1240 406 quemadmodum
1267 365 1435 396 teneriores
1463 364 1552 405 pueri
1576 364 1697 405 partim,

232 416 322 447 nullo
337 417 431 447 modo
445 421 561 453 amant,
586 416 683 459 [213]
708 417 819 458 partim
836 418 982 454 oderunt,
998 418 1126 459 quando
1142 428 1161 448 a
1176 417 1358 458 parentibus
1372 417 1591 450 verberantur:
1613 423 1690 448 tune

233 479 321 506 sene,
335 470 409 500 dum
425 470 623 501 vehementer
637 469 711 500 odio
726 470 854 510 habent,
869 470 1060 511 genitoribus
1076 474 1150 501 sunt
1164 470 1323 501 carissimi.
1367 469 1441 501 Mn.
1464 470 1586 512 Opinoi·
1600 470 1692 512 equi·

232 521 316 553 dem.
351 522 406 554 So.
429 522 504 553 Non
526 532 599 564 ergo
623 533 730 554 amans
756 523 873 554 amicus
900 524 1070 554 secundum
1098 524 1179 555 hanc
1204 524 1368 560 rationem,
1394 524 1448 555 sed
1475 530 1595 555 amatus
1619 525 1690 556 erit.

232 574 307 608 Me.
330 575 476 606 Videtur.
520 575 578 608 So.
601 575 644 606 Et
663 576 736 607 odio
761 576 885 607 habitus
905 576 1064 613 inimicus,
1089 587 1153 607 non
1173 577 1247 607 odio
1270 577 1399 608 habens.
1444 577 1516 608 ΜΕ.
1539 577 1692 618 Apparet.

231 629 290 661 So.
313 629 364 660 Ita
378 629 466 660 multi
481 630 520 660 ab
535 628 669 660 inimicis
684 635 836 667 amantur,
860 635 893 661 et
914 630 988 661 odio
1011 631 1051 661 ab
1074 630 1182 661 amicis
1205 631 1377 661 habentur:
1399 630 1582 662 etinimicis
1597 630 1691 661 amici

232 686 316 724 sunt,
331 683 439 714 amicis
453 688 563 715 contra
584 682 724 723 inimici;
749 684 775 715 si
789 688 927 715 amatum
948 684 1068 725 potius,
1090 694 1182 725 quam
1207 694 1326 724 amans,
1347 684 1482 715 amicum
1504 689 1563 716 est.
1608 684 1690 721 Quae

230 741 336 768 autem
351 737 418 769 haec
443 742 525 768 esset
547 736 732 774 absurditas,
753 748 772 768 ο
795 737 897 768 dulcis
919 736 1042 768 amice?
1063 736 1165 767 Immo
1180 737 1372 778 impossibile
1386 737 1419 767 id
1435 737 1574 778 quidem,
1590 736 1691 768 amico

172 806 175 809 -
230 790 404 831 inimicum,
425 790 557 823 inimico
579 791 712 822 amicum
735 800 814 823 esse.
857 791 930 822 Mn.
953 791 1038 822 Vera
1053 790 1140 832 loqui
1155 791 1282 828 videris,
1297 802 1315 822 o
1332 791 1485 823 Socrates.
1529 791 1584 822 So.
1607 790 1649 820 Et
1664 790 1692 821 si

229 844 291 876 hoc
305 845 372 876 fieri
386 845 473 876 nullo
488 845 584 876 modo
603 850 721 887 potest,
742 850 850 882 restat,
876 850 911 877 ut
936 855 1043 877 amans
1064 846 1159 876 amati
1181 845 1223 876 sit
1244 845 1390 877 amicum.
1436 845 1509 876 ΜΕ.
1533 843 1690 886 Apparet.

228 897 284 930 So.
306 898 455 930 Similiter
469 899 554 941 quod
570 899 645 931 odio
659 900 765 942 habet,
779 899 941 931 inimicum
963 898 1032 941 ejus
1058 900 1144 941 quod
1169 899 1244 930 odio
1269 900 1411 930 habetur.
1454 898 1528 931 Me.
1551 898 1691 930 Necesse

228 957 287 984 cst.
325 952 378 984 So.
402 952 520 984 Eadem
546 953 636 984 nobis
659 963 743 985 nunc
769 959 872 991 erunt,
895 964 965 995 quae
991 958 1024 984 et
1047 953 1081 984 in
1110 953 1333 995 superioribus,
1360 953 1574 988 concedenda,
1601 953 1688 994 quod

229 1005 411 1048 plerumque
427 1006 560 1038 amicum
583 1007 625 1038 sit
651 1007 768 1048 aliquid
791 1018 855 1038 non
878 1007 982 1043 amici,
1005 1007 1187 1048 plerumque
1210 1006 1303 1037 etiam
1326 1005 1467 1045 inimici;
1484 1005 1607 1046 quoties
1623 1016 1688 1036 non

230 1063 386 1090 amantem
401 1059 449 1090 vel
466 1059 675 1091 fastidientem
691 1060 762 1102 quis
777 1065 870 1091 amat.
891 1070 1115 1101 nonnunquam
1133 1059 1277 1090 inimicus
1293 1059 1350 1091 erit
1365 1069 1429 1089 non
1444 1058 1576 1096 inimici,
1591 1059 1638 1090 vel
1655 1064 1691 1090 et

230 1111 344 1151 amici5
367 1113 493 1154 quando
517 1123 582 1144 non
596 1112 809 1144 fastidientem
824 1113 894 1155 quis
909 1113 988 1150 odit,
1003 1113 1053 1143 vel
1075 1112 1197 1144 fastidit
1211 1118 1379 1144 amantem.
1422 1113 1494 1145 ΜΕ.
1527 1112 1578 1143 Ita
1599 1113 1688 1144 vide·

229 1169 290 1197 tur.
335 1166 390 1197 So.
414 1166 499 1203 Quid
515 1176 588 1208 ergo
605 1166 756 1203 dicemus,
779 1167 805 1198 si
830 1177 933 1208 neque
959 1171 1099 1197 amantes
1125 1166 1216 1198 amici
1240 1171 1341 1203 erunt,
1366 1176 1468 1207 neque
1494 1166 1605 1197 amati:
1629 1177 1689 1198 nec

228 1222 368 1250 amantes
394 1220 571 1262 amatique?
593 1230 668 1251 num
684 1220 760 1251 alios
776 1220 929 1261 quosdam
946 1225 1059 1262 praeter
1074 1220 1148 1251 istos
1162 1220 1278 1251 amicos
1294 1220 1427 1251 invicem
1443 1230 1509 1251 esse
1524 1219 1688 1252 dicemus?

227 1270 301 1303 Mt.
325 1272 387 1304 Per
399 1272 523 1311 Jovem,
534 1284 553 1304 o
566 1274 721 1314 Socrates,
734 1273 810 1315 qnid
824 1274 1029 1316 respondeam
1041 1283 1105 1304 non
1120 1273 1258 1305 invenio.
1281 1273 1338 1304 So.
1353 1272 1448 1309 Vide,
1464 1283 1483 1304 o
1495 1273 1688 1312 Menexene,

227 1337 270 1358 ne
291 1326 370 1357 forte
394 1326 495 1357 minus
515 1331 599 1358 reete
622 1326 657 1358 in
682 1327 890 1368 superioribus
912 1327 1157 1369 quaesiverimus.
1201 1327 1280 1357 Tum
1297 1326 1402 1369 Lysis,
1417 1326 1468 1364 Id,
1484 1326 1597 1368 inquit,
1612 1328 1689 1359 mihi

227 1380 362 1417 videtur,
387 1390 406 1411 ο
432 1379 594 1412 Socrates:
619 1385 652 1412 et
676 1381 722 1413 sic
748 1381 831 1412 fatus
853 1380 988 1413 erubuit.
1034 1379 1146 1412 Visum
1173 1389 1309 1421 namque
1333 1380 1422 1421 mihi,
1442 1379 1575 1411 invitum
1599 1380 1689 1412 illum

227 1433 375 1476 effugisse
397 1434 484 1475 quod
506 1434 680 1476 dicebatur,
702 1445 740 1466 ex
762 1444 801 1466 eo
816 1434 902 1475 quod
917 1433 1068 1466 attentius
1083 1433 1295 1464 incumbebat.
1319 1433 1363 1465 sic
1377 1434 1474 1476 enim,
1489 1434 1564 1465 dum
1578 1435 1688 1466 audie-

226 1488 292 1526 bat,
312 1483 425 1520 habere
449 1499 482 1520 se
503 1488 677 1520 videbatur.
721 1489 792 1530 Ego
818 1488 924 1530 itaque
949 1489 1057 1520 volens
1081 1488 1294 1520 Menexenum
1317 1488 1523 1530 requiescere,
1547 1493 1580 1519 et
1603 1487 1688 1520 illius

227 1541 429 1584 philosophia
451 1542 582 1574 nimium
604 1543 790 1579 delectatus.
816 1542 861 1574 sic
886 1543 1035 1586 Lysidem
1061 1542 1215 1574 allocutus
1239 1552 1326 1573 sum:
1361 1541 1390 1572 O
1407 1541 1511 1583 Lysis,
1525 1552 1599 1573 vera
1611 1541 1690 1573 mihi

228 1594 318 1637 loqui
332 1596 459 1636 videris,
476 1596 551 1638 quia
566 1597 593 1627 si
610 1601 694 1628 recte
708 1596 1036 1639 consideravissemus,
1052 1596 1132 1628 haud
1149 1596 1194 1627 ita
1215 1605 1298 1626 nunc
1320 1595 1537 1627 aberraremus.
1584 1594 1690 1632 Quare

229 1659 271 1681 ne
285 1649 416 1681 ulterius
430 1650 489 1682 hac
504 1650 554 1681 via
570 1660 745 1691 pergarnus.
761 1651 876 1681 etenim
892 1650 988 1681 ardua
1002 1649 1078 1681 mihi
1093 1649 1182 1691 quasi
1199 1649 1247 1680 via
1261 1649 1405 1691 qnaedam
1419 1659 1530 1690 aspera
1544 1648 1689 1680 conside-

228 1701 308 1734 ratio
322 1702 383 1733 ista
398 1703 530 1734 videtur.
569 1703 631 1734 Sed
648 1703 718 1743 iter,
733 1703 819 1744 quod
832 1713 917 1734 nunc
932 1703 1062 1744 ingressi
1077 1713 1193 1739 sumus,
1210 1702 1373 1744 poetarum
1389 1701 1584 1734 adminiculis
1600 1712 1690 1743 pera·

228 1756 376 1798 gendum.
401 1753 497 1798 [214]
522 1756 555 1787 hi
586 1766 721 1798 namque
746 1756 838 1787 nobis
867 1761 1014 1799 tanquam
1040 1761 1142 1798 patres
1172 1760 1266 1798 atque
1294 1757 1390 1787 duces
1414 1755 1577 1797 sapientiae
1606 1759 1689 1786 sunt.

226 1808 350 1841 Dicunt
369 1808 511 1850 profecto
526 1819 590 1840 non
605 1809 697 1847 male,
713 1810 787 1841 dum
803 1810 857 1852 qui
872 1810 967 1842 amici
982 1810 1056 1847 sint,
1079 1810 1269 1841 admonent:
1293 1810 1433 1841 homines
1449 1815 1597 1851 praeterea
1611 1820 1688 1842 con·

225 1862 374 1894 ciliatoris
390 1861 454 1894 Dei
468 1863 566 1894 ductu
581 1862 698 1894 amicos
713 1863 778 1895 fieri
792 1864 914 1895 volunt.
959 1864 1018 1895 Sic
1033 1863 1116 1895 enim
1132 1864 1239 1894 aiunt:
1265 1863 1355 1895 Deus
1368 1863 1502 1895 similem
1516 1873 1635 1904 semper
1647 1865 1689 1895 ad

226 1915 361 1948 similem
374 1915 459 1956 agit,
472 1919 505 1948 et
519 1920 630 1949 notum
641 1917 740 1957 fucit.
785 1917 838 1948 An
854 1928 917 1949 non
933 1918 1000 1949 haec
1017 1917 1084 1959 ipse
1101 1917 1269 1958 aliquando
1285 1916 1448 1959 reperisti?
1473 1917 1533 1950 Lv.
1556 1917 1689 1958 Reperi-

227 1970 282 2002 So.
305 1969 448 2002 Fortasse
468 1975 501 2002 et
525 1971 701 2013 sapientum
727 1971 842 2013 scripta
870 1971 983 2014 legisti,
1009 1972 1042 2002 in
1069 1972 1181 2013 quibus
1203 1972 1313 2003 eadem
1329 1971 1395 2002 haec
1412 1971 1576 2012 affirmant,
1591 1970 1692 2002 simile

226 2022 318 2054 simili
340 2024 515 2055 necessario
538 2035 660 2066 semper
686 2026 820 2057 amicum
847 2035 926 2058 esse.
949 2030 1043 2068 atque
1058 2026 1126 2057 haec
1142 2029 1190 2056 est
1205 2036 1309 2056 eorum
1326 2024 1493 2065 sententia,
1508 2024 1562 2066 qui
1578 2025 1618 2055 de
1633 2034 1688 2056 na-

226 2081 295 2108 tura
321 2082 354 2109 et
377 2078 519 2109 universo
543 2083 724 2111 tractarunt.
769 2079 832 2111 Lv.
869 2079 953 2111 Vera
969 2080 1060 2111 dicis.
1106 2079 1162 2112 So.
1185 2079 1340 2120 Nunquid
1356 2079 1436 2110 bene
1450 2078 1581 2109 dicunt?
1626 2077 1690 2109 ΙΝ.

226 2129 330 2163 Forte.
375 2131 429 2162 So.
455 2131 546 2163 Forte
560 2132 595 2163 id
609 2143 647 2164 ex
663 2138 749 2174 parte
766 2144 871 2164 verum
894 2138 953 2170 est,
969 2133 1047 2165 forte
1065 2133 1159 2164 etiam
1175 2143 1212 2164 ex
1229 2138 1296 2163 toto
1310 2144 1316 2163 :
1341 2133 1395 2164 sed
1412 2142 1469 2163 nos
1484 2132 1624 2162 nondum
1639 2131 1688 2162 in·

227 2183 405 2226 telligimus.
427 2186 550 2217 videtur
574 2186 657 2217 enim
673 2187 762 2218 nobis
778 2198 889 2228 pravus
905 2198 1012 2230 pravo,
1033 2197 1096 2229 quo
1122 2187 1248 2228 propius
1272 2187 1420 2227 adhaeret,
1443 2191 1475 2216 et
1495 2185 1688 2226 frequentius

226 2247 298 2269 cum
312 2248 351 2270 eo
364 2243 513 2282 versatur,
528 2250 566 2271 eo
581 2240 679 2282 magis
694 2240 839 2272 inimicus
855 2241 931 2274 fieri.
956 2251 1028 2271 nam
1050 2241 1194 2282 injuriam
1219 2239 1322 2271 infert.
1347 2239 1413 2269 fieri
1429 2249 1500 2269 vero
1516 2239 1636 2280 nequit,
1652 2243 1688 2269 ut

227 2290 282 2332 qui
294 2291 400 2329 infert,
415 2297 448 2323 et
461 2293 515 2334 qui
531 2294 649 2336 accipit
669 2294 826 2336 injuriam,
850 2295 942 2326 amici
958 2295 1029 2326 siut.
1047 2305 1152 2326 nonne
1168 2294 1233 2326 ita?
1279 2293 1341 2324 Lv.
1375 2293 1427 2324 Sic
1454 2302 1586 2333 prorsus.
1631 2292 1688 2325 So.

226 2342 298 2376 an
312 2344 431 2386 ratione
446 2347 550 2378 media
571 2358 640 2389 pars
661 2347 747 2379 illius
770 2348 935 2380 sententiae
960 2348 1038 2379 falsa
1057 2348 1126 2385 erit,
1154 2347 1180 2378 si
1203 2347 1329 2389 quidem
1356 2347 1442 2388 pravi
1467 2345 1582 2377 similes
1603 2350 1688 2378 sunt.

226 2396 290 2430 Lv.
313 2397 417 2430 Certe.
461 2399 517 2432 So.
542 2401 659 2433 Verum
675 2402 751 2432 mihi
764 2402 910 2433 videntur
925 2403 1024 2433 bonos
1040 2402 1144 2433 dicere
1167 2401 1283 2432 similes
1305 2411 1372 2432 esse
1393 2401 1537 2435 invicem.
1560 2404 1593 2431 et
1613 2399 1690 2430 ami·

228 2460 304 2482 eos:
325 2451 488 2494 ‚improbos
510 2460 627 2497 autem,
648 2460 683 2486 ut
696 2466 780 2497 saepe
797 2456 837 2487 de
853 2456 913 2487 illis
928 2456 1054 2492 dicitur,
1070 2465 1231 2496 nunquam
1247 2454 1296 2485 vel
1312 2454 1370 2492 sibi
1385 2454 1473 2495 ipsis,
1489 2453 1536 2484 vel
1553 2453 1688 2484 invicem

228 2503 344 2535 similes
358 2516 438 2547 esse,
452 2508 506 2538 sed
524 2509 718 2549 perturbatos
743 2509 867 2550 penitus
890 2513 923 2540 et
944 2509 1116 2540 instabiles.
1139 2508 1194 2550 qui
1218 2518 1290 2539 vero
1314 2518 1419 2539 secum
1444 2508 1512 2548 ipse
1534 2507 1692 2548 dissentit,

227 2556 317 2588 nullo
334 2559 427 2590 modo
443 2571 514 2592 cum
529 2561 591 2592 alio
608 2563 797 2599 consentiet,
812 2573 871 2594 nec
887 2562 944 2594 ulli
959 2563 1077 2594 amicus
1092 2573 1159 2594 esse
1174 2562 1300 2604 poterit.
1315 2571 1419 2592 nonne
1436 2568 1468 2591 tu
1485 2560 1566 2591 idem
1583 2559 1689 2591 existi-

227 2610 317 2641 mas?
354 2610 417 2644 Lv.
441 2612 599 2647 Profecto.
645 2616 701 2647 So.
724 2616 764 2647 Id
789 2626 876 2658 ergO,
901 2621 937 2647 ut
962 2627 1032 2647 mea
1054 2616 1114 2647 fert
1133 2615 1255 2657 opinio,
1270 2615 1458 2655 significant,
1474 2624 1492 2643 ο
1508 2613 1618 2650 amice,
1635 2613 1690 2653 qui

229 2663 329 2695 simile
344 2664 438 2696 simili
453 2666 584 2698 amicum
600 2678 668 2700 esse
683 2670 806 2709 dicunt,
821 2670 907 2712 quod
922 2670 1006 2701 solus
1022 2670 1122 2701 bonus
1144 2669 1203 2700 soli
1225 2670 1309 2700 bono
1324 2667 1453 2708 amicus,
1468 2667 1567 2698 malus
1582 2672 1687 2698 autem

227 2727 287 2748 nec
302 2717 387 2748 bono
399 2729 459 2750 nec
474 2720 556 2751 malo
573 2731 708 2763 unquam
722 2733 826 2754 revera
841 2723 959 2754 amicus
974 2723 1117 2754 efficitur.
1131 2722 1311 2754 consentis?
1342 2722 1403 2752 Lv.
1427 2721 1598 2751 Assentior.
1632 2721 1686 2751 So.

229 2769 391 2802 Habemus
401 2771 482 2813 jam,
496 2773 550 2815 qui
566 2774 627 2804 sint
641 2775 742 2807 amici.
759 2786 831 2807 narn
851 2776 928 2807 ratio
941 2777 1052 2818 dictat,
1068 2787 1134 2816 eos,
1149 2775 1202 2817 qui
1216 2775 1290 2806 boni
1305 2780 1388 2815 sunt,
1401 2775 1517 2805 amicos
1532 2774 1688 2804 exsistere.

230 2823 293 2854 Lv.
320 2823 466 2858 Constat.
510 2827 566 2859 So.
590 2827 678 2859 Idem
701 2839 759 2871 ego
775 2829 915 2860 arbitror.
941 2831 995 2861 scd
1022 2829 1103 2860 inest
1131 2829 1250 2870 aliquid
1275 2829 1360 2870 quod
1387 2838 1436 2859 me
1462 2827 1629 2868 perturbat.
1655 2831 1688 2856 et

236 2877 321 2916 vide,
337 2888 456 2922 quaeso,
471 2880 546 2923 quid
568 2881 718 2924 suspicor,
763 2882 878 2917 Similis
893 2883 984 2915 simili
1006 2893 1069 2927 qua
1090 2883 1210 2915 ratione
1224 2882 1341 2920 similis,
1358 2881 1487 2922 amicus,
1501 2886 1533 2911 et
1550 2879 1618 2912 talis
1634 2879 1689 2912 tali
