1832 3256
216 242 267 279 52
814 237 1081 276 PLATONIS
1588 240 1682 293 [331

219 344 277 375 bus
292 342 402 375 oculus
417 352 480 373 non
496 346 545 373 est
560 341 685 372 auribus
700 339 819 377 similis,
832 350 935 382 neque
951 340 1073 372 illorum
1090 339 1232 381 potentia
1245 340 1357 372 eadem
1372 353 1380 371 :
1405 350 1509 384 neque
1525 342 1588 374 alia
1603 353 1690 385 quw-

216 397 295 428 libet
314 407 397 439 pars,
424 396 564 437 alterius,
589 400 645 426 aut
667 394 821 437 potentia,
847 400 902 425 aut
929 394 992 425 alio
1022 404 1182 436 quoquam
1206 399 1254 426 est
1280 394 1399 428 similis.
1454 396 1546 428 Itane
1568 397 1693 431 virtutis

217 455 321 494 partes
337 462 371 482 se
384 450 513 487 habent,
528 454 564 481 ut
578 459 681 490 neque
699 448 760 479 alia
776 447 904 478 aliarum
929 447 970 477 sit
991 447 1111 488 similis,
1134 457 1238 489 neque
1260 447 1358 486 idem,
1385 460 1489 492 neque
1514 452 1625 483 eadem
1650 451 1692 483 sit

217 505 386 547 potentia?
411 514 451 534 an
466 503 546 534 sorte
561 503 605 533 ita
620 513 687 533 esse
702 501 849 533 constat?
873 499 1028 542 siquidem
1049 505 1168 532 naturae
1185 502 1333 533 virtutum
1355 504 1514 545 exemplar
1534 507 1619 547 quod
1642 506 1692 537 in-

219 558 377 596 duximus,
393 558 548 599 congruit.
595 557 704 588 Pno'r.
729 556 782 587 Sic
797 559 881 586 certe
897 559 955 590 est,
985 554 1140 587 Socrates,
1187 555 1242 587 So.
1266 555 1342 587 Non
1366 562 1416 588 est
1435 558 1529 599 igitur
1546 570 1618 601 pars
1633 560 1693 591 vir-

217 613 294 644 tutis
309 612 370 643 alia
387 613 455 644 talis
471 612 573 654 qualis
589 610 730 647 scientia,
747 620 850 652 neque
865 609 966 650 qualis
987 607 1126 650 justitia,
1142 609 1192 640 vel
1216 609 1386 654 fortitudo,
1398 611 1451 643 vel
1471 613 1692 654 temperantia,

217 667 267 698 vel
284 667 444 698 sanctitas.
491 666 602 697 Pao'r.
626 665 701 696 Non
718 669 813 695 certe.
859 663 912 696 So.
935 662 1005 704 Age
1022 663 1256 695 consideremus
1270 657 1347 703 una,
1362 666 1454 707 quale
1469 667 1544 708 quid
1562 667 1691 699 istorum
1717 698 1721 703 ,

218 721 353 763 quodvis
372 720 499 752 existit:
523 719 655 760 primum
677 717 805 760 quidem
822 716 889 748 sic:
912 717 1044 750 Justitia
1069 727 1117 748 res
1133 719 1278 760 quaedam
1302 724 1363 762 est,
1388 730 1429 751 an
1454 721 1562 752 nulla?
1606 721 1692 753 Mihi

218 776 347 819 quidem
368 785 416 806 res
438 775 582 816 quaedam
606 783 674 804 esse
698 772 832 802 videtur.
856 771 914 802 tibi
935 771 1034 802 vero?
1079 771 1191 804 Pnor.
1214 771 1256 803 Et
1285 773 1368 804 mihi.
1414 773 1468 807 So.
1491 774 1579 812 Quid
1593 775 1692 806 vero?

218 830 246 862 si
261 830 331 872 quis
347 840 364 859 a
380 839 429 859 me
443 833 476 859 et
493 833 523 859 te
539 826 727 861 sciscitetur,
744 824 773 855 O
789 824 960 866 Protagora
977 829 1073 866 atque
1097 825 1254 866 Socrates,
1280 827 1376 858 dicite
1399 838 1519 870 quaeso,
1543 839 1618 860 num
1644 839 1692 861 res

217 883 290 920 ista,
306 882 401 925 quani
414 882 510 912 modo
533 880 690 922 justitiam
706 878 933 918 nominabatis,
948 889 988 910 eo
1015 878 1084 920 ipso
1100 889 1163 920 quo
1179 885 1227 911 est
1247 880 1386 922 justitia,
1409 887 1458 913 est
1478 887 1511 913 et
1527 882 1627 924 justa,
1650 893 1691 914 an

218 937 336 979 injusta
349 937 360 967 ?
406 935 476 976 Ego
491 934 619 976 quidem
631 932 750 974 justam
766 942 834 963 esse
859 931 976 963 dicam.
1000 937 1034 963 tu
1050 943 1123 964 vero
1145 944 1208 965 una
1223 945 1344 966 mecum
1360 936 1500 968 senties?
1523 947 1564 968 an
1579 937 1692 968 aliter?

220 992 330 1023 Paor.
351 990 471 1021 Tecum
488 988 594 1030 plane.
639 988 695 1019 So.
718 986 788 1028 Ego
804 986 899 1028 igitur
914 986 1120 1028 interroganti
1136 989 1368 1030 responderem,
1392 990 1485 1022 talem
1511 1001 1579 1022 esse
1599 990 1694 1033 justi-

220 1045 306 1080 tiam,
322 1043 415 1085 quale
431 1047 463 1073 et
473 1041 606 1083 justum.
641 1046 675 1071 tu
691 1040 789 1072 vero?
835 1039 945 1072 Pnor.
967 1039 1037 1082 Ego
1063 1051 1203 1083 quoque.
1248 1043 1307 1074 So.
1331 1043 1364 1074 Si
1391 1049 1543 1086 quaereret
1567 1044 1695 1086 iterum,

217 1098 373 1140 numquid
386 1103 420 1129 et
440 1096 637 1128 sanctitatem
660 1095 797 1137 aliquam
821 1105 889 1126 esse
914 1095 1070 1132 dicamus,
1096 1096 1344 1129 consentiremus
1367 1099 1488 1141 utique,
1513 1104 1550 1130 ut
1571 1099 1696 1142 opinor.

221 1154 332 1186 Pnor.
355 1151 620 1184 Consentiremus.
664 1150 722 1182 So.
744 1149 796 1181 An
813 1159 877 1181 non
893 1155 926 1182 et
941 1150 1023 1183 hanc
1039 1162 1102 1182 rem
1119 1150 1254 1194 aliquam
1271 1163 1338 1184 esse
1353 1153 1470 1190 dicitis,
1483 1158 1606 1196 rogaret
1626 1152 1694 1191 ine,

220 1218 279 1239 nos
305 1211 409 1238 autern
435 1204 680 1236 assentiremur?
728 1204 840 1237 Pno‘r.
865 1204 908 1237 Et
934 1206 1006 1239 hoc.
1051 1206 1108 1240 So,
1131 1206 1218 1238 Num
1242 1207 1288 1239 rei
1316 1207 1406 1239 istius
1435 1212 1575 1240 naturam
1598 1207 1694 1240 talem

221 1261 352 1305 putatis,
368 1266 404 1292 ut
418 1265 527 1292 sancta
542 1259 594 1299 sit,
615 1269 655 1290 an
671 1263 707 1290 ut
722 1259 877 1301 profana?
922 1259 1203 1302 Interrogationem
1220 1261 1301 1293 hanc
1315 1272 1396 1303 aegre
1410 1262 1532 1300 ferrem,
1548 1263 1587 1293 ad
1603 1273 1693 1294 eum-

223 1326 285 1358 que
301 1326 467 1347 conversus
485 1314 665 1356 objicerem,
691 1314 785 1346 Bona
805 1315 911 1355 verba,
934 1325 1053 1356 quaeso.
1098 1314 1272 1357 Nunquam
1296 1327 1388 1359 porro
1410 1323 1554 1351 sanctum
1574 1317 1695 1358 aliquid

223 1377 317 1407 essct,
333 1368 394 1400 nisi
409 1374 442 1400 et
456 1374 563 1400 sancta
578 1368 646 1410 ipsa
661 1369 809 1400 sanctitas
825 1373 917 1401 esset.
954 1369 1030 1410 quid
1047 1373 1079 1400 et
1094 1374 1127 1399 tu
1141 1369 1153 1400 ἓ
1177 1380 1216 1400 an
1231 1380 1295 1400 non
1313 1370 1453 1402 similiter
1467 1371 1669 1412 responderes
1683 1370 1695 1402 ἓ

223 1423 336 1457 Ριιοτ.
360 1424 518 1455 Similiter.
564 1424 620 1454 So.
643 1423 677 1454 Si
692 1423 741 1454 his
756 1423 920 1465 adjiceret,
933 1422 986 1454 An
1006 1433 1076 1466 quae
1095 1434 1187 1466 supra
1202 1424 1336 1461 dixistis,
1352 1429 1434 1455 recte
1449 1424 1558 1467 accepi
1572 1425 1583 1456 ?
1607 1424 1696 1456 vide-

223 1479 343 1510 bamini
358 1478 436 1509 mihi
451 1478 545 1520 paulo
562 1483 634 1509 ante
657 1489 804 1515 asserere,
831 1478 875 1510 ita
895 1489 928 1510 se
945 1478 1078 1511 invicem
1096 1484 1199 1521 partes
1214 1478 1338 1511 virtutis
1357 1480 1484 1517 habere,
1513 1483 1549 1510 ut
1565 1490 1630 1510 non
1656 1479 1698 1510 sit

225 1533 290 1565 alia
315 1544 385 1575 pars
411 1533 512 1575 qualis
539 1538 587 1577 est
607 1532 679 1564 alia.
702 1532 848 1565 inferrem
870 1533 1016 1575 equidem
1044 1534 1084 1565 ad
1109 1534 1188 1572 haec,
1213 1534 1298 1576 quod
1324 1533 1387 1564 alia
1411 1538 1495 1568 recte
1513 1532 1697 1575 acceperit:

225 1588 312 1630 quod
333 1598 406 1619 vero
429 1598 477 1619 me
498 1587 531 1618 in
559 1598 597 1618 eo
620 1587 816 1619 consensisse
838 1588 968 1629 putarit,
992 1598 1056 1619 non
1080 1593 1176 1620 recte.
1202 1587 1300 1630 [331]
1324 1587 1408 1619 Nam
1431 1588 1616 1630 Protagoras
1639 1587 1698 1619 iste

225 1642 294 1673 haec
310 1642 471 1683 respondit
485 1653 492 1672 ε
517 1652 576 1683 ego
592 1646 696 1673 autem
712 1641 859 1683 quaesivi.
908 1641 993 1684 Ergo
1008 1641 1141 1680 sidicat,
1160 1641 1189 1673 Ο
1207 1641 1388 1683 Protagora,
1404 1652 1475 1674 vere
1488 1641 1626 1684 loquitur
1639 1642 1698 1674 So·

226 1702 348 1728 crates:
371 1697 440 1738 ipse
455 1707 488 1727 es
504 1696 558 1738 qui
575 1696 633 1734 ais,
650 1697 770 1728 virtutis
786 1701 905 1738 partem
921 1697 1012 1728 aliam
1029 1708 1094 1728 non
1109 1707 1178 1729 esse
1202 1697 1312 1739 talem,
1335 1696 1437 1739 qualis
1452 1701 1500 1728 est
1512 1696 1575 1728 alia
1589 1706 1599 1728 :
1623 1701 1697 1727 tuus

227 1750 280 1782 hic
296 1761 395 1782 sermo
411 1756 468 1783 est.
492 1751 568 1793 quid
586 1750 630 1781 illi
647 1755 679 1781 tu
697 1751 927 1792 respondebis?
973 1751 1084 1784 Pnor.
1107 1751 1249 1783 Necesse
1265 1756 1323 1788 est,
1339 1763 1357 1783 o
1374 1752 1528 1789 Socrates,
1544 1749 1697 1783 assentiri.

229 1804 286 1838 So.
310 1805 370 1836 His
391 1805 559 1842 concessis,
586 1806 663 1847 quid
688 1805 737 1836 illi
765 1806 960 1847 potissimum
988 1806 1259 1848 respondebimus,
1287 1806 1315 1837 si
1345 1806 1425 1837 ultra
1453 1806 1498 1838 sic
1521 1804 1697 1847 objecerit?

227 1859 305 1891 Non
322 1870 396 1901 ergo
412 1860 481 1890 talis
497 1865 544 1891 est
560 1861 722 1901 sanctitas,
751 1865 785 1891 ut
799 1871 846 1892 res
857 1860 945 1902 justa
959 1861 1020 1892 sit:
1046 1871 1150 1903 neque
1171 1860 1296 1902 justitia
1321 1859 1403 1897 talis,
1429 1864 1465 1890 ιιι
1487 1863 1618 1890 sancta:
1642 1858 1698 1890 sed

227 1914 282 1946 illa
297 1914 379 1952 talis,
396 1920 432 1945 ut
446 1925 511 1946 non
520 1914 617 1956 justa,
634 1915 713 1953 haec,
730 1920 766 1946 ut
779 1926 844 1947 non
859 1921 979 1948 sancta.
1001 1915 1118 1958 injusta
1133 1916 1239 1958 itaque
1254 1915 1320 1953 illa,
1331 1915 1399 1946 haec
1415 1913 1557 1956 profana.
1608 1912 1695 1950 Quid

227 1970 268 2000 ad
285 1969 366 2009 haec,
379 1969 505 2011 inquam
521 1969 532 1999 ἓ
555 1970 700 2011 equidem
718 1981 787 2002 mea
798 1981 836 2002 ex
853 1971 1009 2002 sententia
1020 1972 1121 2002 dicam
1135 1969 1291 2012 justitiam
1305 1981 1373 2002 esse
1387 1974 1539 2004 sanctam,
1560 1966 1697 2009 justam-

228 2034 290 2065 que
305 2024 419 2054 iterum
435 2023 645 2055 sanctitatem.
678 2024 808 2056 arbitror
822 2035 948 2066 quoque
966 2025 1184 2066 permissurum
1198 2029 1244 2064 te,
1264 2030 1301 2055 ut
1324 2029 1379 2055 tua
1393 2023 1461 2054 vice
1477 2023 1545 2053 haec
1567 2022 1636 2063 ipsa
1650 2031 1697 2053 re-

228 2078 416 2119 spondeam,
443 2078 527 2118 quod
547 2077 693 2109 videlicet
716 2083 771 2109 aut
785 2078 869 2110 idem
885 2083 932 2111 est
950 2078 1071 2120 justitia
1099 2079 1184 2121 quod
1209 2084 1258 2110 est
1281 2078 1442 2114 sauctitas,
1465 2081 1522 2108 aut
1539 2076 1607 2108 lues:
1631 2075 1696 2106 duo

229 2129 364 2162 invicem
381 2142 474 2174 quam
493 2131 648 2163 simillima
663 2144 670 2163 ε
696 2138 731 2163 ιιι
746 2134 879 2165 maxime
895 2133 1034 2165 omnium
1050 2133 1121 2164 talis
1143 2132 1268 2175 justitia
1282 2133 1335 2170 sit,
1357 2131 1458 2174 qualis
1473 2136 1521 2164 est
1534 2130 1699 2172 sanctitas,

228 2190 262 2216 et
277 2185 379 2226 qualis
394 2185 555 2226 sanctitas,
571 2186 641 2217 talis
657 2187 700 2217 sit
715 2192 748 2217 et
771 2186 907 2229 justitia.
952 2187 1051 2224 Vide,
1068 2192 1170 2218 utrum
1187 2197 1237 2218 me
1259 2186 1304 2218 ita
1319 2186 1508 2228 respondere
1521 2184 1699 2227 prohibeas,

228 2249 269 2270 an
291 2239 336 2270 ita
359 2239 498 2270 sentias?
545 2240 654 2271 Pnor.
678 2241 774 2272 Haud
801 2242 844 2273 ita
870 2241 1001 2282 simplex
1016 2242 1099 2273 istud
1115 2242 1192 2273 mihi
1207 2242 1341 2282 videtur,
1366 2251 1385 2272 o
1401 2241 1558 2280 Socrates,
1571 2244 1607 2270 ut
1621 2248 1696 2272 con-

229 2293 300 2325 cedi
315 2293 426 2333 possit,
443 2294 637 2325 sanctitatem
653 2306 721 2326 esse
731 2295 863 2337 justam,
889 2301 1069 2327 sanctamve
1090 2295 1256 2338 justitiam.
1291 2305 1396 2326 verum
1420 2293 1597 2326 differentia
1611 2303 1700 2335 quae·

229 2348 302 2378 dam
319 2348 420 2378 inesse
436 2347 511 2377 milri
527 2349 662 2381 videtur.
708 2349 770 2380 Sed
787 2350 862 2391 quid
881 2350 1007 2381 tandem
1036 2351 1067 2381 id
1090 2349 1206 2381 refert?
1228 2350 1253 2380 si
1270 2349 1328 2386 vis,
1354 2353 1422 2379 esto
1445 2348 1534 2379 nobis
1550 2346 1699 2379 sanctitas

226 2401 326 2443 justa,
341 2407 512 2442 sanctaque
535 2401 670 2442 justitia.
716 2403 771 2435 So.
796 2403 891 2435 Haud
908 2405 976 2436 haec
997 2404 1144 2445 admitto,
1170 2404 1352 2445 Protagora,
1366 2412 1470 2445 neque
1484 2401 1642 2442 desidero,
1664 2405 1701 2432 ut

231 2455 309 2486 mihi
324 2453 448 2486 dicatur
465 2455 561 2492 istud,
574 2455 599 2486 si
613 2455 673 2492 vis,
688 2461 720 2487 et
731 2457 755 2487 si
774 2458 829 2488 tibi
847 2458 973 2499 placet:
998 2458 1052 2489 sed
1069 2463 1102 2490 et
1118 2469 1178 2495 me,
1201 2462 1233 2489 et
1248 2462 1279 2489 te
1295 2457 1417 2489 dicatur
1431 2455 1565 2498 requiro.
1610 2454 1698 2487 Dico

231 2513 335 2540 autem
353 2513 385 2539 et
401 2519 449 2540 me
465 2515 497 2540 et
513 2514 556 2550 te,
577 2510 758 2542 existimans
774 2517 837 2542 tum
854 2513 980 2544 demum
996 2518 1081 2545 recte
1106 2523 1278 2544 sermonem
1304 2511 1432 2552 discuti,
1459 2520 1531 2543 cum
1556 2509 1699 2542 conditio

229 2563 304 2605 ista,
317 2563 365 2604 Si,
375 2574 412 2594 ex
427 2574 465 2594 eo
482 2563 611 2596 tollitur.
655 2565 765 2597 Pnor.
789 2566 957 2598 Enimvero
974 2567 1075 2599 simile
1098 2567 1248 2609 quiddam
1273 2567 1368 2598 habet
1387 2564 1513 2607 justitia
1528 2563 1700 2596 sanctitati.

230 2627 305 2648 nam
320 2617 486 2658 quodlibet
508 2618 639 2650 cuilibet
664 2620 817 2661 quiddam
840 2622 941 2653 simile
963 2623 1072 2659 habet,
1099 2627 1211 2664 praeter
1231 2621 1297 2662 illa,
1321 2631 1392 2662 quae
1411 2619 1539 2651 omnino
1564 2619 1648 2650 inter
1666 2629 1700 2650 se

231 2671 385 2702 contraria
400 2677 484 2709 sunt,
501 2677 536 2702 ut
552 2672 656 2703 album
679 2674 815 2715 nigrum,
839 2675 933 2707 molle
960 2677 1083 2708 durum.
1128 2675 1230 2718 Atqui
1245 2681 1278 2707 et
1292 2674 1357 2711 illa,
1372 2684 1443 2716 quae
1457 2682 1551 2714 supra
1564 2671 1700 2704 diximus

233 2725 326 2757 aliam
342 2731 437 2768 atque
452 2726 544 2757 aliam
560 2727 641 2758 inter
656 2737 688 2759 se
704 2728 818 2761 habere
833 2730 1021 2772 potentiam,
1045 2740 1104 2762 nec
1127 2730 1190 2762 tale
1206 2740 1302 2761 unum
1325 2739 1408 2770 esse,
1429 2727 1523 2771 qualo
1537 2730 1585 2758 est
1598 2725 1700 2764 aliud,

232 2790 290 2812 ceu
306 2780 410 2811 vultus
424 2779 522 2822 ipsius
538 2786 653 2822 partes,
668 2782 818 2823 quiddam
835 2783 935 2815 simile
961 2783 1041 2815 inter
1059 2794 1094 2815 se
1109 2785 1239 2821 liabent,
1265 2787 1375 2824 estque
1389 2779 1622 2823 quodammodo
1637 2778 1701 2811 tale

232 2845 344 2875 unum,
369 2835 462 2876 quale
488 2839 521 2866 ct
547 2835 646 2868 aliud.
690 2837 797 2878 Atque
823 2837 882 2870 hac
908 2838 1031 2870 ratione
1059 2837 1135 2870 licet
1160 2838 1228 2869 haec
1252 2836 1387 2873 refellas,
1415 2835 1443 2866 si
1467 2833 1583 2876 placet,
1611 2833 1699 2875 quod

233 2893 349 2920 cuncta
363 2889 495 2921 invicem
507 2888 619 2920 similia
633 2889 718 2923 sint:
742 2900 807 2922 non
824 2896 929 2923 tamen
943 2901 1145 2934 quascunque
1153 2890 1253 2923 simile
1265 2889 1415 2933 quiddam
1431 2888 1560 2925 habeut,
1585 2885 1701 2918 similia

231 2944 374 2976 vocanda
385 2947 459 2976 sunt
471 2954 481 2984 ς
503 2953 606 2987 neque
620 2944 716 2977 etiam
730 2954 928 2989 quiscunque
952 2945 1104 2980 dissimile
1127 2945 1292 2989 quiddam,
1316 2942 1452 2976 invicem
1475 2939 1652 2980 dissimilia,
1673 2940 1704 2974 si
