1846 3268
193 259 296 310 293]
785 254 1085 294 P0L1T1cus.
1581 256 1657 295 387

194 372 324 399 mamus,
340 353 596 403 aliquam'harum
611 358 870 400 gubernationum
886 358 1023 390 civilium
1038 363 1153 390 rectam
1169 367 1248 395 esse,
1261 356 1374 388 finibus
1384 357 1433 389 his
1445 357 1656 390 distinctioni-

196 417 316 457 busque
331 415 581 449 determinatam,
596 413 744 444 videlicet
760 423 834 450 uno,
863 413 984 454 paucis,
1001 412 1119 455 multis,
1134 416 1331 455 paupertate,
1345 411 1476 448 divitiis,
1497 411 1660 451 violentia,

194 469 367 506 voluntate,
392 468 512 509 legibus
538 470 571 498 et
594 466 744 497 arbitrio?
789 466 844 499 So.
869 466 955 504 Quid
983 466 1152 508 prohibet?
1179 465 1305 498 .Hosr’.
1329 464 1502 497 Considera
1525 464 1660 507 diligen·

193 522 267 563 tius,
289 527 323 553 et
343 522 402 553 hac
425 531 474 551 me
498 530 637 562 sequere.
683 520 739 552 So.
779 520 876 558 Qua?
921 520 1029 551 HosP.
1065 519 1263 551 Stabimusne
1288 519 1322 550 in
1344 530 1394 557 eo,
1410 519 1496 560 quod
1515 518 1550 549 in
1573 519 1659 560 prin-

194 575 280 616 cipio
310 575 428 606 dictum
442 574 454 604 ?
498 584 538 605 an
561 584 624 604 non
638 573 648 603 ?
695 574 751 606 So.
775 573 814 605 In
851 583 987 615 quonam
1001 574 1012 604 ?
1056 573 1165 605 Hosn.
1187 573 1322 614 Regiam
1349 572 1535 615 dignitatem
1565 583 1658 604 unam

191 629 348 670 quandam
372 627 569 660 scientiarum
597 638 663 658 esse
692 627 838 658 diximus.
882 627 938 659 So.
962 626 1110 658 Diximus
1125 632 1220 660 certe.
1266 627 1374 659 HosP.
1395 626 1510 669 Neque
1530 626 1658 669 inquo-

190 681 236 712 vis
252 681 390 715 scientiae
406 691 518 722 genere
534 680 618 711 illam
635 680 818 712 locavimus.
862 678 890 709 E
904 678 1008 709 multis
1024 679 1143 720 quippe
1167 680 1346 713 facultatem
1362 680 1460 720 illam,
1478 691 1549 722 quie
1568 681 1657 722 judi-

190 739 243 766 cat
278 734 368 765 simul
399 733 617 776 praecipitque,
645 732 824 775 selegimus.
867 732 923 763 So.
946 732 1039 763 Sane.
1083 732 1191 766 Hos».
1217 733 1309 765 Hanc
1334 735 1532 775 postmodum
1556 735 1658 766 scien-

189 787 262 819 tiam
279 788 494 830 praesidentem
512 787 620 828 partim
637 787 728 817 rebus
753 784 944 822 inanimatis,
970 786 1080 826 partim
1101 785 1244 818 animatis
1268 787 1475 828 praefecimus.
1497 793 1530 818 et
1543 774 1670 819 eodem*

189 842 297 873 ordine
312 841 501 878 dividentes,
524 841 584 872 liuc
609 850 706 881 usque
730 838 949 881 processimus,
973 839 1111 870 scientiae
1135 840 1261 872 nomine
1285 841 1316 871 in
1333 839 1464 883 singulis
1478 847 1654 873 reservato:

188 905 259 937 quae
275 905 346 927 vero
363 895 556 937 potissimum
570 893 701 925 scientia
716 893 768 931 sit,
785 893 924 924 nondum
938 892 1095 925 declarare
1109 894 1280 935 potuimus.
1313 895 1369 926 So.
1393 894 1496 927 Recte
1509 894 1656 937 loqueris.

190 948 300 982 Hosn.
326 948 567 980 Advertimusne
582 948 724 990 ipsorum
742 947 1032 978 determinationem
1046 947 1350 991 descriptionemque
1365 959 1468 990 neque
1483 950 1656 980 secundum

190 991 372 1034 violentiam
387 1008 420 1034 et
434 1003 639 1042 voluntatem,
655 1011 758 1043 neque
771 1001 943 1032 secundum
958 1011 1077 1043 paucos
1093 1012 1129 1033 ac
1144 1002 1269 1039 multos,
1284 1013 1386 1045 neque
1402 1013 1458 1044 per
1472 1003 1657 1044 inopiamet

190 1057 384 1098 opulentiam
400 1056 467 1088 fieri
483 1061 638 1098 oportere,
654 1056 708 1087 sed
725 1066 781 1097 per
796 1055 959 1087 scientiam
971 1056 1141 1096 quandam,
1156 1056 1183 1087 si
1198 1057 1355 1098 superiora
1369 1057 1556 1098 sequamur?
1600 1056 1656 1088 so.

188 1109 328 1142 Necesse
342 1117 401 1148 est,
417 1115 452 1141 ut
468 1111 497 1142 id
515 1110 580 1142 fiat.
626 1110 733 1143 How.
757 1109 944 1141 Necessario
963 1109 1057 1151 igitur
1067 1110 1126 1142 lioc
1137 1120 1221 1142 nunc
1234 1110 1276 1141 ita
1287 1110 1481 1142 considerare
1493 1111 1656 1148 debemus,

187 1164 219 1195 in
236 1175 371 1206 quonam
387 1165 496 1196 horum
512 1164 642 1196 scientia
651 1164 728 1195 insit
740 1163 948 1205 imperatoriae
959 1164 1129 1202 facultatis,
1140 1175 1210 1207 quae
1221 1164 1316 1196 ferme
1328 1169 1508 1206 comparatu
1523 1165 1656 1196 maxima

187 1224 236 1251 est
251 1219 388 1250 omnium
403 1224 497 1261 atque
513 1218 705 1250 difficillima.
722 1218 876 1260 inspicere
892 1228 1027 1260 namque
1042 1218 1128 1249 illam
1144 1222 1282 1260 oportet,
1297 1223 1331 1250 ut
1343 1218 1513 1256 videamus,
1526 1219 1654 1261 quinam

183 1283 204 1304 a
220 1273 363 1315 sapiente
377 1283 449 1315 rege
465 1274 647 1316 segregandi
663 1273 735 1310 sint,
747 1273 805 1314 'qui
822 1273 880 1303 sibi
897 1272 1018 1303 civilem
1037 1272 1182 1315 peritiam
1206 1273 1387 1315 vendicant,
1402 1272 1497 1314 idque
1515 1273 1656 1315 plurimis

187 1328 387 1368 persuadent,
403 1338 472 1359 curn
490 1328 528 1358 ab
550 1328 618 1369 ipsa
642 1327 750 1368 procul
767 1327 935 1357 admodum
963 1326 1076 1358 absint.
1122 1326 1255 1361 So.,Sic
1283 1337 1404 1368 prorsus
1426 1326 1596 1368 agendum,
1620 1332 1656 1358 ut

185 1381 263 1412 ratio
288 1381 437 1422 superior,
451 1381 584 1413 monuit.
631 1381 739 1412 Hosr.
762 1380 917 1422 Nunquid
947 1380 1117 1411 multitudo
1145 1380 1268 1412 videtur
1290 1380 1347 1411 tibi
1363 1380 1394 1410 in
1410 1380 1537 1412 civitate
1561 1379 1654 1421 hujus

184 1435 322 1467 scientia
347 1435 500 1476 compos?
546 1434 602 1466 So.
626 1435 775 1472 Quonam
801 1438 894 1475 pacto
908 1434 918 1464 ἓ
965 1433 1074 1465 ΗοεΡ.
1098 1433 1149 1464 An
1173 1434 1204 1464 in
1231 1434 1314 1466 mille
1340 1434 1501 1464 hominurn
1527 1434 1654 1467 civitate

183 1489 250 1520 fieri
275 1481 403 1531 potest(
417 1493 451 1519 ut
474 1493 600 1520 centum
627 1489 676 1519 vel
705 1487 934 1530 quinquaginta
950 1488 1005 1519 viri
1024 1488 1211 1520 sufficienter
1227 1499 1295 1519 eam
1313 1488 1552 1530 adipiscantur?
1596 1488 1652 1520 So.

182 1542 344 1575 Facillime
359 1541 496 1574 omnium
512 1542 622 1573 artium
638 1543 706 1572 haec
719 1547 813 1573 esset.
827 1542 942 1572 scimus
954 1541 1051 1578 enim,
1063 1542 1095 1572 in
1108 1542 1193 1573 mille
1205 1542 1367 1573 hominum
1379 1552 1507 1572 numero
1519 1541 1651 1575 totidem

183 1596 278 1634 viros,
289 1596 343 1638 qui
355 1596 485 1627 talorum
496 1595 571 1627 ludo
582 1600 701 1626 ceteros
713 1594 841 1626 Graecos
853 1599 1052 1636 exsuperent,
1065 1605 1261 1637 nequaquam
1271 1594 1409 1637 reperiri,
1422 1595 1537 1626 nedum
1553 1605 1652 1637 reges,

184 1650 319 1693 Oportet
334 1650 443 1692 utique
458 1649 557 1680 virum
571 1648 675 1690 illurn,
699 1648 880 1690 quicunque
895 1648 980 1688 regia
1004 1647 1115 1689 peritia
1136 1648 1307 1680 instructus
1331 1653 1390 1689 est,
1407 1658 1511 1690 regem
1528 1659 1651 1686 vocare,

183 1705 248 1735 sive
274 1703 452 1735 dominetur
469 1702 533 1733 sive
549 1702 687 1744 privatus
703 1702 809 1743 degat,
824 1707 859 1732 ut
884 1701 981 1744 [293]
1005 1702 1083 1733 ratio
1097 1702 1235 1743 superior
1249 1701 1369 1735 statuit.
1414 1701 1522 1735 Hosv.
1547 1703 1652 1745 Opor-

183 1762 260 1788 tune
274 1756 475 1788 admonuisti.
499 1756 627 1786 arbitror
643 1759 762 1791 autem,
787 1755 959 1787 secundum
976 1765 1148 1787 sermonem
1170 1755 1335 1787 inductum
1363 1761 1477 1788 rectam
1498 1756 1653 1798 guberna-.

183 1812 314 1849 tionem,
329 1811 356 1842 si
371 1810 498 1852 quando
514 1814 598 1841 recta
612 1809 663 1846 sit,
680 1809 762 1841 circa
779 1820 876 1840 unum
893 1809 941 1840 vel
958 1809 1038 1841 duos
1054 1810 1100 1841 vel
1118 1821 1236 1851 paucos
1250 1821 1316 1841 esse
1338 1810 1549 1852 quaerendam.
1595 1811 1654 1844 So.

183 1864 331 1903 Quidni?
375 1864 483 1896 Hosr.
507 1864 689 1895 Existimare
717 1864 773 1894 hos
796 1867 921 1904 oportet
939 1863 1047 1895 civiles
1073 1874 1109 1895 ac
1134 1864 1234 1906 regios
1256 1864 1410 1901 homines,
1435 1864 1460 1895 si
1477 1865 1570 1896 modo
1586 1870 1651 1897 arte

182 1919 317 1961 quadam
333 1919 497 1960 imperent,
513 1918 577 1949 sive
594 1917 769 1949 volentibus
786 1927 840 1948 seu
856 1917 1038 1948 nolentibus
1053 1917 1264 1955 dominentur,
1277 1918 1342 1949 sive
1351 1918 1522 1949 secundum
1535 1918 1652 1960 scripta

184 1984 238 2005 seu
254 1973 371 2014 absque
387 1972 522 2014 scriptis,
537 1971 688 2007 institutis
704 1976 737 2003 et
751 1972 886 2013 legibus,
913 1972 963 2002 vel
987 1971 1079 2003 etiarn
1105 1982 1258 2014 pauperes
1285 1972 1349 2002 sint
1366 1971 1414 2003 vel
1430 1972 1553 2004 divites.
1577 1983 1649 2004 nam

181 2032 214 2059 et
229 2027 368 2058 medicos
383 2025 585 2057 nihilominus
601 2025 809 2067 appellandos
824 2025 982 2067 duximus,
996 2026 1061 2056 sive
1077 2026 1182 2058 invitis
1206 2037 1259 2057 seu
1277 2026 1452 2058 volentibus
1467 2027 1652 2059 medeantur

179 2081 317 2114 secando
333 2080 382 2112 vel
409 2080 527 2111 urendo
544 2080 593 2112 vel
610 2080 700 2111 aliter
716 2080 897 2122 affligendo,
913 2080 977 2111 sive
1002 2091 1039 2111 ex
1055 2080 1177 2122 scriptis
1193 2085 1303 2112 curent
1316 2080 1380 2111 sive
1403 2090 1479 2122 non,
1493 2080 1556 2112 sive
1571 2092 1650 2123 pau-

180 2145 269 2177 peres
296 2134 359 2166 sint
385 2145 439 2166 seu
464 2134 577 2165 divites
592 2146 599 2165 :
623 2139 779 2176 quatenus
803 2139 868 2165 arte
894 2134 1030 2182 quadarn
1058 2135 1265 2166 curandorum
1292 2144 1453 2175 corporum
1469 2134 1651 2176 praesident,

179 2189 343 2230 purgando
357 2187 406 2219 vel
431 2188 519 2218 aliter
540 2189 739 2219 extenuando
763 2188 813 2220 vel
836 2188 987 2230 replendo
1010 2193 1042 2218 et
1065 2189 1222 2230 augendo.
1270 2189 1377 2229 AEque
1398 2187 1481 2219 enirn
1510 2189 1649 2220 medicos

179 2242 385 2279 nominamus,
402 2241 573 2272 dummodo
590 2242 642 2283 qui
660 2246 781 2280 curant,
797 2243 836 2274 ad
853 2243 968 2273 bonum
987 2242 1124 2284 corporis
1147 2242 1361 2284 respicientes,
1378 2253 1415 2273 ex
1432 2242 1577 2273 deteriori
1592 2243 1648 2274 lia-

177 2295 321 2327 bitudine
347 2296 380 2326 iu
397 2295 556 2327 meliorem
579 2296 745 2328 restituant
767 2301 868 2338 atqua
886 2301 1020 2329 servent.
1044 2298 1103 2328 hoc
1130 2297 1225 2327 modo
1249 2297 1424 2333 dumtaxat,
1449 2301 1483 2327 ut
1506 2296 1647 2334 arbitror,

177 2356 292 2382 rectam
308 2361 376 2382 esse
401 2350 542 2382 dicemus
557 2349 722 2382 medicinas
746 2351 794 2382 vel
812 2350 950 2392 cujusvis
972 2351 1167 2393 principatus
1189 2351 1316 2382 alterius
1339 2350 1568 2388 definitionem,
1585 2350 1647 2382 alio

177 2415 249 2435 vero
264 2414 474 2446 nequaquam.
519 2404 573 2436 So.
597 2404 647 2435 Ita
663 2415 786 2446 prorsus
802 2405 1055 2438 existimandum.
1105 2404 1215 2437 Hosr.
1239 2404 1379 2436 Necesse
1393 2409 1440 2435 est
1457 2404 1561 2446 igitur,
1577 2415 1646 2436 eam

178 2457 310 2489 maxime
325 2468 362 2488 ac
376 2457 472 2488 solam
489 2462 603 2488 rectam
631 2458 807 2489 existimare
832 2469 894 2490 rem
919 2459 1090 2500 publicam,
1113 2458 1144 2489 in
1162 2468 1226 2500 qua
1249 2458 1303 2500 qui
1325 2457 1553 2500 magistratibus
1575 2459 1646 2490 sun·

177 2516 303 2552 guntur,
318 2521 349 2542 re
365 2521 436 2542 vera
452 2511 622 2552 gubernare
648 2514 763 2554 sciunt,
780 2513 844 2544 sive
860 2513 982 2555 legibus
998 2524 1052 2544 seu
1076 2513 1194 2554 absque
1211 2511 1332 2553 legibus
1349 2512 1559 2554 dominentur,
1581 2513 1646 2544 sive

177 2563 355 2595 volentibus
370 2564 435 2595 sive
450 2564 567 2605 invitis,
583 2565 630 2596 vel
648 2566 742 2596 etiam
758 2566 784 2596 si
800 2566 1031 2608 pauperessint
1044 2566 1090 2597 vel
1107 2565 1230 2596 divites.
1254 2565 1331 2596 nihil
1348 2565 1430 2596 enim
1447 2576 1484 2596 ex
1497 2566 1544 2597 his
1557 2566 1646 2608 quic—

177 2628 270 2660 quam
282 2617 320 2648 ad
336 2622 450 2649 rectam
467 2618 661 2658 gubernandi
677 2619 827 2651 rationem
845 2620 947 2651 refert.
980 2620 1037 2651 So.
1061 2619 1226 2651 Praeclare.
1261 2618 1368 2650 Hosx’.
1390 2619 1504 2661 Neque
1518 2620 1650 2661 insuper.

175 2671 278 2708 refert,
294 2671 360 2702 sive
375 2672 514 2702 caedibus
529 2673 826 2714 expulsionibusque
850 2674 1037 2715 quibusdam
1065 2673 1238 2704 communis
1262 2672 1361 2714 gratia
1386 2673 1460 2703 boni
1484 2673 1644 2704 civitatem

175 2729 322 2767 purgent,
339 2735 391 2755 seu
406 2724 544 2761 colonias
559 2725 716 2763 emittant,
735 2731 882 2768 tanquam
898 2737 991 2768 apum
1005 2727 1159 2763 examina,
1174 2727 1390 2768 populumque
1406 2727 1620 2758 comminuant
1634 2737 1641 2756 τ

174 2780 239 2810 sive
254 2778 381 2809 aliunde
396 2777 550 2819 homines,
565 2778 685 2810 futuros
701 2779 799 2820 cives,
823 2781 992 2818 advocent,
1011 2779 1234 2821 civitatemque
1261 2779 1464 2822 amplificent.
1488 2784 1644 2822 quatenus

174 2833 257 2863 enim
272 2831 403 2863 scientia
416 2837 448 2863 et
458 2831 583 2874 justitia
603 2833 675 2864 freti
697 2844 733 2864 ex
757 2834 903 2865 deteriori
926 2833 1085 2865 meliorem
1109 2823 1167 2876 pro
1193 2833 1307 2865 viribus
1323 2834 1482 2865 civitatem
1503 2833 1643 2864 efficiunt

175 2890 271 2927 atque
287 2891 420 2922 servant,
436 2891 565 2918 eatenus
581 2892 694 2918 rectam
711 2888 863 2929 appellari
878 2898 940 2919 rem
964 2887 1122 2929 publicam
1147 2887 1349 2925 volumus,.et
1366 2887 1397 2918 in
1413 2898 1451 2918 co
1467 2887 1535 2927 ipso
1550 2887 1641 2917 dum-

174 2944 259 2972 taxat
273 2939 486 2973 definitionem
503 2945 593 2973 rcctae
610 2941 841 2983 gubernationis
857 2942 1036 2974 consistere.
1060 2946 1263 2986 quotcunque
1277 2952 1348 2974 vero
1364 2941 1439 2972 alias
1456 2945 1555 2971 rectas
1572 2949 1639 2971 esse
