1846 3268
221 261 299 300 122
827 254 1095 296 PLA'role
1593 256 1694 309 [154

224 373 444 408 quam-unum.
465 370 539 395 nam
555 361 582 394 si
595 361 740 399 alterum,
754 370 852 393 unum
867 365 992 394 essent:
1017 360 1114 392 altera
1128 367 1202 391 vero
1217 368 1288 391 cum
1303 357 1378 398 sint,
1389 358 1581 401 pluraquam
1594 366 1695 390 unum

224 424 311 458 sunt,
326 423 360 450 et
373 417 608 450 multitudinem
624 417 753 448 habent.
787 413 920 447 Habent
944 425 1080 457 prorsus.
1114 412 1291 446 Multitudo
1306 418 1409 445 autem
1425 412 1573 455 majorem
1587 421 1698 444 nume-

223 483 305 512 rum,
330 483 425 516 quam
450 483 559 509 unum,
587 471 694 502 habet.
718 469 823 502 Certe.
847 469 935 507 Quid
952 469 1048 500 vero?
1068 479 1106 500 ex
1127 468 1180 506 iis,
1203 478 1274 511 quae
1297 469 1338 500 sd
1353 478 1517 500 numerum
1541 470 1700 509 spectant,

224 537 371 570 quaenam
386 526 472 569 prius
487 525 553 558 fieri
568 536 605 557 ac
619 525 703 556 facta
717 524 812 556 fuisse
827 523 967 556 dicemus
980 524 991 555 ?
1015 533 1091 554 num
1106 533 1176 565 quae
1194 523 1285 565 plura
1294 527 1378 560 sunt,
1389 532 1428 554 an
1441 532 1512 565 quae
1524 520 1674 564 pauciora
1686 519 1698 550 ἲ

224 583 307 621 Quae
323 582 481 624 pauciora.
525 580 622 618 Quod
637 590 711 622 ergo
726 578 964 621 paucissimum,
977 577 1113 620 primum
1130 590 1138 610 ε
1162 578 1196 609 id
1217 582 1323 609 autem
1346 582 1395 609 est
1413 586 1524 608 unum.
1546 585 1588 611 an
1608 572 1699 606 non?

223 637 339 669 Immo.
362 636 469 668 Unum
484 645 557 678 ergo
572 634 705 677 prImum
721 634 838 666 factum
863 634 1015 671 omnium,
1031 643 1103 675 quae
1118 643 1280 664 numerum
1294 631 1437 674 capiunt.
1459 630 1699 662 habentautem

225 695 329 724 cetera
343 690 450 722 omnia
463 699 642 729 numerum,
668 688 695 719 si
709 688 837 730 quidem
855 686 918 718 alia
932 692 1018 725 sunt,
1045 697 1109 718 ιιοιι
1124 687 1223 719 aliud.
1254 687 1385 718 Habent
1406 684 1560 728 profecto.
1592 682 1700 714 Primo

224 750 330 777 autem
346 745 478 785 factum,
493 743 577 786 prius
591 743 673 774 fuit·
698 742 759 774 alia
774 752 859 784 vero,
875 741 1044 783 posterius.
1066 741 1221 784 posterius
1234 745 1338 772 autem
1352 739 1448 777 facta,
1468 738 1598 781 juniore
1611 740 1699 776 sunt,

223 809 320 841 quum
336 799 423 842 quod
437 803 511 830 ante
526 797 664 830 factum:
688 796 825 839 ideoque
841 794 903 828 alia
923 796 984 827 hoc
1000 800 1093 838 pecto
1103 795 1248 837 juniora,
1268 804 1362 837 quam
1377 803 1474 825 unum
1490 796 1574 834 sunt,
1588 801 1702 823 unum-

224 863 287 896 que
302 853 364 884 illis
378 852 549 895 antiquius.
572 851 677 884 Certe.
702 851 790 889 Quid
808 856 912 883 autem
928 851 968 882 ad
982 851 1064 883 hoc.
1057 849 1068 873 ²
1114 849 1202 881 Num
1216 860 1314 881 unum
1330 849 1410 881 effici
1422 851 1535 891 praeter
1554 839 1698 878 naturum

226 917 313 939 suam
329 912 456 950 potest:
481 905 531 938 vel
546 906 580 938 id
596 906 701 947 potius
715 905 933 947 impossibile?
966 903 1181 947 Impossibile.
1217 903 1442 936 Verumtamen
1467 906 1572 944 partes
1585 899 1701 932 habere

226 971 326 992 unum
342 961 498 1003 apparuit.
522 961 608 1003 quod
624 960 650 991 si
672 964 788 1001 partes,
805 959 994 1002 principium
1010 970 1148 1002 quoque,
1168 959 1382 1000 mediumque,
1397 961 1430 989 et
1444 956 1552 989 finem.
1586 954 1698 987 Plane.

226 1014 348 1046 Nonne
363 1015 502 1046 omnium
518 1014 619 1056 primo
635 1012 824 1056 principium
848 1014 895 1052 fit,
918 1014 1071 1051 etunius,
1097 1018 1130 1045 et
1155 1013 1342 1056 reliquorum
1369 1011 1542 1054 cujusque.
1535 1010 1547 1041 ?
1570 1019 1608 1041 uc
1628 1011 1702 1051 post

228 1068 421 1112 principium
435 1066 538 1101 cetera
553 1079 654 1110 usque
667 1069 707 1101 ad
722 1068 816 1100 finem
834 1067 963 1100 omnia?
988 1068 1133 1106 Quidni?
1156 1068 1357 1105 Fatemurne,
1378 1067 1446 1099 haec
1459 1065 1579 1107 reliqua
1595 1063 1702 1096 omnin

227 1127 332 1164 partes
347 1123 443 1155 totius
458 1128 554 1166 atque
568 1124 662 1155 unius
676 1134 743 1155 esse
756 1124 767 1155 ?
791 1127 824 1154 et
838 1123 916 1155 illud
931 1122 1034 1165 ipsum
1051 1133 1114 1154 una
1128 1133 1199 1154 cum
1216 1123 1278 1154 fine
1291 1131 1388 1153 unum
1403 1125 1568 1162 totumque
1581 1119 1700 1150 fuctum

227 1177 324 1209 fuisse
337 1178 349 1209 ?
372 1178 397 1208 F
398 1183 528 1211 atemur.
550 1178 637 1210 Finis
652 1179 791 1216 tandem,
807 1183 842 1209 ut
862 1178 1005 1215 arbitror,
1022 1182 1180 1220 postremo
1192 1177 1248 1208 fit:
1272 1186 1407 1218 cumque
1421 1175 1481 1207 hoc
1495 1172 1586 1206 simul
1602 1181 1701 1204 unum

228 1232 401 1263 secundum
417 1233 464 1264 sui
479 1238 620 1263 naturam
649 1233 833 1274 completur.
857 1233 1059 1275 quamobrem
1085 1231 1111 1263 si
1135 1241 1263 1264 necesse
1285 1235 1344 1267 est.
1364 1239 1461 1261 unum
1482 1228 1566 1261 haud
1589 1230 1703 1270 preter

228 1289 372 1317 naturam
390 1297 475 1318 suam
491 1287 585 1324 effici,
601 1298 672 1319 cum
697 1287 759 1319 fine
783 1287 875 1318 simul
899 1287 1093 1329 confectum,
1117 1291 1308 1329 postremum
1332 1284 1472 1316 omnium
1494 1287 1614 1315 nnturoe
1636 1291 1703 1314 suae

226 1338 299 1381 jure
312 1340 481 1382 perficitur.
506 1341 660 1383 Apparet,
682 1341 703 1373 J
706 1341 797 1373 unius
810 1342 917 1383 itaque
933 1341 1002 1373 aliis
1019 1352 1114 1372 unum
1131 1345 1189 1379 est,
1205 1341 1327 1382 aliaque
1342 1349 1406 1371 uno
1422 1336 1611 1380 antiquiora.
1647 1335 1703 1368 Sic

228 1393 342 1425 iterum
354 1395 432 1426 mihi
446 1395 582 1428 videtur.
629 1396 717 1433 Quid
733 1401 838 1427 autem
852 1395 863 1426 ?
886 1395 1076 1438 principium
1091 1401 1146 1427 aut
1157 1395 1262 1438 aliqua
1274 1395 1334 1427 aliu
1349 1403 1420 1436 pars
1436 1393 1500 1425 sive
1516 1391 1621 1429 unius,
1637 1389 1703 1422 sivo

230 1447 402 1490 cujuslibet
415 1449 555 1487 alterius,
579 1449 606 1481 si
630 1450 724 1481 modo
749 1460 832 1492 pars,
858 1460 923 1482 non
941 1455 1043 1492 partes
1059 1450 1112 1488 sit,
1133 1460 1239 1481 nonne
1254 1459 1351 1480 unum
1366 1453 1425 1486 est,
1447 1447 1473 1478 si
1488 1446 1617 1489 quidem
1631 1454 1704 1487 pars

232 1502 375 1534 exsistit?
399 1503 621 1536 Necessarium
647 1505 731 1536 istud
756 1509 816 1538 est.
850 1503 898 1536 Ex
913 1506 974 1536 hoc
989 1504 1139 1547 sequitur,
1162 1514 1260 1535 unum
1275 1502 1365 1535 simul
1384 1512 1454 1534 cum
1470 1501 1573 1543 primo
1587 1499 1704 1532 effecto

230 1555 311 1596 fieri,
326 1557 482 1600 simulque
498 1558 592 1592 etiam
608 1569 680 1590 cum
696 1558 846 1596 secundo,
864 1569 900 1591 ac
914 1559 1007 1591 etiam
1019 1559 1220 1601 reliquorum,
1237 1566 1434 1600 quaeeunque
1448 1555 1540 1594 fiunt,
1549 1554 1629 1587 nulli
1643 1564 1704 1585 un·

229 1621 325 1660 guam
336 1612 456 1650 deesse,
467 1613 571 1645 donec
580 1613 619 1644 ad
631 1617 800 1644 extremum
813 1623 912 1655 usque
924 1623 1103 1655 percurrens
1113 1623 1208 1644 unum
1221 1617 1321 1643 totum
1332 1611 1398 1649 fiat,
1413 1619 1477 1642 non
1487 1619 1506 1641 a
1515 1609 1627 1652 primo,
1638 1617 1704 1640 non

230 1673 251 1696 a
265 1665 383 1707 medio,
397 1676 462 1697 non
474 1666 514 1697 ab
525 1667 647 1704 ultimo,
659 1677 724 1699 non
737 1667 776 1698 ab
792 1666 854 1699 alio
871 1677 994 1709 prorsus
1010 1667 1074 1699 ullo
1089 1668 1121 1698 in
1145 1667 1347 1709 generatione
1369 1664 1542 1696 exclusum.
1571 1662 1703 1695 Verum.

229 1718 374 1751 Eandem
388 1731 462 1763 ergo
477 1731 587 1759 unum,
602 1732 695 1763 quam
711 1726 744 1753 et
758 1726 862 1753 cetera
876 1722 994 1763 omnia,
1017 1726 1141 1753 aetatem
1166 1721 1242 1763 agit.
1266 1723 1456 1763 quapropter
1471 1718 1498 1750 si
1511 1727 1576 1749 non
1591 1721 1705 1760 praeter

227 1778 372 1805 naturam
386 1785 475 1806 susm
488 1780 596 1806 natum
612 1780 660 1807 est
672 1776 775 1817 ipsum
791 1786 901 1814 unum,
922 1786 1027 1818 neque
1049 1776 1147 1817 prius,
1169 1785 1274 1817 neque
1290 1773 1459 1816 posterius,
1473 1782 1568 1815 quam
1583 1775 1700 1809 cetera,

227 1828 283 1859 sed
298 1828 391 1860 simul
405 1829 525 1871 potius,
537 1829 656 1862 sactum
671 1835 730 1863 est
754 1830 852 1873 [154]
877 1830 1013 1872 ideoque
1029 1831 1200 1862 secundum
1217 1830 1298 1860 hanc
1312 1828 1466 1860 rationem
1479 1836 1579 1858 unum
1593 1833 1700 1867 neque

231 1882 336 1914 senius
357 1894 460 1925 neque
478 1883 587 1926 junius
611 1884 692 1922 aliis,
716 1878 821 1927 neque
843 1885 905 1916 alia
929 1895 1015 1916 uno:
1039 1884 1213 1916 secundum
1239 1894 1312 1914 vero
1336 1882 1490 1914 rationem
1512 1879 1703 1923 superiorem

231 1946 332 1968 unum
345 1942 380 1969 et
392 1937 498 1970 senius
512 1938 604 1970 simul
626 1943 659 1971 et
675 1938 787 1981 junius
807 1938 918 1971 ceteris
938 1939 1095 1980 omnibus,
1119 1943 1215 1981 atque
1238 1948 1257 1969 e
1276 1945 1427 1969 converso
1445 1935 1565 1978 reliqua
1587 1938 1704 1966 cuneta

231 2001 309 2024 uno.
332 1990 473 2024 Omnino
489 1992 535 2025 sic
550 1998 642 2027 esset.
686 1993 760 2026 Hoc
784 2004 859 2035 ergo
883 1995 979 2026 modo
995 2003 1028 2025 se
1042 1994 1151 2035 habet,
1172 1997 1205 2026 et
1224 1992 1287 2024 tale
1310 1996 1359 2024 est
1379 1990 1540 2022 effectum.
1585 1988 1705 2021 Verum

232 2046 382 2088 quidnam
399 2047 496 2078 sentis
510 2047 551 2079 de
566 2058 617 2090 eo,
632 2048 718 2091 quod
735 2049 860 2086 dicitur,
883 2048 951 2080 fieri
973 2059 1072 2081 unum
1095 2047 1213 2086 senius,
1240 2052 1335 2089 atque
1353 2044 1464 2088 junius
1477 2043 1559 2086 aliis,
1581 2042 1706 2085 aliaque

231 2101 324 2133 uno?
346 2110 384 2133 ac
398 2101 492 2133 etiam
506 2112 610 2144 neque
621 2102 747 2144 junius,
761 2113 866 2145 neque
881 2103 985 2134 senius
1001 2102 1094 2134 fieri?
1138 2101 1253 2134 Utrum
1275 2101 1386 2133 eadem
1409 2099 1529 2131 ratione
1553 2107 1588 2129 se
1609 2097 1707 2129 habet

233 2155 316 2188 circa
328 2155 435 2198 ipsum
451 2155 529 2198 fieri,
544 2167 607 2198 qua
622 2156 704 2189 circa
718 2158 821 2200 ipsum
836 2168 903 2190 esse
919 2168 952 2190 se
967 2158 1081 2189 habere
1093 2156 1315 2199 praediximus?
1338 2165 1378 2186 an
1393 2154 1484 2186 aliter
1498 2153 1510 2184 ?
1554 2151 1643 2190 Quid
1657 2151 1707 2184 di-

233 2219 315 2247 cam,
330 2209 453 2252 ignoro.
498 2210 568 2253 Ego
582 2215 686 2244 autem
702 2217 823 2243 tantum
836 2212 938 2245 dicam
952 2223 960 2243 ι
984 2211 1070 2254 quod
1086 2211 1113 2242 si
1128 2210 1205 2253 quid
1221 2214 1271 2242 est
1285 2208 1445 2251 antiquius
1459 2207 1534 2246 alio,
1545 2207 1709 2250 antiquius

233 2265 340 2307 quoad
354 2264 434 2296 illud
450 2264 530 2296 ultra
552 2265 631 2304 fieri,
660 2276 754 2309 quam
778 2271 871 2298 antea
894 2266 1066 2299 secundum
1091 2264 1192 2297 aetatis
1213 2263 1410 2296 intervallum
1435 2262 1557 2303 suisset,
1578 2261 1708 2293 minime

232 2323 360 2361 potest.
382 2329 486 2361 neque
501 2319 595 2351 etiam
611 2321 722 2363 quod
708 2322 818 2363 Junius
834 2326 893 2359 est,
919 2321 952 2352 in
979 2325 1139 2363 posterum
1161 2319 1272 2362 junius
1287 2318 1364 2350 fieri.
1390 2327 1462 2349 nam
1480 2316 1613 2359 aequaliu
1627 2315 1717 2354 inus·¹

234 2372 382 2414 qualibus
408 2373 529 2411 addita,
554 2385 609 2407 seu
630 2376 763 2418 tempori
784 2377 850 2408 sive
873 2376 1003 2408 cuilibet
1016 2375 1118 2413 alteri,
1141 2374 1252 2407 eodem
1268 2372 1432 2405 intervallo
1447 2371 1574 2408 distare,
1596 2379 1660 2412 quo
1675 2375 1709 2402 et

232 2431 340 2465 ffltea,
362 2427 417 2459 illa
439 2438 562 2470 semper
581 2429 733 2463 efficiunt.
777 2430 868 2463 Nihil
891 2431 1049 2474 prohibet
1094 2429 1171 2461 Non
1186 2429 1281 2471 igitur
1296 2428 1329 2459 id
1345 2427 1431 2470 quod
1452 2430 1512 2463 est,
1540 2415 1594 2457 illo
1619 2424 1708 2467 qnod

234 2491 332 2513 unum
348 2486 412 2519 est,
428 2489 483 2513 aut
498 2484 672 2525 antiquius,
689 2489 744 2516 aut
754 2484 866 2528 junius
881 2485 948 2517 fieri
963 2489 1088 2527 potest·
1080 2508 1090 2525 ‚
1112 2482 1370 2527 quandoquidem
1384 2481 1496 2513 eadem
1511 2487 1633 2522 semper
1643 2479 1711 2511 dis·

236 2535 339 2567 tantia
353 2535 455 2567 aetatis
468 2535 652 2570 intercedit:
678 2538 734 2570 sed
750 2547 784 2571 et
799 2543 862 2581 est,
876 2544 909 2571 et
921 2538 983 2570 fuit
1001 2539 1062 2570 hoc
1077 2538 1205 2580 quidem
1221 2536 1339 2579 senius,
1352 2535 1429 2568 illud
1453 2539 1559 2567 utitem
1577 2533 1712 2577 juniusg

234 2589 273 2622 fit
287 2600 359 2622 vero
374 2590 515 2623 minime.
562 2592 632 2635 Est,
654 2597 688 2624 ut
703 2594 795 2628 dicis.
841 2594 892 2626 Ita
906 2593 953 2634 id,
978 2593 1065 2636 quod
1081 2603 1180 2624 unum
1195 2597 1254 2630 est,
1270 2589 1392 2629 ceteris,
1409 2599 1608 2632 quaecunque
1618 2592 1708 2631 sunt,

236 2654 399 2687 nunquam
416 2645 464 2677 vel
475 2645 597 2688 junius,
612 2647 662 2679 vel
678 2648 782 2680 senius
798 2649 941 2681 efficitur.
963 2647 1148 2692 Nunquam.
1173 2646 1238 2679 Sed
1254 2646 1360 2689 aspice
1374 2645 1518 2688 posthac,
1533 2648 1635 2676 utrum
1647 2642 1711 2675 alia

236 2699 374 2742 quadam
387 2699 507 2732 ratione
522 2706 555 2732 et
565 2701 694 2743 juniora
706 2703 774 2736 haec
791 2708 824 2736 et
839 2703 963 2737 seniora
984 2703 1074 2737 fiant.
1097 2702 1267 2741 Quanam?
1298 2701 1385 2742 Hac,
1406 2698 1548 2742 iuquam.
1570 2706 1713 2730 unumne

238 2753 396 2797 antiquius
411 2754 492 2793 aliis,
507 2760 540 2787 et
555 2756 619 2787 alia
633 2767 696 2789 uno
711 2768 781 2791 esse
795 2758 965 2791 constitit?
990 2759 1078 2797 Quid
1094 2758 1186 2790 tum?
1211 2755 1480 2798 Quandoquidem
1493 2761 1591 2785 unum
1605 2753 1711 2784 senius

238 2811 288 2840 est
301 2819 395 2852 qnam
410 2814 527 2852 cetera,
541 2809 664 2853 longius
679 2821 773 2854 quam
789 2813 843 2845 illa
854 2818 979 2856 tempus
994 2813 1126 2846 exstitit.
1171 2811 1259 2851 Quin
1271 2810 1378 2842 immo.
1420 2807 1562 2840 Advorte
1571 2806 1685 2839 iterum
1700 2815 1711 2838 z

239 2862 267 2895 si
281 2864 409 2905 quando
424 2863 559 2906 longiori
574 2870 607 2897 et
622 2865 753 2898 breviori
767 2868 902 2910 tempori
917 2878 974 2911 par
987 2872 1112 2910 tempus
1127 2867 1325 2910 adjiciamus,
1345 2873 1420 2896 num
1442 2871 1534 2905 aequn
1555 2860 1711 2904 porticula

239 2916 430 2960 discrepabit
444 2918 567 2961 longius
582 2929 602 2951 a
616 2920 760 2959 breviori,
776 2932 817 2954 an
833 2922 977 2955 minore?
1001 2923 1139 2955 Minore.
1163 2923 1269 2956 Unum
1289 2920 1384 2963 igitur
1406 2927 1471 2949 non
1495 2921 1585 2948 tanto
1608 2914 1712 2947 uetans

237 2970 404 3005 intervallo
420 2971 482 3005 alia
501 2972 652 3017 deinceps
668 2975 813 3019 excedet,
827 2982 947 3019 quanto
965 2976 1049 3020 prius
1065 2980 1260 3010 excesserat:
1285 2974 1338 3006 sed
1356 2982 1411 3016 par
1425 2977 1548 3014 tempus
1561 2980 1597 3005 ac
1607 2974 1713 3003 ceter·
