1846 3268
176 283 277 334 189]
793 279 1017 321 LACHES.
1588 285 1640 323 75

177 385 376 428 respondere,
388 384 448 426 ipsi
462 382 611 416 videritis.
634 381 712 414 mihi
725 387 808 414 certe
824 387 856 414 et
869 383 943 414 huic
959 381 1103 413 Melesiae
1129 386 1260 423 gratum,
1286 381 1312 414 si
1328 382 1412 414 veliti
1425 383 1541 422 omnia,
1556 395 1629 426 quas

177 439 346 479 interrogat
359 439 512 475 Socrates,
527 435 647 467 ratione
664 446 849 477 percurrere.
894 435 1019 466 Etenim
1034 436 1139 466 statim
1155 446 1173 466 a
1189 435 1344 477 principio
1359 436 1436 477 dixi,
1458 437 1575 469 idcirco
1592 439 1632 469 ad

175 492 414 523 consultandum
430 501 484 521 vos
499 489 626 526 accersi,
641 489 726 531 quod
742 489 919 530 excogitata
934 489 1022 519 vobis
1040 490 1107 520 haec
1119 488 1199 530 jam,
1220 495 1256 520 ut
1270 490 1386 521 decens
1400 495 1459 527 est,
1475 491 1638 523 arbitrare-

176 555 264 577 mur:
287 544 453 586 praesertim
468 555 538 576 cum
554 543 635 574 filios
650 542 802 579 habeatis,
819 547 855 574 ut
869 553 938 579 nos,
954 553 993 574 ea
1006 542 1102 573 ferme
1123 543 1156 573 in
1179 548 1272 574 aetate
1291 543 1359 584 jam
1382 543 1580 584 constitutos,
1601 545 1636 575 in

173 599 291 642 quade
304 598 479 629 eruditione
504 598 544 628 sit
558 596 771 638 cogitandum.
815 596 849 627 Si
875 607 948 638 ergo
964 596 1041 627 nihil
1058 596 1212 637 prohibet,
1229 596 1337 634 dicite,
1354 597 1495 634 obsecro,
1511 607 1637 638 unaque

174 663 246 684 cum
261 652 387 684 Socrate
401 652 462 682 hoc
477 650 683 686 considerate,
707 654 740 681 et
762 649 940 686 reddentes,
963 654 996 680 et
1011 649 1202 691 accipientes
1218 650 1351 681 invicem
1367 650 1527 682 rationem.
1551 656 1635 682 recte

173 715 308 747 namque
320 709 353 736 et
366 705 425 736 hoc
440 704 498 736 iste
524 704 660 741 dicebat,
683 703 724 734 de
739 703 871 733 maximo
895 703 1033 744 quodam
1062 708 1235 734 nostrorum
1252 704 1390 735 omnium
1417 703 1450 734 in
1472 705 1639 744 praesentia

173 769 232 790 nos
246 759 428 790 deliberare.
473 757 591 788 Videte
607 756 726 798 itaque,
739 761 840 787 utrum
858 756 903 788 sic
919 757 1077 798 agendum
1092 756 1285 788 existimetis.
1330 756 1389 789 Nr.
1413 756 1537 788 Videris
1551 763 1636 789 certe

174 811 261 849 mihi,
277 811 474 854 Lysimache,
487 811 645 854 Socratem
670 821 708 841 ex
733 815 822 851 patre
837 814 957 841 tanturn
979 820 1179 851 cognoscere,
1207 820 1310 852 neque
1336 820 1407 841 cum
1431 820 1469 841 eo
1498 819 1636 852 unquam

172 865 431 897 consuetudinem
448 864 592 895 habuisse
611 874 619 895 :
644 862 705 894 nisi
719 862 810 900 forte,
825 863 900 894 dum
915 868 998 894 esset
1013 873 1101 904 puer,
1126 868 1244 904 patrem
1260 868 1384 895 secutus
1399 863 1569 904 aliquando
1587 863 1637 894 vel

170 920 207 952 in
224 919 352 961 templo,
367 919 417 950 vel
432 917 494 950 alio
510 916 655 959 populari
677 922 846 955 conventu,
871 916 928 948 tibi
944 917 1121 949 adhaeserit.
1145 917 1245 948 virum
1266 922 1370 948 autem
1395 917 1478 948 hunc
1503 916 1635 954 sactum,

171 973 324 1013 nondum,
351 977 389 1005 ut
416 976 558 1014 apparet,
585 982 618 1003 es
645 971 811 1004 allocutus.
856 971 918 1004 ΙΝ.
944 971 1020 1008 Cur,
1048 981 1067 1002 ο
1095 970 1210 1002 Nicia?
1255 970 1316 1004 Νι.
1339 971 1487 1013 Ignorare
1511 970 1637 1008 videris,

171 1027 256 1069 quod
270 1026 450 1069 quicunque
464 1035 618 1065 sermone,
640 1025 728 1066 quasi
745 1035 868 1066 genere,
885 1025 1082 1067 propinquat
1106 1024 1237 1065 Socrati,
1263 1024 1374 1067 illique
1390 1024 1555 1066 disputans
1570 1024 1634 1054 hae-

171 1085 232 1121 ret,
248 1079 322 1111 licet
331 1080 372 1111 de
387 1079 449 1111 alio
463 1089 621 1121 quoquam
636 1079 766 1120 eoeperit
781 1079 952 1120 disputare,
969 1078 1090 1119 cogitur
1106 1079 1232 1109 tandem
1249 1079 1383 1110 Socratis
1399 1078 1498 1109 verbis
1514 1077 1634 1109 adduc-

171 1137 222 1164 tus
237 1143 300 1164 suae
313 1133 385 1164 vitae
399 1132 529 1164 reddere
545 1131 710 1171 rationem,
725 1142 796 1173 quae.
812 1131 852 1162 sit
866 1131 1039 1173 praesentis,
1064 1142 1135 1173 quaa
1160 1131 1257 1174 [188]
1282 1136 1434 1163 anteactae
1448 1131 1547 1172 ipsius
1560 1130 1633 1162 vitre

171 1186 336 1218 conditio:
359 1190 392 1217 et
416 1190 582 1228 postquam
609 1185 641 1216 in
669 1185 737 1216 haec
760 1185 884 1222 incidit,
909 1196 973 1216 non
1000 1185 1084 1226 prius
1107 1196 1179 1216 eum
1204 1185 1334 1216 dimittit
1356 1185 1509 1221 Socrates,
1537 1194 1633 1225 quarn

170 1245 284 1271 cuncta
297 1241 365 1271 haec
386 1239 573 1270 sufficienter
597 1238 830 1270 examinaverit.
874 1238 943 1280 Ego
967 1244 1072 1269 autern
1099 1238 1160 1268 hoc
1175 1237 1365 1268 familiariter
1390 1247 1464 1268 usus
1490 1247 1571 1273 sum,
1595 1247 1632 1268 ac

170 1292 376 1325 necessarium
392 1302 460 1323 esse
475 1302 632 1334 cognosco
647 1291 742 1333 hujus
757 1302 794 1323 ex
812 1292 912 1323 verbis
937 1292 1003 1322 haec
1019 1291 1156 1333 perpeti,
1183 1292 1310 1332 quodve
1334 1301 1419 1321 nunc
1442 1290 1510 1330 ipse
1532 1290 1635 1332 patiar

169 1357 235 1378 non
260 1346 381 1387 ignoro.
424 1344 574 1376 Delectat
601 1354 651 1376 me
676 1345 846 1375 admodum
874 1343 980 1385 hujus,
1008 1355 1027 1375 ο
1054 1344 1256 1386 Lysimache,
1290 1343 1497 1375 consuetudo.
1528 1353 1634 1384 neque

169 1399 252 1432 euim
265 1401 374 1431 obesse
389 1403 466 1440 puto
482 1403 516 1429 ut
531 1398 562 1429 in
578 1398 756 1429 memoriam
772 1399 951 1435 reducatur,
978 1397 1005 1428 si
1030 1397 1108 1438 quid
1131 1399 1196 1427 non
1220 1402 1303 1428 recte
1318 1396 1367 1428 vel
1382 1397 1561 1437 fecerimus,
1583 1396 1634 1428 vel

167 1453 327 1484 faciamus.
348 1453 444 1484 immo
459 1462 532 1484 vero
555 1463 683 1484 necesse
697 1458 746 1484 est
760 1463 830 1483 eum
847 1451 902 1493 qui
918 1452 985 1482 haec
1000 1461 1063 1481 non
1079 1450 1206 1492 refugit,
1230 1450 1400 1482 cautiorem
1419 1450 1453 1481 in
1469 1455 1628 1492 posterum

166 1506 245 1549 fieri,
268 1505 495 1539 existimantem
518 1506 690 1538 secundum
716 1506 794 1536 illud
822 1503 947 1536 Solonis
978 1503 1098 1535 tamdiu
1121 1504 1318 1543 discendum,
1357 1504 1508 1546 quamdiu
1537 1504 1628 1541 vivit,

167 1571 270 1603 neque
285 1565 462 1602 sperantem
477 1563 669 1590 senectutem
685 1559 785 1599 ipsam
800 1563 936 1589 mentem
958 1558 1050 1589 nobis
1074 1557 1228 1589 daturam.
1271 1558 1354 1590 Mihi
1371 1559 1478 1600 itaque
1499 1568 1559 1590 nec
1580 1557 1628 1589 in-

170 1619 293 1646 suetum
307 1618 366 1651 est,
380 1623 440 1644 nec
454 1612 662 1653 injucundum
678 1621 696 1642 a
711 1612 839 1644 Socrate
853 1612 913 1643 hoc
929 1612 1107 1643 examinari.
1131 1613 1218 1654 atqui
1227 1612 1415 1655 jampridem
1429 1612 1463 1643 id
1479 1612 1630 1652 sciebam,

166 1678 338 1700 sermonem
361 1667 452 1699 nobis
481 1677 545 1698 non
571 1667 611 1697 de
637 1666 742 1708 pueris
766 1670 920 1708 praesente
945 1666 1085 1707 Socrate,
1108 1667 1163 1698 sed
1183 1667 1223 1698 de
1247 1667 1339 1698 nobis
1365 1666 1452 1707 ipsis,
1476 1666 1628 1696 futurum.

169 1723 379 1761 Quamobrem
395 1721 474 1752 nihil
489 1720 646 1763 prohibet,
661 1731 725 1763 quo
741 1721 843 1752 minus
858 1731 929 1753 curn
945 1722 1085 1758 Socrate,
1101 1725 1261 1763 utcunque
1275 1721 1343 1751 vult
1364 1720 1444 1761 ipse,
1455 1728 1457 1730 ’
1467 1719 1627 1751 disseram.

165 1787 271 1808 verum
285 1775 459 1812 considera,
482 1785 545 1816 quo
562 1779 654 1816 pacto
678 1775 719 1805 ad
742 1775 802 1807 hoc
825 1775 945 1806 Laches
969 1774 1131 1806 afficiatur.
1174 1775 1237 1807 LA.
1262 1773 1452 1816 Simpliciter
1465 1772 1625 1814 equidem,

166 1830 274 1870 Nicia,
288 1840 361 1871 erga
375 1839 530 1861 sermones
546 1828 673 1866 afficior,
688 1829 783 1860 immo
798 1839 883 1866 vero,
907 1829 933 1860 si
949 1829 1006 1867 vis,
1022 1829 1200 1871 dupliciter.
1222 1839 1314 1871 porro
1330 1828 1491 1859 verborum
1506 1826 1627 1858 studio-

165 1895 217 1915 sus
238 1883 336 1915 videri
357 1883 494 1924 cuipiam
516 1892 651 1924 possem,
675 1887 707 1913 et
730 1883 901 1924 aliquando
925 1888 1046 1915 contra.
1070 1893 1141 1913 narn
1165 1883 1291 1925 quoties
1313 1882 1353 1914 de
1376 1881 1490 1912 virtute
1514 1879 1563 1911 vel
1584 1880 1626 1911 de

165 1937 322 1979 sapientia
333 1937 468 1978 quadarn
484 1936 621 1978 aliquem
637 1935 733 1967 audio
751 1937 976 1979 disputantem,
993 1947 1099 1968 revera
1112 1936 1210 1967 virum
1227 1937 1420 1978 dignumque
1433 1934 1625 1966 sermonibus

165 1990 256 2034 ipsis,
271 1991 348 2022 mira
363 1991 497 2033 quadam
514 1990 632 2022 afficior
647 1990 822 2032 voluptate,
838 1991 1053 2033 contemplans
1068 1991 1223 2022 dicentem
1240 1990 1342 2027 simul,
1369 2000 1405 2020 ac
1420 1989 1516 2025 dicta,
1531 1998 1624 2029 quam

166 2055 306 2086 congrua
319 2044 400 2077 inter
414 2055 447 2076 se
461 2048 495 2076 et
508 2055 646 2076 consona
661 2045 735 2078 sint.
779 2044 887 2087 Atque
908 2045 959 2077 hic
982 2045 1124 2087 profecto
1140 2045 1187 2076 vir
1209 2045 1344 2076 musicus
1358 2054 1426 2075 esse
1442 2042 1518 2073 mihi
1534 2041 1623 2073 vide-

162 2103 225 2139 tur,
240 2098 433 2129 harmoniam
447 2098 659 2129 suavissimam
684 2098 874 2138 modulatus,
900 2109 964 2130 non
988 2098 1101 2141 lyram,
1120 2109 1223 2141 neque
1243 2097 1399 2140 jocularia
1413 2096 1557 2139 quaedam
1573 2095 1622 2126 in-

163 2156 345 2189 strumenta,
368 2152 424 2183 sed
439 2151 535 2182 vitam
547 2161 652 2183 revera
673 2157 912 2193 contemperans
934 2153 1102 2184 concordia
1117 2153 1278 2183 verborum
1301 2156 1334 2182 et
1355 2160 1495 2192 operum,
1515 2149 1624 2181 conci-

162 2211 289 2237 nentem
304 2206 475 2237 secnndum
491 2204 641 2237 Doricam
657 2205 805 2237 videlicet
830 2207 1012 2246 melodiam,
1038 2217 1103 2237 non
1120 2206 1273 2246 Ionicam,
1296 2210 1350 2236 aut
1364 2203 1546 2246 Phrygiam,
1569 2207 1624 2233 aut

160 2258 308 2301 Lydiam,
324 2260 378 2290 sed
394 2269 462 2290 eam
484 2264 578 2296 certe,
602 2269 673 2301 quae
697 2259 763 2290 sola
785 2259 896 2291 Graeca
916 2266 963 2291 est
983 2261 1156 2291 harmonia.
1201 2259 1286 2291 Talis
1310 2259 1415 2299 itaque
1429 2257 1474 2287 vir
1495 2256 1623 2288 mirifice

161 2313 224 2343 suis
238 2323 288 2344 me
302 2312 404 2344 verbis
418 2312 566 2349 delectat,
581 2313 751 2355 efficitque,
767 2319 805 2344 ut
817 2315 978 2345 verborum
990 2314 1110 2344 avidior
1119 2324 1185 2345 esse
1200 2313 1324 2344 videar:
1349 2316 1436 2342 tanta
1450 2310 1624 2342 attentione

159 2365 245 2397 dicta
258 2365 343 2397 illius
357 2366 492 2408 accipio.
538 2367 692 2409 Quisquis
709 2372 814 2399 autem
830 2368 896 2409 agit
910 2373 1031 2409 contra,
1040 2378 1126 2398 meas
1141 2367 1275 2399 offendit
1289 2377 1389 2403 aures,
1410 2369 1443 2396 et
1457 2375 1520 2406 quo
1535 2364 1623 2406 loqui

160 2417 283 2450 videtur
293 2420 444 2458 ornatius,
459 2431 497 2452 eo
514 2420 609 2452 efficit
623 2421 722 2463 magis
735 2426 768 2452 ut
778 2421 885 2453 videar
900 2432 919 2453 a
933 2421 1126 2452 sermonibus
1141 2422 1313 2452 abhorrere.
1345 2419 1480 2451 Socratis
1493 2419 1622 2460 quidem

158 2472 253 2503 verba.
276 2474 416 2504 nondum
439 2479 584 2516 expertus
611 2485 691 2512 sum,
718 2486 813 2516 opera
835 2479 919 2507 certe
945 2475 1156 2517 quandoque:
1181 2474 1321 2516 mihique
1342 2477 1535 2514 compertum
1562 2476 1623 2508 est,

159 2525 243 2556 hunc
268 2526 421 2567 praeclaris
447 2528 653 2566 sermonibus,
679 2529 828 2570 omnique
855 2528 999 2560 libertate
1026 2529 1178 2570 loquendi
1204 2529 1335 2570 dignum
1363 2537 1441 2558 esse.
1466 2526 1562 2567 [189]
1588 2526 1625 2556 Si

159 2588 232 2620 ergo
248 2584 281 2610 et
294 2580 354 2611 hoc
371 2580 479 2619 habet,
502 2591 572 2613 curn
595 2593 634 2612 eo
657 2582 751 2623 plane
772 2583 949 2619 consentio,
974 2587 1070 2624 atque
1094 2582 1298 2613 libentissime
1321 2581 1361 2611 ab
1383 2579 1538 2621 ejusmodi
1553 2579 1620 2610 viro

158 2631 370 2674 examinabor,
383 2644 485 2675 neque
499 2635 664 2666 molestum
680 2636 756 2667 mihi
772 2636 831 2668 erit
844 2637 884 2667 ab
899 2646 938 2667 eo
953 2635 1073 2677 aliquid
1089 2636 1218 2667 discere.
1264 2635 1364 2676 Atqui
1386 2638 1418 2665 et
1434 2633 1543 2664 Soloni
1559 2633 1618 2664 hoc

158 2685 285 2727 adjecto
299 2687 462 2719 concedo:
487 2689 573 2730 quod
588 2699 608 2720 a
623 2689 714 2721 bonis
728 2691 800 2722 viris
823 2692 987 2722 dumtaxat
1001 2690 1098 2720 multa
1114 2699 1278 2721 senescens
1293 2689 1411 2719 discere
1426 2687 1508 2719 volo.
1544 2686 1618 2717 Hoc

157 2738 252 2780 igitur
266 2739 307 2770 sit
321 2740 397 2771 mihi
411 2750 606 2778 concessum,
635 2742 738 2784 ipsum
752 2749 977 2785 praeceptorem
993 2744 1109 2775 bonurn
1130 2753 1211 2780 esse,
1234 2753 1274 2775 ne
1290 2742 1381 2781 forte,
1402 2742 1477 2772 dum
1501 2740 1618 2771 invitus

157 2792 257 2833 disco,
271 2793 415 2824 indocilis
430 2805 498 2825 esse
513 2795 629 2827 videar.
651 2807 754 2839 neque
769 2798 842 2828 mihi
858 2808 940 2828 curae
965 2802 1024 2834 est,
1049 2802 1149 2827 utrum
1177 2796 1218 2827 sit
1232 2800 1405 2837 praeceptor
1426 2794 1543 2835 junior,
1567 2793 1616 2824 vel

158 2846 298 2877 nondum
311 2847 460 2888 opinione
476 2848 635 2880 hominum
647 2850 759 2887 clarus,
775 2852 824 2882 vel
840 2851 926 2882 aliud
941 2851 1002 2882 tale
1014 2850 1091 2892 quid
1105 2850 1230 2882 habeat.
1274 2850 1345 2880 Tibi
1360 2848 1454 2890 igitur
1468 2846 1618 2888 praedico,

159 2898 313 2937 Socrates,
326 2904 361 2931 ut
375 2912 424 2932 me
439 2903 725 2945 quomodocunque
740 2904 786 2934 vis
801 2909 834 2935 et
848 2904 973 2940 doceas,
1000 2909 1032 2934 et
1057 2903 1234 2945 redarguas,
1258 2908 1292 2934 et
1310 2903 1414 2933 discas
1438 2900 1522 2942 quod
1548 2900 1616 2940 ipse

158 2952 307 2986 noverim.
349 2954 401 2986 Sic
416 2960 499 2987 certe
515 2967 589 2998 erga
605 2961 638 2988 ta
651 2957 782 2989 affectus
797 2968 865 2989 sum
881 2969 918 2990 ex
931 2968 970 2990 eo
988 2958 1053 3000 die,
1073 2969 1136 3000 quo
1153 2967 1273 2991 mecum
1297 2955 1417 2987 subiisti
1439 2953 1615 2990 discrimen,
