1846 3268
259 271 332 313 136
874 265 1140 308 PLAToms
1650 274 1723 326 [25

257 374 411 414 Quisnam
426 383 481 406 eos
495 371 591 406 efficit
606 372 706 403 bonos
721 370 731 401 ?
754 369 867 412 Leges.
910 370 956 402 At
972 381 1043 403 vero
1057 381 1122 403 non
1135 371 1220 404 istud
1236 370 1404 416 interrogo,
1420 383 1439 405 o
1453 373 1500 405 vir
1510 373 1640 416 optime.
1665 376 1722 409 aed

258 430 328 472 quis
341 430 449 466 homo,
463 428 519 470 qui
532 432 565 459 et
578 425 712 469 primum
728 424 760 455 id
776 425 880 465 ipsum
891 425 985 462 norit,
1006 425 1091 467 leges
1113 425 1244 463 scilicet,
1267 427 1379 469 quibus
1401 427 1448 460 illi
1470 428 1612 461 meliores
1632 428 1723 463 fiant.

257 484 314 522 Hi,
330 494 349 515 o
362 483 516 519 Socrates,
526 479 665 522 judices.
709 478 809 516 Quid,
825 489 844 509 o
859 478 987 517 Melite,
1003 479 1072 511 ais?
1096 479 1190 512 istinc
1203 479 1336 521 juvenes
1351 481 1472 514 erudire
1498 486 1640 523 possunt,
1663 483 1723 516 bo-

257 547 382 580 nosque
406 535 557 568 reddere?
602 533 646 565 Et
671 532 803 564 maxime
823 533 962 575 quidem.
1005 533 1119 565 Utrum
1141 534 1271 566 omnes?
1295 545 1336 566 an
1351 535 1405 567 alii
1427 536 1556 578 quidem
1577 542 1721 579 possunt.

255 592 308 623 alii
323 600 395 622 vcro
409 588 634 631 nequaquam?
679 587 809 619 Omnes.
853 587 943 619 Bene
969 598 1026 629 per
1045 588 1066 620 J
1070 598 1204 620 unonem
1228 587 1377 631 loqueris,
1394 594 1428 621 et
1450 600 1594 632 magnam
1615 601 1723 623 eorum

254 645 310 688 qui
325 644 445 687 prosint
454 642 624 685 juvenibus
639 641 776 683 copiam.
819 639 938 673 Verum
956 642 1107 684 quidnam
1128 642 1175 681 hi,
1200 643 1255 685 qui
1277 643 1433 676 audiunt?
1458 643 1534 686 [25]
1560 643 1723 677 faciantne

253 704 287 730 et
309 699 371 740 ipsi
397 697 552 734 meliores,
578 706 620 727 an
644 694 734 726 non?
778 694 846 737 Ipsi
866 706 1004 738 quoqne.
1049 695 1137 734 Quid
1162 707 1236 728 vero
1261 698 1442 729 senatores?
1486 697 1529 729 Et
1551 704 1722 732 senatores.

254 753 317 784 Sed
334 752 431 790 enim,
446 761 466 782 o
482 750 606 788 Melite,
623 749 799 782 cavendum
814 753 872 787 est,
884 760 924 781 ne
939 749 1177 782 concionatores
1192 750 1272 782 forte
1283 751 1499 784 adolescentes
1511 757 1723 794 corrumpant.

253 817 294 839 an
311 816 383 838 vero
398 811 431 837 et
455 805 488 836 hi
512 814 621 836 omnes
642 803 784 836 similiter
804 804 928 836 faciunt
948 803 1118 836 meliores?
1165 804 1210 836 Hi
1234 815 1373 847 quoque.
1418 804 1537 837 Omnes
1558 804 1664 847 igitur,
1685 810 1724 838 ut

250 861 387 898 videtur,
402 858 614 901 Athenienses
628 859 775 889 honestos
791 859 954 900 bonosque
974 858 1122 895 reddunt,
1142 864 1255 900 praeter
1269 870 1366 890 unum
1381 869 1443 891 me.
1466 869 1525 901 ego
1541 859 1627 892 enim
1653 870 1722 892 cor·

254 925 366 956 rumpo
381 914 477 947 solus,
520 912 614 944 Itane
627 913 698 944 ais?
742 912 793 943 Ita
808 917 911 952 certe;
935 917 967 943 et
989 913 1116 954 quidem
1134 914 1344 945 vehementer.
1387 913 1511 956 Magno
1533 918 1567 946 tu
1592 914 1722 956 quidem

254 979 306 1000 me
331 968 461 999 damnus
486 966 684 999 infelicitate.
730 965 869 998 Proinde
893 965 971 997 mihi
997 967 1164 1008 responde,
1191 977 1231 998 an
1266 972 1298 999 et
1321 968 1363 999 de
1387 968 1476 1010 equi·
1499 967 1583 1000 idem
1608 972 1721 1010 putes:

256 1032 364 1053 omnes
377 1021 500 1053 scilicet
511 1020 655 1051 homines
670 1030 768 1062 equos
781 1020 881 1052 bonos
896 1020 1030 1058 efficere,
1055 1031 1153 1051 unum
1170 1031 1242 1052 vero
1264 1022 1418 1052 duntaxat
1437 1031 1492 1052 eos
1513 1031 1722 1064 corrumpere.

255 1086 298 1107 an
313 1075 440 1106 omnino
457 1079 565 1106 contra
580 1084 675 1105 unum
692 1084 759 1105 esse
774 1084 783 1105 :
808 1073 858 1105 vel
873 1079 958 1106 certe
972 1083 1147 1116 perpaucos
1170 1074 1335 1117 equitandi
1349 1074 1467 1117 peritos
1481 1075 1612 1107 reddere
1632 1075 1722 1107 meli-

255 1140 323 1161 ores
338 1139 457 1172 equos:
481 1127 728 1170 quamplurimos
739 1132 844 1160 autem
854 1138 934 1165 esse,
961 1128 1015 1170 qui
1030 1128 1058 1159 si
1073 1129 1154 1160 inter
1178 1139 1276 1171 equos
1298 1133 1468 1166 versentur,
1491 1129 1616 1171 illisque
1629 1136 1723 1162 utan-

256 1189 318 1222 tur,
333 1183 529 1225 depravant?
574 1181 692 1214 Nonne
707 1182 751 1213 ita
766 1193 799 1213 se
815 1192 862 1213 res
876 1182 983 1220 habet,
999 1193 1018 1213 o
1035 1182 1162 1219 Melite,
1174 1188 1208 1214 et
1223 1183 1263 1214 de
1279 1182 1380 1224 equis,
1392 1187 1426 1214 et
1444 1183 1613 1226 deicereri·
1622 1183 1724 1216 omni-

255 1238 314 1270 hus
330 1237 560 1269 animantibus?
606 1237 740 1269 Penitus
756 1237 812 1274 ita,
838 1236 903 1268 sive
919 1241 952 1268 tu
968 1241 1000 1268 et
1022 1237 1151 1279 Anytus
1166 1247 1230 1268 non
1247 1236 1473 1276 confiteamini,
1491 1237 1558 1270 sive
1571 1238 1723 1271 ammes·

255 1291 344 1324 mini.
387 1291 513 1324 Etenim
533 1301 732 1332 permagnam
755 1289 889 1332 juvenes
910 1291 993 1322 nacti
1015 1296 1120 1322 essent
1139 1291 1336 1328 felicitatem,
1364 1291 1390 1322 si
1407 1301 1486 1322 uuus
1501 1291 1655 1324 duntaxat
1666 1302 1724 1324 eos

254 1350 363 1388 posset
386 1350 572 1387 pervertere,
599 1344 695 1377 ceteri
709 1355 782 1375 vero
804 1355 911 1376 omnes
932 1344 1009 1386 ipsis
1031 1345 1228 1386 prodessent.
1274 1344 1433 1382 Ceterum,
1458 1355 1478 1376 ο
1499 1344 1626 1383 Melite,
1647 1345 1723 1377 satis

255 1401 460 1437 demonstras,
476 1405 507 1431 te
522 1399 640 1430 nullam
652 1398 829 1440 juventutis
844 1409 947 1430 curam
962 1399 1107 1431 habuisse
1130 1409 1289 1440 unquam;
1312 1408 1349 1430 ac
1369 1399 1465 1441 plane
1478 1399 1619 1431 declaras
1633 1399 1723 1431 incu-

254 1454 331 1486 riam
346 1459 444 1492 tuum,
459 1459 554 1496 teque
568 1463 729 1496 nunquam
745 1453 928 1485 meditatum
945 1453 1042 1485 fuisse
1065 1463 1116 1490 ea,
1131 1453 1172 1484 de
1187 1453 1301 1495 quibus
1316 1464 1365 1485 me
1380 1463 1522 1486 accusas.
1567 1453 1724 1485 Praeterea

255 1509 386 1541 obsecro
401 1513 432 1540 te
445 1518 502 1550 per
519 1508 644 1546 Jovem,
669 1518 689 1540 ο
708 1507 834 1545 Melite,
857 1508 1015 1550 responde
1039 1508 1142 1546 nobis,
1164 1513 1266 1540 utrum
1292 1508 1401 1540 melius
1417 1507 1530 1540 versari
1557 1517 1723 1549 possumus

254 1563 338 1594 inter
349 1562 448 1595 bonos
462 1561 560 1599 cives,
575 1572 614 1593 an
630 1561 714 1592 inter
728 1561 837 1592 malos.
881 1561 1056 1603 Responde
1071 1562 1195 1593 amabo.
1218 1561 1297 1593 nihil
1319 1561 1404 1593 enim
1428 1561 1556 1593 difficile
1579 1565 1612 1593 te
1631 1571 1723 1604 rogo.

254 1615 373 1647 Nonne
387 1615 463 1647 muli
477 1626 600 1657 semper
614 1614 687 1646 mali
701 1615 821 1656 aliquid
836 1621 935 1656 agunt
960 1614 1019 1652 his,
1041 1615 1231 1656 quibuscum
1246 1615 1430 1647 versantur?
1453 1613 1529 1647 boni
1543 1619 1650 1646 autem
1664 1615 1722 1647 bo-

252 1679 330 1700 num
341 1670 359 1700 2·
399 1669 514 1700 Procul
530 1669 639 1699 dubio.
683 1668 782 1698 Estne
796 1668 892 1704 ullus,
907 1668 963 1709 qui
978 1669 1200 1700 detrimentum
1216 1669 1375 1710 suscipere
1391 1669 1496 1711 potius
1518 1679 1611 1711 quam
1635 1680 1720 1702 emo-

255 1723 429 1756 lumentum
452 1723 531 1754 velit
554 1722 594 1753 ab
618 1721 680 1758 his,
707 1721 822 1764 quibus
843 1721 1037 1754 familiariter
1063 1722 1181 1753 utitur?
1224 1721 1413 1764 Responde,
1438 1734 1458 1754 o
1483 1723 1566 1755 bone
1593 1723 1648 1763 vir.
1670 1723 1720 1755 lex

254 1778 339 1810 enirn
363 1776 553 1819 respondere
577 1781 609 1808 te
633 1775 738 1818 jubet.
781 1774 880 1807 Estne
906 1776 1073 1818 quisquam
1102 1775 1158 1818 qui
1181 1777 1332 1808 damnum
1354 1776 1424 1818 pati
1447 1776 1547 1809 velit?
1591 1777 1722 1811 Nullus.

254 1832 325 1873 Age
340 1842 426 1873 ergo,
451 1835 486 1862 tu
506 1840 556 1861 me
573 1831 636 1861 huc
659 1829 692 1860 in
708 1828 864 1870 judicium
881 1839 974 1860 vocas
994 1828 1084 1870 quasi
1102 1828 1279 1868 juventutis
1294 1829 1543 1872 depravatorem.
1566 1841 1608 1863 un
1631 1832 1723 1871 dicis,

254 1895 305 1917 me
318 1885 353 1916 id
371 1885 528 1916 volentem
547 1883 663 1921 facere,
688 1883 739 1914 vel
753 1882 938 1914 nolentem?
984 1882 1140 1924 Equidem
1156 1883 1311 1917 volentem
1325 1884 1409 1917 dico.
1453 1883 1619 1928 Numquid
1634 1889 1680 1927 tu,
1703 1898 1724 1920 o

255 1939 384 1977 Melite,
397 1938 492 1980 longe
507 1938 608 1969 minor
623 1942 697 1968 natu
713 1947 814 1979 usque
825 1937 905 1968 adeo
922 1947 971 1967 me
987 1937 1146 1979 grandiori
1160 1937 1330 1980 sapientior
1350 1949 1395 1978 es,
1418 1944 1454 1972 ut
1476 1939 1572 1982 plone
1587 1949 1722 1982 cognos-

254 2004 310 2026 cas
325 1997 358 2024 tu
374 1993 515 2036 quidem,
530 1992 628 2023 malos
644 1992 754 2023 obesse
775 1990 992 2028 familiaribus,
1017 1992 1116 2023 bonos
1130 2002 1204 2023 vero
1220 1993 1388 2033 prodesse?
1412 2003 1472 2036 ego
1485 1999 1592 2026 nutem
1605 1994 1639 2027 in
1654 1999 1722 2026 tun-

254 2054 318 2080 tam
334 2047 488 2079 insaniam
505 2046 669 2088 prolapsus
684 2046 753 2083 sim,
769 2050 805 2077 ut
818 2055 922 2086 neque
937 2044 971 2076 id
985 2055 1184 2087 cognoscam,
1207 2046 1231 2078 si
1255 2057 1348 2088 quem
1360 2057 1400 2079 ex
1413 2047 1616 2081 familiaribus
1631 2048 1722 2091 pejo-

256 2113 318 2134 rem
333 2101 514 2139 reddidero,
527 2100 774 2143 periclitaturum
790 2110 852 2137 me,
866 2109 909 2131 ne
923 2099 1001 2141 quid
1017 2100 1056 2131 ab
1072 2110 1111 2132 eo
1126 2099 1200 2132 mali
1213 2101 1392 2143 perpetium
1414 2105 1509 2145 utque
1523 2102 1584 2135 hoc
1598 2107 1721 2137 nutum

256 2156 410 2199 mihiipsi
437 2156 567 2194 malum,
589 2160 625 2186 ut
649 2159 684 2186 tu
702 2154 761 2192 ais,
778 2154 887 2186 volens
904 2153 1060 2187 inferam?
1105 2154 1186 2187 Haec
1206 2155 1355 2198 equidem
1374 2155 1443 2194 tibi.
1468 2166 1488 2188 o
1505 2157 1634 2194 Melite.
1655 2167 1722 2192 non

255 2212 363 2244 credo.
388 2211 518 2243 arbitror
533 2220 671 2252 quoque,
686 2209 845 2241 neminem
867 2209 926 2240 tibi
949 2208 1044 2240 alium
1066 2219 1298 2242 concessurum.
1341 2210 1405 2242 Sed
1428 2215 1564 2244 autnon
1582 2211 1721 2254 depravo

255 2266 495 2305 adolescentem
519 2264 582 2302 vel,
597 2264 624 2296 si
638 2265 788 2306 depravo,
811 2263 929 2295 invitus
942 2263 1037 2295 facio.
1062 2263 1138 2305 [26]
1161 2270 1351 2306 quapropter
1366 2270 1400 2296 tu
1414 2265 1449 2297 in
1461 2270 1593 2308 utroque
1607 2266 1721 2299 menti-

256 2319 309 2352 ris,
354 2319 400 2351 At
414 2320 440 2351 si
453 2319 569 2351 invitus
584 2329 762 2361 corrumpo,
776 2329 842 2351 non
856 2319 918 2350 huc
938 2318 969 2349 in
981 2317 1138 2360 judicium
1153 2318 1364 2351 involuntaria
1378 2319 1496 2352 delicta
1509 2319 1559 2351 lex
1575 2319 1655 2352 naht
1665 2319 1722 2361 ju-

254 2373 320 2411 bet,
336 2374 392 2405 sed
407 2374 555 2416 privatim
568 2373 675 2405 doceri
690 2379 785 2416 atque
799 2372 954 2415 castigari.
977 2377 1101 2405 constat
1113 2372 1210 2410 enim,
1225 2373 1252 2404 si
1267 2372 1419 2411 didicero,
1443 2384 1507 2411 non
1521 2373 1720 2416 amplius-me

253 2427 288 2459 id
303 2427 470 2466 facturum,
485 2428 572 2469 quod
594 2438 649 2470 per
660 2427 869 2470 ignorantiam
882 2427 1047 2459 faciebam.
1091 2426 1140 2458 Tu
1158 2431 1262 2459 autem
1274 2426 1466 2460 familiariter
1480 2438 1530 2461 me
1553 2428 1720 2461 emendare

255 2480 388 2512 noluisti
400 2493 408 2512 ε
431 2482 488 2513 sed
503 2481 537 2513 in
548 2481 705 2524 judicium
719 2483 815 2524 rapis,
829 2492 894 2525 quo
908 2492 962 2513 eos
977 2481 1056 2513 trahi
1070 2480 1121 2512 lex
1143 2479 1248 2523 jubet,
1262 2480 1318 2523 qui
1334 2491 1428 2523 poena
1439 2481 1588 2525 indigent
1601 2481 1720 2526 potina,

255 2545 350 2577 quam
365 2535 544 2578 disciplina.
588 2536 659 2569 Jam
676 2547 749 2568 vero
765 2548 802 2568 ex
818 2537 866 2568 his
879 2536 1078 2568 manifestum
1094 2541 1153 2573 est,
1169 2547 1189 2566 o
1204 2535 1261 2567 viri
1275 2535 1499 2573 Athenienses,
1522 2537 1609 2579 quod
1623 2537 1720 2569 modo

255 2589 412 2626 dicebam,
427 2589 545 2621 nullam
559 2590 633 2622 huic
647 2590 764 2623 Melito
780 2596 836 2622 aut
849 2600 1005 2632 magnum,
1020 2594 1076 2621 aut
1091 2599 1215 2632 parvam
1231 2589 1410 2622 erudiendas
1421 2589 1598 2632 juventutis
1613 2600 1720 2623 eurum

255 2642 363 2674 fuisse.
406 2642 504 2675 Nunc
519 2653 578 2686 age
591 2643 655 2682 dic,
681 2654 744 2686 qun
764 2646 886 2677 ratione
899 2655 950 2676 me
972 2654 1100 2681 asseras,
1123 2654 1143 2674 ο
1165 2643 1292 2682 Melite,
1315 2649 1488 2686 pervertere
1506 2643 1721 2686 juventutem.

254 2696 308 2727 An
323 2696 482 2734 videlicet,
503 2698 767 2739 quemadmodum
793 2698 827 2731 in
850 2698 1049 2731 accusatione
1071 2697 1232 2739 scripsisti,
1260 2697 1335 2739 quia
1359 2698 1503 2736 docem,
1527 2708 1593 2730 non
1607 2702 1720 2741 pul-ne

255 2749 344 2787 deos,
358 2760 438 2791 quos
451 2749 560 2782 civitas
573 2755 676 2792 putat,
692 2753 747 2783 sed
761 2752 822 2786 alin
842 2753 986 2794 quaedum
1009 2761 1089 2783 nova
1109 2752 1289 2783 daemonia?
1312 2763 1353 2783 an
1374 2762 1439 2784 nou
1452 2752 1464 2784 ἓ
1486 2751 1524 2790 in
1537 2751 1585 2784 ub
1599 2752 1719 2785 doeen-

255 2803 305 2835 dis
319 2803 605 2845 affirmas,juvenes
621 2815 671 2836 me
685 2805 902 2848 corrumpere?
947 2805 1087 2836 Omnino
1101 2805 1228 2848 quidem
1246 2816 1284 2838 ac
1299 2807 1497 2839 vehementer
1518 2806 1589 2841 hac
1602 2817 1717 2840 nmero.

257 2858 319 2889 Per
333 2858 410 2889 deos
425 2857 522 2899 ipsos,
538 2869 556 2889 o
572 2858 699 2897 Melite,
713 2860 753 2892 de
769 2861 881 2902 quibus
896 2870 980 2892 nunc
996 2860 1087 2892 nobis
1102 2865 1150 2892 est
1172 2871 1284 2900 sermo,
1306 2861 1442 2906 apertius
1459 2864 1494 2892 et
1514 2859 1591 2894 mibi
1612 2866 1647 2892 et
1669 2861 1719 2894 his

256 2923 375 2945 enarra.
409 2912 493 2944 Nam
506 2923 566 2955 ego
578 2913 705 2955 quidem
718 2915 859 2946 nondum
875 2914 969 2957 plane
982 2914 1140 2958 intelligo,
1157 2920 1259 2947 utrum
1274 2915 1373 2953 dicas,
1384 2915 1498 2947 docere
1510 2923 1560 2946 me
1568 2913 1717 2956 juvenes,

258 2972 293 2999 ut
307 2971 420 3009 putent
435 2967 556 3010 aliquos
571 2967 699 3010 quidem
713 2969 791 3001 deos
811 2979 889 3003 esse.
913 2970 998 3011 quod
1021 2969 1047 3002 si
1068 2970 1113 3002 ita
1134 2974 1203 3010 ειη
1227 2981 1287 3013 ego
1311 2965 1391 3002 deos
1409 2979 1477 3002 esse
1498 2973 1588 3011 puto.
1611 2977 1715 3012 nequo
