1846 3268
538 577 940 630 HIPPIAS
1002 578 1333 633 MINOR.

587 815 800 855 EUDICUS,
823 815 1063 857 socRA'rEs,
1085 818 1280 853 HIPPIAS.

196 998 294 1043 [363]
317 998 370 1031 Τυ
392 1010 466 1031 vero
482 998 635 1042 quidnam
651 1002 748 1035 taces,
773 998 929 1037 Socrates,
954 1010 1026 1031 cum
1051 1003 1115 1030 tam
1131 998 1230 1030 multa
1251 999 1391 1043 Hippias
1405 1003 1458 1036 hic
1473 1005 1673 1038 ostenderit?

197 1053 264 1085 Cur
276 1064 341 1084 non
358 1058 413 1085 aut
425 1054 613 1096 comprobas
627 1052 782 1084 dictorum
798 1052 933 1095 ahquid,
948 1058 1004 1084 aut
1019 1053 1181 1095 redarguis
1196 1053 1221 1084 si
1236 1054 1312 1096 quid
1329 1057 1432 1089 minus
1447 1063 1532 1091 recte
1547 1059 1671 1092 dictum

194 1107 255 1139 tibi
276 1108 424 1139 videtur?
450 1107 620 1150 praesertim
646 1117 719 1138 cum
735 1106 797 1147 ipsi
814 1111 978 1144 restanus,
1004 1107 1059 1149 qui
1087 1107 1178 1138 nobis
1203 1118 1267 1138 non
1283 1110 1440 1143 mediocre
1455 1112 1672 1155 philosophiae

195 1162 338 1194 studium
353 1162 581 1194 vendicemus?
629 1161 687 1192 So.
711 1160 804 1197 Sunt,
830 1160 967 1199 Eudice‚
989 1161 1144 1192 nonnulla.
1168 1172 1206 1192 ex
1230 1161 1279 1193 his
1303 1174 1375 1206 quae
1402 1166 1484 1198 circa
1499 1166 1673 1199 Homerum

197 1216 327 1248 dicebat
341 1215 496 1259 Hippias,
512 1216 552 1247 de
567 1216 684 1258 quibus
697 1215 875 1257 percontari
890 1215 1000 1257 cupi0.
1025 1215 1133 1247 audivi
1157 1216 1304 1258 equidem
1330 1230 1368 1250 ex
1384 1218 1568 1263 Apemanto
1584 1227 1675 1264 patre

196 1274 267 1310 tuo,
285 1269 418 1302 Iliadem
443 1271 528 1312 apud
545 1270 718 1301 Homerum
745 1280 784 1301 eo
810 1269 989 1311 praeclarius
1015 1269 1132 1312 poema
1157 1281 1225 1302 esse
1250 1271 1409 1315 Odyssea,
1444 1285 1509 1317 quo
1534 1276 1676 1308 Achilles

195 1324 292 1357 Ulixe
307 1324 518 1367 praestantior.
541 1324 573 1355 in
590 1323 752 1356 Achillem
777 1334 913 1365 namque
941 1323 1058 1365 poEma
1084 1334 1191 1360 unum,
1217 1323 1251 1355 in
1276 1325 1402 1358 Ulixem
1418 1328 1550 1360 alterum
1566 1329 1675 1362 aiebat

196 1388 266 1411 esse
282 1379 506 1422 compositum.
551 1378 606 1411 De
621 1379 682 1410 hoc
695 1388 769 1419 ergo
786 1377 938 1409 sciscitari
954 1378 993 1408 ab
1006 1377 1139 1420 Hippia,
1162 1378 1189 1409 si
1204 1380 1300 1411 modo
1315 1380 1375 1412 sibi
1400 1382 1519 1424 placet,
1544 1383 1676 1425 affecto,

196 1438 300 1465 utrum
315 1433 441 1465 illorum
457 1433 619 1464 hominum
636 1432 883 1475 praestantiorem
899 1435 1036 1463 asserat:
1063 1437 1230 1474 postquam
1254 1433 1319 1465 alia
1339 1435 1440 1466 multa
1461 1447 1498 1468 ac
1523 1437 1609 1469 varia
1631 1438 1673 1469 de

196 1487 338 1520 Homero
353 1487 529 1530 ceterisque
544 1486 651 1530 poi-itis
666 1492 740 1518 sunt
752 1486 843 1518 nobis
860 1492 998 1518 ostensa.
1045 1486 1109 1518 Eu.
1132 1486 1231 1518 Nulla
1247 1498 1371 1529 prorsus
1387 1489 1508 1522 invidia
1522 1491 1674 1534 prohibe-

195 1542 256 1580 bit,
272 1542 350 1584 quin
366 1542 506 1585 Hippias
521 1541 726 1583 interroganti
740 1541 944 1583 respondeat.
988 1541 1226 1583 Respondebis,
1247 1553 1362 1580 necne,
1388 1543 1526 1587 Hippia,
1555 1545 1580 1576 si
1595 1545 1675 1588 quid

197 1596 343 1629 Socrates
358 1596 499 1639 quaerat?
537 1590 628 1628 'Hm
652 1595 748 1627 Haud
764 1600 849 1627 recte
863 1605 1000 1637 agerem,
1025 1595 1161 1636 Eudice,
1189 1596 1214 1627 si
1237 1607 1322 1628 nunc
1345 1598 1483 1630 Socratis
1499 1598 1674 1642 interroga-

195 1650 316 1683 tionem
333 1661 523 1693 respuerem,
540 1650 594 1693 qui
610 1649 721 1681 solitus
737 1650 796 1681 sim
811 1660 934 1692 semper
957 1661 995 1681 ex
1022 1649 1115 1682 Elide
1137 1651 1237 1692 patria
1252 1652 1292 1682 ad
1309 1651 1490 1694 Olympicae
1505 1653 1598 1694 festa,
1609 1664 1674 1696 quo

198 1705 306 1738 Graeci
317 1706 356 1737 ad
373 1716 574 1737 communem
590 1704 804 1736 celebritatem
826 1704 970 1747 undique
994 1705 1172 1742 confluunt,
1194 1716 1244 1737 me
1260 1706 1414 1744 conferre,
1436 1707 1610 1750 ipsumque
1622 1718 1675 1739 me

196 1759 244 1791 ibi
258 1760 344 1802 apud
362 1760 516 1802 templum
532 1760 670 1802 praebere
686 1759 801 1801 cuique
817 1759 1030 1791 declarantem
1054 1759 1269 1802 quodcunque
1293 1760 1500 1792 demonstrari
1526 1762 1597 1805 quis
1619 1772 1677 1794 cu-

195 1814 276 1856 piat,
299 1820 334 1846 et
348 1816 389 1846 ad
406 1815 669 1856 interrogationes
696 1813 835 1855 singulas
861 1814 1118 1855 respondentem.
1163 1814 1221 1846 So.
1245 1813 1274 1845 O
1302 1825 1396 1856 quam
1420 1815 1499 1847 felix
1522 1815 1582 1847 tibi
1604 1827 1672 1848 sors

199 1869 349 1911 contigit,
365 1869 501 1911 Hippia,
517 1869 640 1900 si'adeo
668 1868 805 1899 confisus
831 1868 927 1899 animi
955 1868 1108 1910 sapientia
1132 1869 1229 1910 [364]
1255 1868 1396 1910 qualibet
1417 1869 1614 1913 Olympiade
1629 1871 1671 1902 ad

198 1933 320 1955 sacrum
335 1923 499 1956 adventas.
544 1922 681 1954 Mirarer
695 1922 850 1964 profecto,
875 1922 902 1953 si
927 1923 998 1964 quis
1022 1922 1105 1954 circa
1131 1922 1268 1964 corporis
1284 1923 1538 1956 exercitationem
1555 1924 1674 1956 athleta

197 1977 276 2010 illuc
291 1982 465 2009 certaturus
481 1978 647 2009 accederet
661 1981 725 2008 tam
740 1977 880 2018 corporis
895 1977 1011 2008 viribus
1034 1987 1128 2019 quam
1142 1981 1176 2008 tu
1203 1976 1317 2008 mentis
1333 1977 1507 2010 subtilitate
1521 1978 1672 2012 confisus.

199 2030 284 2065 ΗΠ».
306 2031 425 2064 Merito
443 2032 486 2064 sic
503 2031 636 2063 affectus
651 2042 731 2068 sum,
747 2031 904 2063 Socrates.
928 2042 1000 2063 nam
1017 2041 1055 2062 ex
1072 2041 1110 2062 eo
1126 2036 1282 2073 tempore,
1295 2042 1358 2073 quo
1373 2032 1458 2074 coepi
1472 2032 1505 2063 in
1521 2032 1673 2075 Olympi-

197 2085 243 2118 cis
257 2085 406 2122 exerceri,
427 2086 547 2117 nullum
571 2086 672 2129 reperi
696 2087 799 2118 adhuc
826 2097 876 2118 me
899 2086 1004 2128 aliqua
1028 2085 1061 2116 in
1086 2097 1119 2117 re
1141 2085 1342 2128 superiorem.
1386 2087 1442 2118 So.
1484 2087 1673 2120 Praeclarum

198 2139 305 2172 hercle
319 2141 404 2182 quod
422 2141 480 2178 ais,
496 2140 639 2183 Hippia:
665 2146 759 2183 atque
774 2141 842 2172 haec
856 2140 956 2183 gloria
971 2146 1026 2172 tua
1047 2145 1081 2172 et
1105 2140 1215 2182 patriae
1239 2145 1273 2171 et
1295 2141 1475 2182 parentibus
1499 2141 1559 2173 erit
1573 2143 1676 2184 quod·

199 2194 273 2226 dam
286 2194 451 2236 sapientias
466 2195 705 2228 monimentum.
751 2195 869 2227 Verum
885 2195 1036 2238 quidnam
1052 2195 1092 2226 de
1105 2195 1231 2227 Achille
1247 2200 1280 2226 et
1291 2195 1384 2227 Ulixe
1395 2194 1548 2237 judicas?
1572 2201 1676 2229 utrum

198 2249 310 2280 horum
334 2249 583 2291 praestantiorem
609 2255 643 2281 et
665 2260 728 2292 qua
749 2249 782 2280 in
807 2260 840 2281 re
865 2249 984 2292 putas?
1010 2259 1100 2290 porro
1126 2249 1201 2279 dum
1217 2249 1307 2280 multi
1323 2249 1408 2281 intus
1423 2260 1560 2282 essemus
1577 2255 1676 2292 tuque

201 2303 380 2341 dissereres,
400 2303 546 2346 quaedam
571 2314 622 2335 me
637 2304 733 2335 verba
759 2303 1029 2345 subterfugerunt.
1052 2302 1159 2345 piguit
1174 2307 1280 2334 tamen
1306 2303 1496 2344 perquirere,
1522 2303 1675 2346 quoniam

200 2358 295 2389 turba
309 2363 393 2390 esset
419 2354 566 2401 plurima,
592 2369 630 2390 nc
654 2358 749 2390 etiam
773 2368 814 2390 ne
839 2357 974 2389 orationi
1000 2362 1063 2388 tuae
1082 2357 1310 2399 impedimento
1336 2357 1446 2390 forem.
1491 2356 1587 2390 Nunc
1602 2368 1676 2389 vero

200 2416 367 2454 postquam
384 2413 546 2454 pauciores
563 2424 669 2445 sumus
692 2418 725 2444 et
740 2412 883 2444 Eudicus
905 2412 956 2444 hic
978 2422 1117 2454 quaerere
1139 2411 1244 2453 jubet,
1273 2411 1422 2453 liquidius
1437 2411 1526 2443 nobis
1543 2412 1676 2454 ostende

201 2467 288 2509 quod
305 2468 346 2499 de
357 2467 405 2499 his
420 2468 492 2500 viris
506 2468 648 2509 dicebas,
663 2479 766 2510 quove
780 2473 874 2510 pacto
886 2466 1098 2509 dijudicabas.
1143 2466 1226 2498 Hu’.
1251 2465 1334 2497 Volo
1348 2466 1509 2508 equidem,
1520 2466 1678 2504 Socrates,

201 2521 342 2563 apertius
356 2532 450 2564 quam
467 2527 543 2556 tunc
558 2523 591 2554 in
608 2524 778 2566 praesentia
791 2523 916 2560 referre,
928 2533 999 2564 quae
1014 2522 1055 2553 de
1078 2521 1126 2553 his
1150 2526 1184 2554 et
1199 2522 1239 2552 de
1255 2521 1323 2552 aliis
1341 2521 1456 2552 sentio.
1499 2520 1674 2553 Homerum

200 2585 304 2608 assero
320 2576 459 2608 omnium
475 2577 530 2620 qui
556 2578 684 2620 Trojam
712 2578 916 2615 obsederunt,
942 2576 1097 2619 optimum
1109 2576 1208 2608 virum
1224 2576 1348 2607 finxisse
1364 2574 1536 2613 Achillem,
1550 2575 1677 2618 sapien-

200 2629 354 2661 tissimum
383 2630 563 2670 Nestorem,
588 2632 733 2675 apprime
756 2636 915 2664 versutum
944 2630 1230 2672 multiformemque
1254 2629 1392 2662 Ulixem.
1438 2629 1495 2660 So.
1519 2629 1631 2671 Papae,
1654 2639 1676 2660 o

201 2683 344 2726 Hippia!
368 2695 409 2716 an
432 2685 507 2716 mibi
531 2686 566 2717 iu
584 2686 646 2719 hoc
661 2687 896 2729 gratificaberis,
911 2696 951 2717 ne
967 2696 1016 2717 me
1037 2685 1187 2716 videlicet
1202 2684 1316 2722 rideas,
1333 2684 1359 2715 si
1373 2683 1414 2714 ad
1430 2682 1674 2725 percipiendum

201 2738 320 2770 tardior
329 2739 418 2771 fuero
432 2749 469 2771 ac
481 2740 595 2782 saepius
612 2741 827 2783 requisivero?
873 2741 1013 2783 Dignare
1026 2740 1116 2778 mihi,
1132 2740 1273 2776 obsecro,
1289 2738 1424 2770 libenter
1436 2748 1474 2770 ac
1495 2736 1588 2769 facile
1611 2747 1676 2769 res·

201 2793 355 2835 pondere.
400 2792 482 2825 Hip.
506 2793 612 2836 Turpe
627 2795 754 2836 quidem
770 2800 863 2832 esset,
880 2805 899 2826 o
915 2794 1070 2830 Socrates,
1084 2804 1155 2824 curn
1171 2793 1251 2824 alios
1266 2793 1377 2824 eadem
1399 2792 1543 2829 doceam,
1570 2796 1603 2822 et
1619 2801 1675 2833 pro

199 2846 238 2878 iis
253 2846 403 2889 pecunias
414 2846 551 2889 exigam,
567 2848 594 2879 si
610 2849 667 2879 tibi
683 2849 836 2891 quaerenti
852 2860 915 2880 non
933 2848 1141 2890 indulgerem,
1157 2858 1216 2879 nec
1232 2847 1304 2879 laeto
1320 2846 1426 2878 animo
1442 2845 1676 2888 responderem.

200 2901 257 2934 So.
280 2901 433 2934 Praeclare
448 2902 618 2934 admodum
636 2903 782 2946 loqueris.
826 2903 985 2946 Equidem
1011 2913 1082 2934 cum
1107 2902 1260 2945 optimum
1276 2901 1376 2932 virum
1391 2899 1549 2932 Achillem
1565 2899 1674 2932 fictum

199 2955 296 2988 fuisse
308 2956 448 2994 dicebas,
463 2955 727 2999 sapientissimum
753 2958 933 3000 Nestorem,
957 2958 1040 2990 visus
1056 2957 1131 2990 mihi
1145 2967 1212 2989 sum
1228 2956 1314 2998 quod
1326 2954 1445 2988 diceres
1476 2952 1674 2996 intelligerem
