1846 3268
226 262 299 313 33]
871 256 1094 298 PHAEDO.
1605 263 1686 302 2145

229 363 317 397 dictu
340 367 420 395 esset
448 361 648 400 invidiosum,
677 358 864 393 sufficienter
887 360 1133 392 demonstratum
1154 368 1369 392 asseverarem.
1417 361 1566 395 Attamen
1595 366 1685 398 nobis

230 417 358 450 mortuis
372 427 544 460 superesse,
558 426 623 448 non
647 415 693 447 sic
716 414 876 446 assentior.
920 413 1036 456 Neque
1061 419 1165 445 tamen
1189 413 1324 445 Simmiae
1350 416 1493 448 concedo
1512 418 1688 459 objicienti,

229 482 295 503 non
309 482 378 504 esse
390 472 524 503 animam
540 469 721 502 validiorem
736 479 865 511 corpore
879 472 974 510 atque
989 466 1227 500 diuturniorem.
1250 467 1372 500 videtur
1394 469 1535 511 profecto
1549 471 1626 505 mihi
1639 474 1687 506 bis

229 525 372 558 omnibus
386 525 489 558 anima
503 528 648 567 praestare
663 523 762 566 quam'
770 522 947 565 plurimum.
991 521 1056 554 Hic
1066 531 1140 563 ergo
1151 521 1227 554 ratio
1238 522 1377 564 superior
1391 522 1451 565 (nd
1463 534 1511 556 me
1521 524 1689 570 conversa)

230 580 275 611 sic
286 578 423 621 inquiet:
447 577 608 616 Quidnam
635 577 764 610 ulterius
789 576 920 618 ambigis
933 576 945 607 ?
967 585 1039 608 curn
1054 575 1160 607 videas
1181 575 1307 608 homine
1323 576 1485 615 defuncto,
1499 579 1584 620 quod
1600 579 1632 612 in
1648 592 1687 612 eo

230 631 415 664 imbecillius
437 631 540 664 fuerat
563 641 724 674 superesse
738 642 748 670 ;
770 641 825 662 cur
847 639 912 662 non
927 628 1075 661 concedis
1089 632 1232 670 oportere
1245 628 1352 668 etiam,
1366 631 1452 672 quod
1467 631 1601 664 validius
1617 634 1686 665 diu-

230 685 412 728 turniusque
425 690 504 724 erat,
516 686 579 718 hoc
594 685 663 726 ipso
677 685 712 716 in
725 689 865 726 tempore
879 692 1039 725 superesse
1052 682 1063 713 ?
1108 681 1171 714 Sed
1186 680 1317 714 adverte
1327 682 1407 724 jem,
1418 685 1530 726 quanti
1540 688 1690 719 momenti

230 739 283 776 sit,
293 739 379 781 quod
394 740 436 771 ad
449 740 482 771 id
497 740 684 782 respondeo.
707 737 912 771 similitudine
926 735 1003 768 mihi
1016 746 1143 778 quoque
1158 746 1239 778 opus
1251 740 1313 778 est,
1326 739 1590 779 quemadmodum
1606 740 1690 773 Sim-

231 793 313 827 miae.
335 793 483 827 Profecto
489 793 565 826 mihi
578 793 707 835 perinde
718 793 787 824 haec
801 791 867 825 dici
881 791 1039 827 videntur.
1053 800 1090 822 ac
1105 789 1130 821 εἰ
1144 789 1214 832 quis
1223 789 1404 826 deshomine
1417 796 1534 825 textore
1548 804 1623 826 sene
1633 796 1689 827 de-

231 846 341 881 functo
355 846 486 885 diceret,
500 848 642 879 nondum
656 846 798 879 interisse
811 845 913 887 illum,
930 844 989 877 sed
1002 844 1081 877 torte
1095 843 1212 876 alicubi
1227 854 1401 887 superesse,
1414 845 1690 890 conjectmamque

232 900 356 933 afferret
371 900 477 939 vestis,
491 911 556 944 qun
569 901 652 944 ipse,
665 911 738 933 cum
763 899 921 941 texuisset,
935 909 1010 932 usus
1030 898 1149 939 fuerin
1170 903 1382 941 assereretque
1403 909 1476 932 eurn
1499 901 1603 934 adhuc
1621 913 1691 936 esse

231 954 421 988 incolumem
435 965 538 998 neque
561 955 735 987 interiisse:
757 965 795 986 ac
820 954 846 986 si
871 953 944 996 quis
967 953 1001 985 id
1026 963 1090 985 non
1108 952 1227 990 credat,
1241 952 1446 995 interrogaret
1466 955 1506 986 ab
1520 964 1572 993 eo,
1586 961 1689 988 utrum

231 1007 409 1040 diuturnius
423 1008 464 1040 sit
476 1009 612 1041 hominis
625 1019 724 1051 genus
738 1019 778 1040 an
793 1008 900 1047 vestis,
914 1017 978 1050 qua
991 1006 1132 1049 quotidie
1141 1007 1211 1049 quis
1227 1011 1342 1040 utatur.
1363 1008 1450 1050 quod
1460 1007 1488 1040 si
1501 1011 1690 1051 respondeat

232 1071 331 1103 genus
355 1062 525 1095 humanum
552 1062 728 1095 diuturnius
752 1073 834 1100 esse,
859 1066 934 1094 tunc
958 1061 1203 1093 demonstratum
1227 1060 1262 1093 id
1289 1071 1356 1092 esse
1385 1066 1521 1103 putaret,
1545 1063 1693 1096 videlicet

233 1115 332 1147 multo
358 1122 523 1158 propterea.
547 1117 645 1160 magis
665 1117 814 1159 sospitem
838 1126 906 1148 csse
930 1114 1098 1152 hominem,
1113 1114 1383 1156 quandoquidem,
1396 1116 1483 1158 quod
1508 1115 1541 1147 in
1565 1127 1604 1148 eo
1625 1124 1692 1150 erat

231 1168 383 1211 fragilius,
397 1171 536 1202 nondum
552 1171 688 1214 perierit.
732 1170 805 1203 Hoc
819 1175 937 1212 autem,
952 1180 971 1201 o
998 1168 1139 1206 Simmia,
1154 1168 1199 1200 ita
1213 1179 1247 1200 se
1261 1169 1376 1201 habere
1391 1179 1455 1201 non
1471 1170 1611 1203 arbitror.
1634 1173 1690 1205 scd

232 1223 396 1256 considers
411 1229 444 1256 tu
458 1235 598 1267 quoque,
612 1225 687 1267 quid
704 1225 819 1259 dicam.
842 1224 984 1266 profecto
1008 1223 1110 1265 quivis
1134 1222 1335 1265 intelligeret,
1349 1223 1456 1265 inepte
1472 1223 1550 1256 illud
1566 1226 1693 1258 adduci.

234 1275 320 1309 Nam
341 1277 394 1310 hic
417 1283 530 1317 textor,
545 1279 601 1322 qui
627 1278 740 1311 multas
759 1278 938 1310 contriverit
951 1282 1053 1309 vestes
1073 1276 1249 1319 multasque
1275 1277 1419 1314 texuerit,
1435 1278 1539 1310 multis
1564 1279 1692 1320 quidem

234 1330 386 1372 posterior
403 1331 495 1370 obiit,
507 1332 617 1364 ultima
632 1342 704 1364 vero
729 1331 833 1374 prior:
857 1341 960 1372 neque
986 1335 1152 1372 propterea
1173 1330 1270 1371 magis
1286 1331 1436 1372 sequitur,
1451 1331 1608 1364 hominem
1623 1343 1692 1365 esse

233 1389 320 1417 veste
346 1385 484 1418 viliorem
508 1390 603 1428 atque
622 1385 818 1418 debiliorem.
861 1384 1005 1416 Eandem
1032 1383 1099 1415 fieri
1122 1382 1357 1414 similitudinem
1380 1384 1492 1415 nnimae
1513 1385 1553 1416 ad
1579 1396 1693 1429 corpus

233 1448 325 1480 posse
340 1438 468 1470 arbitror
480 1449 491 1471 ε
514 1449 552 1471 ac
567 1439 593 1470 si
607 1438 678 1481 quis
690 1439 731 1470 de
745 1438 794 1469 his
808 1437 931 1469 duobus
946 1437 1056 1469 eadem
1071 1436 1125 1468 illa
1139 1436 1288 1474 adducat,
1301 1446 1440 1478 congrue
1455 1438 1559 1470 dicere
1570 1440 1692 1472 videre-

236 1496 304 1523 tur:
329 1491 475 1525 videlicet
488 1493 623 1524 animam
637 1492 766 1535 quidem
792 1502 861 1524 esse
887 1491 1124 1529 diuturniorem,
1139 1500 1251 1532 eorpus
1266 1499 1339 1522 vero
1365 1490 1501 1522 debilius
1527 1492 1693 1536 minusque

234 1546 416 1579 diuturnum
433 1556 444 1579 ε
469 1557 574 1578 verum
589 1547 719 1585 diceret,
734 1545 906 1589 quemlibet
916 1544 1088 1576 animorum
1111 1544 1200 1586 plura
1221 1553 1402 1576 consumere
1417 1555 1558 1587 corpora,
1568 1557 1696 1589 praescr.

237 1599 294 1631 tim
309 1599 336 1631 si
350 1600 465 1632 multos
479 1600 588 1632 vivant
608 1610 719 1633 annos.
763 1600 796 1631 Si
812 1599 895 1631 enim
910 1599 988 1630 fluat
1003 1608 1117 1640 corpus
1130 1597 1318 1639 homineque
1333 1597 1426 1629 etiam
1443 1599 1567 1631 vivente
1580 1600 1695 1634 dissol-

237 1658 338 1691 vatur,
362 1654 469 1687 anima
482 1664 565 1692 vero,
588 1654 676 1697 quod
697 1653 901 1691 consumitur,
924 1656 1044 1684 retexat
1069 1651 1240 1692 continue3
1263 1652 1470 1684 necessarium
1497 1658 1601 1686 tamen
1622 1656 1694 1693 erit,

236 1707 366 1750 quando
391 1707 520 1750 perierit
539 1707 654 1745 anima,
667 1713 742 1741 tunc
765 1707 905 1739 ultimam
930 1707 1044 1738 habete
1067 1711 1198 1748 vestem,
1211 1715 1313 1748 eaque
1340 1706 1408 1737 sola
1432 1706 1565 1749 priorem
1581 1709 1695 1751 perire.

237 1759 319 1792 Cum
330 1771 404 1793 vero
419 1760 545 1803 perierit
559 1761 676 1800 anima,
686 1765 762 1793 tunc
777 1761 902 1793 demum
917 1758 1164 1792 imbecillitatem
1178 1764 1297 1791 naturae
1312 1769 1376 1791 suae
1391 1770 1504 1802 corpus
1518 1763 1695 1802 ostendere,

237 1813 302 1846 cito
329 1819 511 1857 putrescens
534 1819 630 1858 atque
656 1821 844 1848 evanescens
859 1826 867 1846 ι
898 1818 933 1845 ut
955 1814 1015 1846 hac
1039 1813 1160 1846 ratione
1178 1814 1318 1846 nondum
1342 1813 1501 1847 confidere
1523 1815 1695 1856 valeamus,

238 1873 314 1902 tunc
329 1869 423 1902 etiam
437 1879 511 1903 cum
525 1869 759 1907 decesserimus,
772 1869 907 1901 animam
919 1873 1054 1900 nostram
1068 1868 1237 1911 superiore.
1262 1867 1339 1910 [88]
1362 1867 1446 1900 Nam
1457 1869 1484 1901 si
1496 1869 1565 1912 quis
1575 1871 1696 1905 dicenti

237 1922 333 1956 etiam
343 1923 444 1965 plura,
458 1933 552 1966 quam
568 1933 639 1966 quae
653 1927 687 1955 tu
703 1923 794 1962 dicis,
808 1922 1007 1960 concesserit,
1022 1932 1082 1955 nec
1096 1921 1196 1954 solum
1211 1926 1284 1953 ante
1299 1926 1399 1953 ortum
1411 1926 1548 1955 nostrum
1559 1924 1695 1958 animam

238 1976 404 2015 exsfifnse,
419 1988 525 2010 verum
546 1977 643 2010 etiam
667 1977 746 2010 nihil
771 1976 947 2020 prohibere,
961 1975 1053 2008 etiam
1077 1981 1151 2019 post
1174 1975 1292 2007 obitum
1307 1978 1501 2018 quorundam
1515 1988 1673 2012 remanere
1687 1992 1698 2020 3

238 2031 417 2075 soepiusque
431 2032 580 2064 accedere
596 2042 633 2065 ac
647 2031 799 2064 decedere
814 2031 966 2064 fatentur:
990 2030 1088 2074 (adeo
1103 2030 1185 2063 enim
1195 2035 1336 2062 naturam
1349 2031 1463 2063 animae
1474 2032 1608 2064 validam
1617 2044 1697 2072 esse,

240 2090 277 2117 ut
289 2085 405 2127 saepius
418 2086 540 2128 corpori
561 2085 665 2118 indita.
685 2095 720 2118 se
740 2095 921 2128 corpusque
935 2090 1037 2116 servet
1048 2084 1076 2126 :)
1097 2085 1147 2117 his
1161 2088 1265 2115 tamen
1279 2084 1449 2125 concessis,
1463 2086 1604 2118 nondum
1616 2086 1695 2119 illud

239 2138 299 2171 tibi
312 2138 412 2178 daret,
425 2150 490 2172 non
506 2138 671 2182 defatigari
692 2140 724 2172 in
752 2139 857 2172 multis
880 2138 1134 2181 generationibus
1148 2137 1305 2178 animam3
1327 2137 1382 2169 sed
1398 2137 1525 2170 tandem
1539 2139 1643 2181 aliqua
1658 2150 1698 2172 ex

239 2191 381 2234 pluribus
396 2197 493 2224 morte
507 2193 626 2225 diceret
638 2193 768 2225 omnino
791 2192 899 2225 deleri.
921 2192 998 2235 quin
1023 2191 1116 2224 etiam
1137 2191 1278 2229 adderet,
1293 2191 1449 2223 neminem
1466 2197 1593 2224 mortem
1608 2193 1693 2225 illam

239 2245 540 2289 dissolutionemque
555 2247 704 2290 corporis,
720 2257 791 2290 quae
806 2246 918 2279 animae
940 2256 1066 2289 quoque
1090 2245 1251 2278 interitum
1276 2244 1381 2283 infert,
1395 2255 1488 2287 posse
1502 2245 1675 2278 discernere
1688 2259 1697 2278 ε

241 2309 309 2335 esse
322 2299 406 2332 enim
419 2300 626 2343 impossibile,
641 2305 678 2333 ut
689 2301 854 2344 quisquam
868 2305 1008 2332 nostrum
1022 2299 1057 2332 id
1073 2299 1196 2332 sentiat.
1241 2298 1338 2337 Quod
1352 2298 1480 2341 quidem
1495 2299 1522 2331 si
1537 2299 1580 2331 ita
1596 2310 1628 2332 se
1637 2301 1694 2332 ha-

241 2353 328 2395 beat,
341 2363 434 2386 nemo
449 2364 513 2387 non
526 2354 621 2387 stulte
633 2354 668 2390 in
679 2359 776 2387 morte
788 2354 931 2393 confidit,
943 2354 1004 2385 nisi
1019 2353 1228 2385 demonstrare
1244 2352 1344 2395 possit
1354 2352 1488 2384 animam
1498 2352 1626 2384 omnino
1639 2353 1698 2385 im-

245 2408 405 2445 mortalem
417 2412 510 2451 atque
518 2409 765 2442 indissolubilem
778 2420 855 2441 esse.
869 2408 1009 2451 alioquin
1019 2412 1261 2440 consentaneum
1271 2411 1320 2438 est
1330 2406 1535 2438 necessarium
1547 2416 1627 2444 esse,
1650 2411 1698 2444 ut,

242 2461 297 2503 qui
311 2462 474 2494 moriturus
485 2467 546 2501 est,
553 2464 665 2495 anima
678 2468 796 2495 metunt
810 2473 886 2501 sure,
901 2472 1084 2506 semperque
1099 2462 1140 2494 sit
1150 2461 1312 2499 sollicitus,
1323 2471 1364 2492 ne
1375 2460 1408 2492 in
1418 2470 1467 2498 ea,
1477 2470 1546 2503 quae
1557 2460 1696 2502 proxime

242 2514 397 2554 imminet,
406 2517 545 2558 corporis
555 2517 767 2559 disjunctione
782 2527 906 2560 prorsus
920 2517 1062 2550 intereat.
1109 2515 1229 2548 Omnes
1243 2514 1347 2557 igitur,
1362 2523 1434 2546 cum
1450 2514 1518 2546 haec
1530 2512 1698 2545 audivisse-

242 2578 322 2607 mus,
331 2570 507 2603 conturbati
518 2581 634 2608 sumus,
643 2575 679 2603 ut
689 2576 799 2614 postea
807 2571 943 2604 invicem
954 2570 1141 2613 aperuimus,
1148 2569 1233 2612 quod
1243 2579 1314 2601 cum
1323 2567 1471 2610 superiori
1482 2566 1698 2609 disputatione

244 2621 336 2654 nobis
348 2622 457 2654 fuisset
471 2634 660 2667 magnopere
674 2635 867 2667 persuasum,
883 2625 1059 2657 viderentur
1078 2634 1135 2656 nos
1159 2624 1200 2655 ab
1214 2633 1253 2654 eo
1268 2627 1350 2653 statu
1365 2622 1400 2654 in
1414 2620 1578 2664 praesentia
1592 2620 1698 2651 detur-

244 2675 347 2714 bnsae,
361 2681 456 2719 atque
470 2687 510 2708 eo
520 2677 587 2719 jam
602 2677 767 2720 dejecisse,
782 2683 818 2710 ut
839 2678 956 2710 nedum
978 2677 1151 2710 rationibus
1168 2675 1239 2718 jum
1259 2674 1416 2712 adductis,
1430 2674 1485 2705 sed
1507 2678 1540 2704 et
1553 2672 1699 2704 dicendis

242 2729 373 2772 insuper
394 2729 488 2762 fldem
512 2731 607 2762 ullam
630 2731 869 2771 adhiberemus3
891 2737 1043 2772 verentes,
1057 2741 1098 2766 ne
1112 2730 1162 2762 vel
1187 2740 1245 2762 nos
1258 2738 1455 2772 nequaquam
1470 2726 1543 2758 boni
1559 2735 1695 2757 essemus

239 2782 378 2825 judices,
391 2783 442 2815 vel
457 2795 504 2816 res
515 2785 592 2826 ipsas
607 2785 670 2817 fide
684 2791 788 2818 essent
799 2786 948 2827 indignae.
991 2785 1076 2818 Ecn.
1101 2784 1236 2816 Veniam
1250 2783 1396 2827 equidem
1412 2792 1467 2824 per
1481 2781 1569 2812 Deos
1583 2780 1625 2811 do
1640 2788 1696 2810 vo-

246 2837 306 2875 bis,
330 2848 350 2869 o
375 2837 530 2872 Pbaedon.
552 2849 624 2870 nam
646 2838 722 2871 mihi
743 2839 883 2882 quidem,
898 2839 992 2871 modo
1018 2844 1050 2870 te
1073 2837 1227 2880 audienti,
1240 2838 1302 2869 tale
1324 2836 1473 2878 quiddam
1495 2833 1640 2865 veniebat
1662 2832 1696 2863 in

247 2896 403 2925 mentem:
426 2892 561 2924 Cuinam
576 2892 703 2924 ulterius
717 2893 829 2925 rationi
843 2893 1026 2926 credemus?
1049 2892 1168 2935 quippe
1182 2902 1253 2924 cum
1267 2891 1346 2923 ratio
1359 2889 1415 2921 illa
1438 2886 1583 2924 Socratis,
1597 2895 1695 2927 usque

246 2945 326 2978 adeo
340 2945 434 2988 paulo
451 2951 522 2978 ante
539 2945 717 2988 probabilis,
728 2946 794 2988 jam
810 2946 904 2979 fidem
920 2946 1065 2980 amiserit.
1091 2945 1198 2978 mirum
1214 2949 1261 2977 est
1272 2944 1367 2982 enim,
1380 2946 1530 2984 quantum
1546 2939 1629 2982 apud
1646 2949 1696 2970 me
