1846 3268
269 290 345 330 152
886 289 1153 331 PLA‘roNJs
1660 295 1736 348 [52

269 394 383 432 facere,
399 395 454 438 qui
467 395 589 427 virtutis
604 405 709 426 curam
725 403 832 426 revera
846 394 960 426 habere
974 393 1136 436 profiteris.
1181 393 1234 425 An
1249 394 1294 427 sic
1310 405 1344 427 es
1355 395 1492 437 sapiens,
1508 401 1543 428 ut
1557 397 1738 437 telatuerit,

267 452 300 480 et
315 449 396 490 patri
411 455 443 480 et
457 450 545 480 matri
560 455 594 481 et
608 447 858 490 progenitoribus
873 448 1019 480 omnibus
1035 448 1167 491 patriam
1182 458 1250 480 esse
1261 451 1514 491 anteponendam
1529 461 1539 491 ;
1560 455 1657 494 atque
1665 461 1738 484 esse

264 502 474 534 venerabilius
488 503 639 545 quiddam
655 502 866 545 sanctiusque,
881 503 958 534 etin
973 502 1124 544 superiori
1139 507 1234 539 sorte,
1251 508 1318 535 tum
1341 504 1426 545 apud
1453 505 1543 542 deos,
1568 509 1634 536 tum
1649 507 1735 548 apud

265 556 408 588 homines
422 558 535 589 mentis
555 562 730 600 compotes,
750 556 883 600 patriam
908 556 1148 589 collocandam?
1172 557 1337 600 colemque
1363 569 1432 590 eam
1459 563 1603 600 oportere
1622 560 1736 602 magis,

264 610 358 653 eique
374 613 524 652 obedire;
545 622 583 644 ac
599 611 729 654 rigidius
744 623 777 643 se
800 612 920 655 gerenti
937 612 1042 644 mitius
1057 611 1212 651 assentiri,
1226 623 1319 654 quam
1345 613 1446 654 patri:
1470 620 1514 650 et,
1538 612 1658 655 siquid
1679 612 1732 656 ju-

265 664 352 702 beat,
375 665 426 697 vel
450 665 631 698 dissuadere
651 666 698 698 illi
722 671 875 709 quantum
902 666 1006 708 liceat,
1027 666 1077 698 vel
1103 665 1229 707 facere3
1261 671 1295 698 et
1321 666 1549 708 patientissime
1572 667 1737 705 sustinere,

263 717 423 761 quidquid
444 719 574 762 jusserit
596 720 782 762 patiendum
795 721 807 752 ?
839 731 889 758 ac,
910 720 975 752 sive
999 720 1195 752 mandaverit
1209 720 1363 752 verberari
1392 726 1437 758 te,
1462 721 1528 752 sive
1552 720 1584 752 in
1607 721 1736 755 vincula

265 772 396 814 conjici,
421 774 487 806 sive
511 775 544 806 in
565 775 708 818 proelium
733 775 852 807 miserit
873 776 913 812 ad
929 775 1058 807 vulnera
1080 774 1283 817 excipienda,
1310 779 1504 818 mortemque
1527 775 1734 814 subeundam,

265 827 480 862 obediendum
495 835 544 861 est
557 830 698 862 omnino.
709 828 764 871 jus
779 829 864 861 enim
878 829 925 861 ita
938 829 1040 861 dictat
1053 839 1064 869 5
1077 834 1111 860 et
1124 839 1227 871 neque
1242 828 1518 870 tergiversandum,
1533 839 1638 872 neque
1649 830 1735 874 fugi-

264 882 394 925 endum,
405 893 509 927 neque
521 885 662 916 ordinem
672 884 892 921 deserendum,
904 883 960 915 sed
972 883 1050 915 etin
1065 882 1162 924 bello,
1177 882 1254 915 etin
1266 882 1408 925 judicio,
1423 888 1455 915 et
1470 894 1594 926 prorsus
1604 884 1734 927 ubique,

263 945 303 967 ea
315 941 400 975 suut,
423 948 494 980 quae
521 938 699 981 respublica
722 938 886 981 patriaque
906 938 1046 980 jusserit,
1071 938 1238 971 facienda:
1262 942 1318 970 aut
1340 943 1424 969 certe
1439 938 1554 980 verbis,
1578 943 1735 981 quatenus

259 989 383 1031 justum
397 997 458 1035 est,
485 993 531 1024 uti
546 993 622 1025 licet
635 993 675 1024 ad
691 993 944 1035 persuadendum
961 991 1007 1023 illi
1029 1002 1164 1033 eamque
1184 991 1370 1033 placandam
1384 1003 1391 1022 ε
1417 992 1448 1023 vi
1463 997 1567 1024 autem
1583 993 1630 1024 uti
1645 993 1735 1025 nefas

262 1050 323 1081 est,
349 1046 397 1077 vel
411 1053 520 1079 contra
534 1053 675 1085 matrem,
700 1047 748 1078 vel
763 1051 874 1078 contra
898 1051 1031 1088 patrem,
1051 1047 1186 1078 maxime
1203 1057 1274 1078 vero
1296 1046 1436 1077 omnium
1457 1051 1565 1078 contra
1587 1046 1733 1089 patriam.

262 1097 424 1135 Quidnam
439 1102 480 1132 ad
496 1102 564 1134 haec
579 1102 731 1142 dicemus,
747 1101 847 1138 Crito,
861 1111 976 1132 verane
1002 1100 1089 1143 loqui
1112 1100 1210 1142 leges,
1232 1111 1272 1132 au
1293 1100 1423 1132 contra?
1469 1100 1534 1133 Cn.
1556 1100 1640 1133 Mihi
1660 1101 1734 1144 vqui-

260 1151 333 1183 dem
350 1154 506 1188 videntur.
550 1156 609 1187 So.
632 1155 771 1187 Proinde
784 1155 869 1197 leges
883 1155 1013 1187 fortasse
1027 1155 1136 1187 dicent
1150 1165 1159 1186 :
1183 1153 1421 1192 Animadverte,
1433 1154 1619 1194 oSocrates,
1628 1159 1733 1193 utrum

262 1216 333 1237 vere
343 1207 496 1250 dicamus,
516 1214 548 1241 te
562 1209 684 1251 injusta
697 1213 807 1240 contra
822 1219 880 1240 nos
895 1208 1034 1251 aggredi.
1078 1207 1147 1240 Nos
1174 1208 1314 1250 quidem,
1337 1219 1410 1251 quae
1433 1213 1464 1240 te
1485 1214 1523 1241 et
1544 1209 1623 1246 alios
1642 1207 1733 1247 ,cives

260 1260 436 1303 genuimus,
462 1263 678 1302 educavimus,
703 1262 900 1304 nutrivimus,
927 1262 1097 1305 participes
1118 1263 1272 1294 bonorum
1294 1262 1449 1304 omnium,
1469 1273 1542 1305 quae
1567 1263 1601 1295 in
1622 1269 1733 1299 nostra

260 1319 351 1345 erant
365 1322 534 1357 potestate,
549 1318 710 1350 effecimus
723 1329 731 1349 ι
757 1322 860 1349 tamen
876 1315 1072 1358 permisimus
1087 1315 1218 1349 cuilibet
1234 1314 1489 1355 Atheniensium,
1511 1317 1646 1359 cognitis
1661 1317 1730 1360 jam

260 1367 398 1402 civitatis
407 1373 548 1404 'moribus
565 1373 762 1414 legibusque,
783 1377 816 1403 et
839 1371 1022 1413 reipublicae
1038 1370 1251 1412 gubernandae
1274 1369 1388 1412 forma,
1411 1370 1503 1409 sicui
1524 1381 1588 1402 non
1604 1371 1731 1413 placea-

261 1433 341 1462 mus,
355 1423 464 1470 licere,
479 1426 618 1469 acceptis
632 1426 709 1464 suis,
719 1435 910 1467 quocunque
925 1424 1079 1467 placuerit
1092 1424 1165 1456 hinc
1180 1424 1275 1457 abire.
1318 1423 1392 1456 Nec
1416 1424 1480 1456 ulla
1493 1436 1531 1457 ex
1546 1426 1638 1458 nobis
1649 1425 1730 1469 legi-

259 1477 319 1509 bus
333 1477 468 1521 impedit
481 1486 537 1512 aut
551 1481 700 1523 denegat,
724 1480 789 1512 sive
805 1479 876 1522 quis
892 1485 1041 1519 vestrum,
1063 1479 1115 1511 cui
1130 1489 1188 1514 nos
1204 1478 1379 1521 civitasque
1395 1478 1524 1511 minime
1541 1479 1730 1522 placeamus,

258 1531 292 1563 iu
307 1533 463 1567 coloniam
479 1535 616 1578 aliquam
632 1535 706 1566 hinc
723 1534 800 1566 velit
814 1534 988 1572 discedere,
1009 1533 1075 1565 sive
1097 1533 1326 1564 habitationem
1353 1532 1415 1564 alio
1431 1533 1594 1572 transferre
1609 1535 1731 1577 cupiat,

259 1596 324 1628 quo
337 1588 440 1620 minus
454 1589 488 1621 id
506 1591 561 1632 pr'o
576 1589 702 1621 arbitrio
718 1589 820 1620 facere
836 1588 951 1630 valeat,
965 1598 1136 1630 secumque
1150 1598 1208 1621 sua
1218 1587 1367 1630 perferre.
1410 1586 1458 1620 At
1466 1598 1539 1620 vero
1549 1588 1731 1632 quicunque

258 1651 296 1672 ex
315 1643 416 1682 vobis,
431 1649 598 1687 postquam
611 1643 805 1686 cognoverit,
819 1643 1083 1685 quemadmodum
1097 1653 1156 1673 nos
1162 1641 1287 1684 judicia
1300 1641 1510 1684 disponimus,
1524 1647 1558 1675 et
1571 1642 1604 1675 in
1619 1643 1733 1676 ceteris

259 1696 406 1729 omnibus
419 1698 555 1741 regimus
571 1698 745 1735 civitatem,
757 1697 967 1740 permanserit
980 1701 1098 1736 tamen,
1113 1697 1198 1729 hunc
1219 1695 1286 1738 jam
1302 1706 1525 1737 asseveramus,
1550 1707 1645 1738 opere
1657 1697 1730 1740 ipso

258 1752 443 1784 convenisse
457 1754 634 1792 nobiscum,
648 1763 846 1796 quaecunque
869 1752 1064 1794 jusserimus,
1087 1761 1121 1783 se
1141 1750 1307 1783 facturum.
1350 1750 1459 1793 Atque
1482 1761 1568 1791 eum,
1590 1752 1644 1794 qui
1666 1762 1732 1786 non

259 1807 409 1847 paruerit,
434 1807 600 1850 tripliciter
622 1807 763 1850 injuriari
777 1815 959 1839 censemus:
985 1812 1018 1838 et
1041 1806 1128 1848 quod
1143 1804 1348 1848 genitricibus
1362 1805 1453 1837 uobis
1477 1816 1542 1841 non
1566 1806 1730 1849 obtempe-

257 1866 327 1901 rat;
350 1866 384 1892 et
397 1863 483 1904 quod
499 1863 673 1895 nutricibus
684 1873 748 1894 non
764 1862 949 1904 obsequitur
962 1873 972 1902 ;
993 1866 1027 1893 et
1040 1861 1126 1903 quod
1142 1865 1253 1902 pactus
1267 1859 1359 1892 nobis
1374 1859 1517 1902 obedire,
1533 1870 1638 1904 neque
1653 1862 1729 1901 obe-

258 1915 319 1952 dit,
332 1926 436 1958 neque
450 1918 638 1959 persuadere
654 1917 744 1948 nobis
759 1917 877 1954 studet,
903 1916 930 1947 si
951 1917 1029 1958 quid
1052 1915 1156 1947 minus
1167 1918 1254 1947 recte
1269 1913 1372 1947 facere
1386 1914 1571 1948 videamur:
1592 1926 1729 1957 cumque

258 1975 420 2012 praecepta
433 1976 539 2006 nostra
553 1971 650 2003 libere
673 1971 752 2014 [52]
775 1981 1000 2013 proponamuS,
1023 1980 1129 2012 neque
1151 1969 1335 2005 mandemus
1358 1968 1472 2011 rigide,
1493 1969 1551 2003 sed
1566 1970 1729 2012 permitta-

258 2035 327 2056 mus
341 2025 471 2057 alterum
488 2037 505 2057 e
520 2026 656 2067 duobus,
671 2031 727 2057 aut
740 2026 841 2057 verbis
850 2025 1037 2067 [persuaderi
1052 2024 1154 2062 nobis,
1170 2029 1226 2056 aut
1239 2023 1388 2057 mandata
1400 2023 1548 2065 explere3
1567 2028 1606 2056 tu
1617 2024 1728 2056 horum

258 2084 403 2112 neutrum
417 2080 508 2112 sacis.
553 2080 613 2112 His
625 2091 700 2123 ergo
714 2079 896 2112 criminibus
918 2087 962 2118 te,
989 2090 1008 2110 ο
1024 2079 1180 2116 Socrates,
1207 2078 1376 2111 obnoxium
1394 2076 1575 2118 judicamus
1588 2077 1666 2116 sore,
1688 2078 1728 2117 si,

256 2144 328 2178 quae
344 2134 477 2176 cogitas,
492 2134 624 2167 feceris:
649 2145 709 2167 nec
733 2133 861 2166 minime
883 2132 1126 2165 Atheniensium
1149 2138 1193 2170 te,
1220 2131 1425 2169 sedfmaxime
1439 2131 1590 2165 omnium.
1634 2131 1728 2164 Acci

257 2199 384 2221 causam
398 2189 563 2232 requiram,
576 2189 617 2220 ob
631 2199 725 2232 quam
741 2187 932 2231 praevceteris
951 2187 1009 2218 sim
1034 2186 1201 2223 obnoxius,
1225 2186 1305 2218 sorte
1326 2186 1414 2227 juste
1427 2196 1480 2218 me
1504 2185 1727 2230 remorderent,

256 2243 412 2282 dicentes,
428 2254 478 2275 me
492 2243 629 2275 maxime
644 2243 784 2275 omnium
799 2240 1044 2278 Atheniensium
1060 2240 1197 2273 civitatis
1214 2240 1336 2283 legibus
1352 2239 1557 2273 consensisse.
1581 2240 1629 2272 sic
1640 2239 1725 2278 enim

255 2298 424 2331 inferrent:
449 2298 572 2340 Magna
583 2298 690 2336 nobis,
706 2308 725 2329 ο
740 2297 895 2335 Socrates,
908 2296 1018 2327 horum
1038 2299 1112 2327 sunt
1129 2300 1324 2336 argumenta,
1346 2294 1404 2326 tibi
1422 2305 1480 2326 nos
1492 2294 1726 2338 ,civitatemque

255 2352 425 2394 placuisse.
447 2363 612 2395 nunquam
633 2352 718 2384 enim
737 2351 871 2384 maxime
892 2350 1032 2384 onmium
1057 2348 1299 2382 Atheniensium
1322 2349 1357 2382 in
1381 2359 1420 2380 ea
1442 2359 1543 2381 moras
1565 2349 1725 2391 tras-isses,

255 2406 318 2439 nisi
332 2407 390 2438 tibi
404 2407 534 2439 mirifice
550 2407 730 2449 placuisset.
776 2406 963 2450 Itaquernec
976 2404 1152 2448 spectaculi
1164 2404 1265 2447 gratia
1279 2404 1355 2436 urbe
1371 2412 1510 2446 unquam
1523 2413 1664 2446 egressus
1678 2414 1725 2442 es,

255 2460 317 2492 nisi
330 2461 426 2493 semel
442 2462 475 2493 in
491 2461 657 2500 Isthmum,
682 2472 744 2495 nec
757 2461 821 2494 alio
836 2471 980 2503 usquam,
996 2459 1057 2492 uisi
1072 2459 1104 2491 in
1119 2459 1250 2499 militia;
1274 2468 1379 2501 neque
1399 2458 1492 2494 aliam
1507 2457 1610 2490 fecisti
1632 2468 1725 2500 pere-

256 2515 463 2558 grinationem
480 2527 630 2559 uuquam,
644 2516 909 2559 quemadmodum
924 2514 1019 2548 ceteri
1033 2514 1137 2546 solent
1150 2503 1160 2554 ξ
1183 2523 1287 2555 neque
1302 2510 1429 2544 alterius
1443 2510 1581 2550 civitatis
1591 2515 1623 2543 te
1636 2511 1726 2555 cepit

255 2570 427 2612 cupiditas,
457 2570 626 2602 aliarumve
647 2571 750 2613 legum
765 2583 773 2602 ι
797 2572 852 2603 sed
872 2581 940 2603 >nos
964 2569 1020 2601 tibi
1046 2574 1214 2610 nostraque
1236 2567 1347 2599 civitas
1372 2565 1601 2606 satisfecimus3
1624 2575 1724 2609 usque

255 2625 338 2655 adeo
347 2625 548 2656 vehementer
564 2626 701 2667 probasti
716 2636 786 2668 nos,
801 2625 977 2667 nostrisque
991 2623 1129 2655 moribus
1144 2622 1297 2657 victurum
1325 2626 1356 2652 te
1375 2619 1583 2654 consensisti:
1606 2626 1673 2652 tum
1688 2619 1722 2651 in

254 2679 367 2711 ceteris
380 2679 483 2717 rebus,
508 2685 574 2710 tum
590 2680 664 2723 quia
685 2680 721 2712 in
741 2691 780 2712 ea
803 2679 884 2712 filios
908 2677 1090 2722 procreasti,
1114 2682 1227 2721 utpote
1247 2686 1319 2719 quas
1344 2674 1403 2708 tibi
1425 2674 1589 2718 placuerit.
1633 2673 1724 2712 Quin

254 2733 352 2765 etiam
364 2733 480 2765 licebat
496 2733 600 2766 tibiin
615 2734 684 2777 ipso
693 2734 818 2777 judicio
833 2733 975 2767 exsilium
991 2732 1164 2776 postulare,
1186 2731 1215 2765 si
1232 2730 1404 2770 voluisses3
1426 2728 1620 2772 atquequod
1636 2738 1722 2760 nunc
1748 2763 1751 2766 ,

253 2787 354 2819 invita
369 2787 496 2820 civitate
509 2789 699 2830 aggrederis,
715 2795 791 2822 tunc
806 2799 845 2822 ea
858 2789 985 2821 volente
1006 2792 1133 2830 poteras
1156 2787 1270 2819 facere.
1315 2784 1365 2816 Tu
1380 2794 1453 2816 vero
1467 2783 1570 2815 verbis
1587 2787 1663 2815 tuuc
1687 2787 1720 2814 te

254 2842 404 2884 extulisti,
418 2842 508 2885 quasi
520 2853 584 2874 non
599 2844 733 2886 graviter
755 2844 862 2882 serres,
885 2843 911 2875 si
934 2842 1012 2875 mori
1035 2847 1065 2874 te
1081 2846 1251 2884 oporteret.
1273 2839 1445 2882 quinimmo
1459 2841 1591 2869 mortem
1605 2835 1720 2879 ipsam,

255 2901 291 2928 ut
307 2897 447 2934 dicebas,
463 2897 568 2939 potius
583 2908 677 2940 quam
692 2898 834 2930 exsilium
848 2897 984 2941 elegisti.
1022 2896 1126 2928 -Nunc
1140 2906 1213 2928 vero
1228 2904 1288 2926 nee
1302 2893 1397 2925 verba
1416 2891 1472 2924 illa
1485 2895 1540 2924 tua
1552 2890 1722 2933 erubescis,

254 2961 359 2994 neque
372 2961 430 2983 nos
443 2951 527 2994 leges
542 2952 666 2991 vereris,
681 2953 736 2985 sed
749 2954 841 2986 nobis
857 2953 1016 2985 interitum
1032 2950 1229 2983 machinaris.
1273 2947 1364 2983 Facie
1379 2951 1497 2984 autem,
1509 2945 1595 2988 quod
1616 2945 1719 2977 deter-

253 3005 348 3037 rimus
363 3005 479 3039 faceret
494 3016 610 3050 servus,
625 3007 732 3052 sugam
747 3008 882 3052 arripere
897 3012 1035 3046 tentans,
1058 3010 1167 3040 contra
1189 3003 1352 3047 pactiones
1370 3000 1671 3044 conveufiwssqu‘e
1685 2998 1719 3033 5¹¹
