<?xml version="1.0" encoding="UTF-8"?>
<!DOCTYPE html PUBLIC "-//W3C//DTD XHTML 1.0 Transitional//EN"
    "http://www.w3.org/TR/xhtml1/DTD/xhtml1-transitional.dtd">
<html xmlns="http://www.w3.org/1999/xhtml" xml:lang="en" lang="en">
 <head>
  <title>
</title>
<meta http-equiv="Content-Type" content="text/html;charset=utf-8" />
  <meta name='ocr-system' content='tesseract 3.04.00' />
  <meta name='ocr-capabilities' content='ocr_page ocr_carea ocr_par ocr_line ocrx_word'/>
</head>
<body>
  <div class='ocr_page' id='page_1' title='image "./platonisetquaeve10plat_0285.png"; bbox 0 0 1846 3268; ppageno 0'>
   <div class='ocr_carea' id='block_1_1' title="bbox 194 282 1653 336">
    <p class='ocr_par' dir='ltr' id='par_1_1' title="bbox 194 282 1653 336">
     <span class='ocr_line' id='line_1_1' title="bbox 194 282 1653 336; baseline 0.001 -11"><span class='ocrx_word' id='word_1_1' title='bbox 194 285 263 336; x_wconf 79' lang='lat'><strong><em>⁹79]</em></strong></span> <span class='ocrx_word' id='word_1_2' title='bbox 838 282 1012 322; x_wconf 83' lang='lat' dir='ltr'><strong>MENo.</strong></span> <span class='ocrx_word' id='word_1_3' title='bbox 1574 290 1653 327; x_wconf 79' lang='lat'><strong>275</strong></span> 
     </span>
    </p>
   </div>
   <div class='ocr_carea' id='block_1_2' title="bbox 150 383 1691 3010">
    <p class='ocr_par' dir='ltr' id='par_1_2' title="bbox 150 383 1691 3010">
     <span class='ocr_line' id='line_1_2' title="bbox 185 383 1650 430; baseline 0.001 -11"><span class='ocrx_word' id='word_1_4' title='bbox 185 386 340 430; x_wconf 84' lang='lat' dir='ltr'><strong>cupiant:</strong></span> <span class='ocrx_word' id='word_1_5' title='bbox 364 386 492 429; x_wconf 80' lang='lat' dir='ltr'><strong>quidam</strong></span> <span class='ocrx_word' id='word_1_6' title='bbox 504 394 587 422; x_wconf 80' lang='lat' dir='ltr'><strong>vero,</strong></span> <span class='ocrx_word' id='word_1_7' title='bbox 597 383 764 427; x_wconf 80' lang='lat' dir='ltr'><strong>quimala?</strong></span> <span class='ocrx_word' id='word_1_8' title='bbox 810 384 908 417; x_wconf 66' lang='lat' dir='ltr'><strong>Max.</strong></span> <span class='ocrx_word' id='word_1_9' title='bbox 930 385 1042 417; x_wconf 88' lang='lat' dir='ltr'><strong>Immo.</strong></span> <span class='ocrx_word' id='word_1_10' title='bbox 1086 385 1144 419; x_wconf 87' lang='lat' dir='ltr'><strong>So.</strong></span> <span class='ocrx_word' id='word_1_11' title='bbox 1169 385 1244 418; x_wconf 90' lang='lat' dir='ltr'><strong>Non</strong></span> <span class='ocrx_word' id='word_1_12' title='bbox 1254 396 1363 421; x_wconf 82' lang='lat' dir='ltr'><strong>omnes</strong></span> <span class='ocrx_word' id='word_1_13' title='bbox 1376 387 1650 430; x_wconf 81' lang='lat' dir='ltr'><strong>igitur,ooptime</strong></span> 
     </span>
     <span class='ocr_line' id='line_1_3' title="bbox 187 438 1648 484; baseline 0.001 -11"><span class='ocrx_word' id='word_1_14' title='bbox 187 441 245 482; x_wconf 84' lang='lat' dir='ltr'><strong>vir,</strong></span> <span class='ocrx_word' id='word_1_15' title='bbox 260 442 342 472; x_wconf 78' lang='lat' dir='ltr'><strong>bona</strong></span> <span class='ocrx_word' id='word_1_16' title='bbox 363 440 420 471; x_wconf 84' lang='lat' dir='ltr'><strong>tibi</strong></span> <span class='ocrx_word' id='word_1_17' title='bbox 443 443 589 482; x_wconf 88' lang='lat' dir='ltr'><strong>appetere</strong></span> <span class='ocrx_word' id='word_1_18' title='bbox 604 438 769 469; x_wconf 84' lang='lat' dir='ltr'><strong>videntur?</strong></span> <span class='ocrx_word' id='word_1_19' title='bbox 814 438 912 471; x_wconf 70' lang='grc' dir='ltr'><strong>ΜΕΝ.</strong></span> <span class='ocrx_word' id='word_1_20' title='bbox 935 439 1020 470; x_wconf 90' lang='lat' dir='ltr'>Mihi</span> <span class='ocrx_word' id='word_1_21' title='bbox 1045 449 1254 481; x_wconf 84' lang='lat' dir='ltr'><strong>nequaquam.</strong></span> <span class='ocrx_word' id='word_1_22' title='bbox 1299 441 1354 473; x_wconf 90' lang='lat' dir='ltr'><strong>So.</strong></span> <span class='ocrx_word' id='word_1_23' title='bbox 1379 442 1515 479; x_wconf 86' lang='lat' dir='ltr'><strong>Quidam</strong></span> <span class='ocrx_word' id='word_1_24' title='bbox 1538 442 1648 484; x_wconf 80' lang='lat' dir='ltr'><strong>itaque</strong></span> 
     </span>
     <span class='ocr_line' id='line_1_4' title="bbox 188 491 1646 538; baseline 0.001 -12"><span class='ocrx_word' id='word_1_25' title='bbox 188 495 293 526; x_wconf 82' lang='lat' dir='ltr'><strong>mala?</strong></span> <span class='ocrx_word' id='word_1_26' title='bbox 336 494 434 525; x_wconf 69' lang='grc' dir='ltr'><strong>ΜΕΝ.</strong></span> <span class='ocrx_word' id='word_1_27' title='bbox 454 493 515 524; x_wconf 85' lang='lat' dir='ltr'><strong>Ita.</strong></span> <span class='ocrx_word' id='word_1_28' title='bbox 559 492 615 524; x_wconf 91' lang='lat' dir='ltr'><strong>So.</strong></span> <span class='ocrx_word' id='word_1_29' title='bbox 639 491 692 522; x_wconf 89' lang='lat' dir='ltr'><strong>An</strong></span> <span class='ocrx_word' id='word_1_30' title='bbox 709 491 751 522; x_wconf 85' lang='lat' dir='ltr'><strong>ita</strong></span> <span class='ocrx_word' id='word_1_31' title='bbox 765 491 857 535; x_wconf 74' lang='lat' dir='ltr'><strong>dicis,</strong></span> <span class='ocrx_word' id='word_1_32' title='bbox 873 493 961 533; x_wconf 83' lang='lat' dir='ltr'><strong>quasi</strong></span> <span class='ocrx_word' id='word_1_33' title='bbox 984 503 1054 534; x_wconf 87' lang='lat' dir='ltr'><strong>quae</strong></span> <span class='ocrx_word' id='word_1_34' title='bbox 1080 494 1162 524; x_wconf 80' lang='lat' dir='ltr'><strong>mala</strong></span> <span class='ocrx_word' id='word_1_35' title='bbox 1177 501 1259 531; x_wconf 84' lang='lat' dir='ltr'><strong>sunt,</strong></span> <span class='ocrx_word' id='word_1_36' title='bbox 1276 496 1360 526; x_wconf 84' lang='lat' dir='ltr'><strong>bona</strong></span> <span class='ocrx_word' id='word_1_37' title='bbox 1376 506 1442 527; x_wconf 88' lang='lat' dir='ltr'><strong>esse</strong></span> <span class='ocrx_word' id='word_1_38' title='bbox 1458 496 1646 538; x_wconf 78' lang='lat' dir='ltr'><strong>opinentur:</strong></span> 
     </span>
     <span class='ocr_line' id='line_1_5' title="bbox 188 544 1647 592; baseline 0.003 -13"><span class='ocrx_word' id='word_1_39' title='bbox 188 547 348 579; x_wconf 84' lang='lat' dir='ltr'><strong>autetiam</strong></span> <span class='ocrx_word' id='word_1_40' title='bbox 363 552 526 578; x_wconf 88' lang='lat' dir='ltr'><strong>noscentes</strong></span> <span class='ocrx_word' id='word_1_41' title='bbox 542 545 627 586; x_wconf 89' lang='lat' dir='ltr'><strong>quod</strong></span> <span class='ocrx_word' id='word_1_42' title='bbox 654 544 735 575; x_wconf 89' lang='lat' dir='ltr'><strong>mala</strong></span> <span class='ocrx_word' id='word_1_43' title='bbox 757 550 842 584; x_wconf 90' lang='lat' dir='ltr'><strong>sunt,</strong></span> <span class='ocrx_word' id='word_1_44' title='bbox 857 545 1058 577; x_wconf 77' lang='lat' dir='ltr'><strong>nihilominus</strong></span> <span class='ocrx_word' id='word_1_45' title='bbox 1085 547 1139 578; x_wconf 84' lang='lat' dir='ltr'><strong>illa</strong></span> <span class='ocrx_word' id='word_1_46' title='bbox 1162 548 1314 589; x_wconf 86' lang='lat' dir='ltr'><strong>cupiant?</strong></span> <span class='ocrx_word' id='word_1_47' title='bbox 1358 549 1455 582; x_wconf 72' lang='grc' dir='ltr'><strong>ΜΕΝ.</strong></span> <span class='ocrx_word' id='word_1_48' title='bbox 1478 549 1647 592; x_wconf 88' lang='lat' dir='ltr'><strong>Utrunque</strong></span> 
     </span>
     <span class='ocr_line' id='line_1_6' title="bbox 187 599 1652 646; baseline 0.002 -13"><span class='ocrx_word' id='word_1_49' title='bbox 187 601 250 633; x_wconf 88' lang='lat' dir='ltr'><strong>aio.</strong></span> <span class='ocrx_word' id='word_1_50' title='bbox 293 601 348 632; x_wconf 90' lang='lat' dir='ltr'><strong>So.</strong></span> <span class='ocrx_word' id='word_1_51' title='bbox 370 599 423 631; x_wconf 92' lang='lat' dir='ltr'><strong>An</strong></span> <span class='ocrx_word' id='word_1_52' title='bbox 439 609 547 631; x_wconf 83' lang='lat' dir='ltr'><strong>censes</strong></span> <span class='ocrx_word' id='word_1_53' title='bbox 557 599 692 640; x_wconf 77' lang='lat' dir='ltr'><strong>aliquem</strong></span> <span class='ocrx_word' id='word_1_54' title='bbox 707 605 948 639; x_wconf 82' lang='lat' dir='ltr'><strong>cognoscentem</strong></span> <span class='ocrx_word' id='word_1_55' title='bbox 961 600 1054 639; x_wconf 82' lang='lat' dir='ltr'><strong>mala,</strong></span> <span class='ocrx_word' id='word_1_56' title='bbox 1068 601 1153 642; x_wconf 88' lang='lat' dir='ltr'><strong>quod</strong></span> <span class='ocrx_word' id='word_1_57' title='bbox 1170 602 1251 633; x_wconf 81' lang='lat' dir='ltr'><strong>mala</strong></span> <span class='ocrx_word' id='word_1_58' title='bbox 1265 607 1349 640; x_wconf 86' lang='lat' dir='ltr'><strong>sunt,</strong></span> <span class='ocrx_word' id='word_1_59' title='bbox 1359 603 1414 634; x_wconf 87' lang='lat' dir='ltr'><strong>illa</strong></span> <span class='ocrx_word' id='word_1_60' title='bbox 1428 609 1533 635; x_wconf 84' lang='lat' dir='ltr'><strong>tamen</strong></span> <span class='ocrx_word' id='word_1_61' title='bbox 1547 614 1652 646; x_wconf 88' lang='lat' dir='ltr'><strong>appe·</strong></span> 
     </span>
     <span class='ocr_line' id='line_1_7' title="bbox 188 652 1650 695; baseline 0.003 -10"><span class='ocrx_word' id='word_1_62' title='bbox 188 654 276 687; x_wconf 82' lang='lat' dir='ltr'><strong>tere?</strong></span> <span class='ocrx_word' id='word_1_63' title='bbox 319 654 416 686; x_wconf 68' lang='lat' dir='ltr'><strong>Mun.</strong></span> <span class='ocrx_word' id='word_1_64' title='bbox 440 652 594 684; x_wconf 76' lang='lat' dir='ltr'><strong>Arbitror.</strong></span> <span class='ocrx_word' id='word_1_65' title='bbox 638 653 696 684; x_wconf 89' lang='lat' dir='ltr'><strong>So.</strong></span> <span class='ocrx_word' id='word_1_66' title='bbox 729 652 814 689; x_wconf 85' lang='lat' dir='ltr'><strong>Quid</strong></span> <span class='ocrx_word' id='word_1_67' title='bbox 845 658 948 684; x_wconf 88' lang='lat' dir='ltr'><strong>autem</strong></span> <span class='ocrx_word' id='word_1_68' title='bbox 974 659 1122 695; x_wconf 78' lang='lat' dir='ltr'><strong>exoptare</strong></span> <span class='ocrx_word' id='word_1_69' title='bbox 1149 656 1233 686; x_wconf 88' lang='lat' dir='ltr'><strong>hunc</strong></span> <span class='ocrx_word' id='word_1_70' title='bbox 1258 656 1363 687; x_wconf 85' lang='lat' dir='ltr'><strong>dicis?</strong></span> <span class='ocrx_word' id='word_1_71' title='bbox 1395 668 1471 688; x_wconf 87' lang='lat' dir='ltr'><strong>num</strong></span> <span class='ocrx_word' id='word_1_72' title='bbox 1496 658 1563 690; x_wconf 89' lang='lat' dir='ltr'><strong>haec</strong></span> <span class='ocrx_word' id='word_1_73' title='bbox 1589 659 1650 690; x_wconf 90' lang='lat' dir='ltr'><strong>sibi</strong></span> 
     </span>
     <span class='ocr_line' id='line_1_8' title="bbox 185 706 1649 752; baseline 0.003 -13"><span class='ocrx_word' id='word_1_74' title='bbox 185 708 318 739; x_wconf 81' lang='lat' dir='ltr'><strong>adesse?</strong></span> <span class='ocrx_word' id='word_1_75' title='bbox 363 707 459 739; x_wconf 71' lang='grc' dir='ltr'><strong>ΜΕΝ.</strong></span> <span class='ocrx_word' id='word_1_76' title='bbox 482 706 603 738; x_wconf 86' lang='lat' dir='ltr'><strong>Adesse</strong></span> <span class='ocrx_word' id='word_1_77' title='bbox 619 716 704 738; x_wconf 90' lang='lat' dir='ltr'><strong>sane.</strong></span> <span class='ocrx_word' id='word_1_78' title='bbox 728 716 799 737; x_wconf 90' lang='lat' dir='ltr'><strong>nam</strong></span> <span class='ocrx_word' id='word_1_79' title='bbox 824 707 900 747; x_wconf 89' lang='lat' dir='ltr'><strong>quid</strong></span> <span class='ocrx_word' id='word_1_80' title='bbox 920 707 1005 738; x_wconf 81' lang='lat' dir='ltr'><strong>aliud</strong></span> <span class='ocrx_word' id='word_1_81' title='bbox 1033 708 1148 749; x_wconf 86' lang='lat' dir='ltr'><strong>optet?</strong></span> <span class='ocrx_word' id='word_1_82' title='bbox 1192 709 1247 741; x_wconf 88' lang='lat' dir='ltr'><strong>So.</strong></span> <span class='ocrx_word' id='word_1_83' title='bbox 1271 709 1383 741; x_wconf 86' lang='lat' dir='ltr'><strong>Utrum</strong></span> <span class='ocrx_word' id='word_1_84' title='bbox 1399 712 1453 752; x_wconf 92' lang='lat' dir='ltr'><strong>qui</strong></span> <span class='ocrx_word' id='word_1_85' title='bbox 1470 712 1550 743; x_wconf 87' lang='lat' dir='ltr'><strong>mala</strong></span> <span class='ocrx_word' id='word_1_86' title='bbox 1565 712 1649 744; x_wconf 86' lang='lat' dir='ltr'><strong>desi-</strong></span> 
     </span>
     <span class='ocr_line' id='line_1_9' title="bbox 185 759 1647 808; baseline 0.003 -16"><span class='ocrx_word' id='word_1_87' title='bbox 185 762 284 798; x_wconf 80' lang='lat' dir='ltr'><strong>derat,</strong></span> <span class='ocrx_word' id='word_1_88' title='bbox 299 760 379 792; x_wconf 79' lang='lat' dir='ltr'><strong>mala</strong></span> <span class='ocrx_word' id='word_1_89' title='bbox 393 771 459 792; x_wconf 87' lang='lat' dir='ltr'><strong>esse</strong></span> <span class='ocrx_word' id='word_1_90' title='bbox 473 771 678 802; x_wconf 86' lang='lat' dir='ltr'><strong>cognoscens,</strong></span> <span class='ocrx_word' id='word_1_91' title='bbox 695 759 805 801; x_wconf 85' lang='lat' dir='ltr'><strong>juvare</strong></span> <span class='ocrx_word' id='word_1_92' title='bbox 830 760 884 791; x_wconf 84' lang='lat' dir='ltr'><strong>illa</strong></span> <span class='ocrx_word' id='word_1_93' title='bbox 910 771 981 792; x_wconf 89' lang='lat' dir='ltr'><strong>cum</strong></span> <span class='ocrx_word' id='word_1_94' title='bbox 1003 762 1128 798; x_wconf 85' lang='lat' dir='ltr'><strong>adsunt,</strong></span> <span class='ocrx_word' id='word_1_95' title='bbox 1143 762 1320 794; x_wconf 84' lang='lat' dir='ltr'><strong>existimat?</strong></span> <span class='ocrx_word' id='word_1_96' title='bbox 1344 774 1384 794; x_wconf 84' lang='lat' dir='ltr'><strong>an</strong></span> <span class='ocrx_word' id='word_1_97' title='bbox 1400 766 1647 808; x_wconf 84' lang='lat' dir='ltr'><strong>unumquodque</strong></span> 
     </span>
     <span class='ocr_line' id='line_1_10' title="bbox 184 814 1646 860; baseline 0.004 -14"><span class='ocrx_word' id='word_1_98' title='bbox 184 816 289 857; x_wconf 87' lang='lat' dir='ltr'><strong>potius</strong></span> <span class='ocrx_word' id='word_1_99' title='bbox 302 825 359 846; x_wconf 86' lang='lat' dir='ltr'><strong>sua</strong></span> <span class='ocrx_word' id='word_1_100' title='bbox 372 814 685 856; x_wconf 86' lang='lat' dir='ltr'><strong>praesentialaedere?</strong></span> <span class='ocrx_word' id='word_1_101' title='bbox 730 814 829 846; x_wconf 79' lang='grc' dir='ltr'><strong>ΜΕΝ.</strong></span> <span class='ocrx_word' id='word_1_102' title='bbox 852 814 932 844; x_wconf 91' lang='lat' dir='ltr'><strong>Sunt</strong></span> <span class='ocrx_word' id='word_1_103' title='bbox 958 822 1052 852; x_wconf 83' lang='lat' dir='ltr'><strong>certe,</strong></span> <span class='ocrx_word' id='word_1_104' title='bbox 1068 815 1123 856; x_wconf 88' lang='lat' dir='ltr'><strong>qui</strong></span> <span class='ocrx_word' id='word_1_105' title='bbox 1149 817 1228 847; x_wconf 86' lang='lat' dir='ltr'><strong>mala</strong></span> <span class='ocrx_word' id='word_1_106' title='bbox 1254 817 1402 858; x_wconf 85' lang='lat' dir='ltr'><strong>prodesse</strong></span> <span class='ocrx_word' id='word_1_107' title='bbox 1426 824 1560 860; x_wconf 86' lang='lat' dir='ltr'><strong>putent:</strong></span> <span class='ocrx_word' id='word_1_108' title='bbox 1586 830 1646 852; x_wconf 87' lang='lat' dir='ltr'><strong>nec</strong></span> 
     </span>
     <span class='ocr_line' id='line_1_11' title="bbox 185 869 1644 915; baseline 0.003 -14"><span class='ocrx_word' id='word_1_109' title='bbox 185 870 310 907; x_wconf 78' lang='lat' dir='ltr'><strong>desunt,</strong></span> <span class='ocrx_word' id='word_1_110' title='bbox 325 869 379 910; x_wconf 89' lang='lat' dir='ltr'><strong>qui</strong></span> <span class='ocrx_word' id='word_1_111' title='bbox 394 870 502 901; x_wconf 87' lang='lat' dir='ltr'><strong>obesse</strong></span> <span class='ocrx_word' id='word_1_112' title='bbox 515 873 720 911; x_wconf 82' lang='lat' dir='ltr'><strong>cognoscant.</strong></span> <span class='ocrx_word' id='word_1_113' title='bbox 763 869 821 900; x_wconf 83' lang='lat' dir='ltr'><strong>So.</strong></span> <span class='ocrx_word' id='word_1_114' title='bbox 846 869 1001 900; x_wconf 84' lang='lat' dir='ltr'><strong>Videntur</strong></span> <span class='ocrx_word' id='word_1_115' title='bbox 1016 870 1071 901; x_wconf 90' lang='lat' dir='ltr'><strong>tibi</strong></span> <span class='ocrx_word' id='word_1_116' title='bbox 1088 870 1169 901; x_wconf 84' lang='lat' dir='ltr'><strong>mala</strong></span> <span class='ocrx_word' id='word_1_117' title='bbox 1185 882 1277 903; x_wconf 89' lang='lat' dir='ltr'><strong>nosse</strong></span> <span class='ocrx_word' id='word_1_118' title='bbox 1291 873 1376 913; x_wconf 92' lang='lat' dir='ltr'><strong>quod</strong></span> <span class='ocrx_word' id='word_1_119' title='bbox 1393 873 1474 904; x_wconf 82' lang='lat' dir='ltr'><strong>mala</strong></span> <span class='ocrx_word' id='word_1_120' title='bbox 1487 878 1571 911; x_wconf 89' lang='lat' dir='ltr'><strong>sunt,</strong></span> <span class='ocrx_word' id='word_1_121' title='bbox 1587 875 1644 915; x_wconf 90' lang='lat' dir='ltr'><strong>qui</strong></span> 
     </span>
     <span class='ocr_line' id='line_1_12' title="bbox 186 922 1645 965; baseline 0.004 -11"><span class='ocrx_word' id='word_1_122' title='bbox 186 922 268 955; x_wconf 84' lang='lat' dir='ltr'><strong>mala</strong></span> <span class='ocrx_word' id='word_1_123' title='bbox 283 923 428 965; x_wconf 85' lang='lat' dir='ltr'><strong>prodesse</strong></span> <span class='ocrx_word' id='word_1_124' title='bbox 441 922 586 965; x_wconf 84' lang='lat' dir='ltr'><strong>cuiquam</strong></span> <span class='ocrx_word' id='word_1_125' title='bbox 607 922 801 965; x_wconf 82' lang='lat' dir='ltr'><strong>opinantur?</strong></span> <span class='ocrx_word' id='word_1_126' title='bbox 847 922 946 954; x_wconf 69' lang='grc' dir='ltr'><strong>ΜΕΝ.</strong></span> <span class='ocrx_word' id='word_1_127' title='bbox 969 923 1065 955; x_wconf 85' lang='lat' dir='ltr'><strong>Haud</strong></span> <span class='ocrx_word' id='word_1_128' title='bbox 1089 934 1164 955; x_wconf 88' lang='lat' dir='ltr'><strong>sane</strong></span> <span class='ocrx_word' id='word_1_129' title='bbox 1190 925 1223 955; x_wconf 87' lang='lat' dir='ltr'><strong>id</strong></span> <span class='ocrx_word' id='word_1_130' title='bbox 1249 925 1326 956; x_wconf 90' lang='lat' dir='ltr'><strong>mihi</strong></span> <span class='ocrx_word' id='word_1_131' title='bbox 1340 926 1473 958; x_wconf 87' lang='lat' dir='ltr'><strong>videtur.</strong></span> <span class='ocrx_word' id='word_1_132' title='bbox 1517 927 1572 960; x_wconf 90' lang='lat' dir='ltr'><strong>So.</strong></span> <span class='ocrx_word' id='word_1_133' title='bbox 1596 928 1645 959; x_wconf 83' lang='lat' dir='ltr'><strong>Ex</strong></span> 
     </span>
     <span class='ocr_line' id='line_1_13' title="bbox 183 976 1643 1023; baseline 0.003 -15"><span class='ocrx_word' id='word_1_134' title='bbox 183 977 234 1008; x_wconf 86' lang='lat' dir='ltr'><strong>his</strong></span> <span class='ocrx_word' id='word_1_135' title='bbox 246 977 351 1019; x_wconf 80' lang='lat' dir='ltr'><strong>igitur.</strong></span> <span class='ocrx_word' id='word_1_136' title='bbox 357 982 454 1019; x_wconf 81' lang='lat' dir='ltr'><strong>patet,</strong></span> <span class='ocrx_word' id='word_1_137' title='bbox 469 987 522 1008; x_wconf 89' lang='lat' dir='ltr'><strong>eos</strong></span> <span class='ocrx_word' id='word_1_138' title='bbox 536 987 599 1008; x_wconf 87' lang='lat' dir='ltr'><strong>non</strong></span> <span class='ocrx_word' id='word_1_139' title='bbox 616 980 763 1019; x_wconf 82' lang='lat' dir='ltr'><strong>appetere</strong></span> <span class='ocrx_word' id='word_1_140' title='bbox 778 977 872 1015; x_wconf 85' lang='lat' dir='ltr'><strong>mala,</strong></span> <span class='ocrx_word' id='word_1_141' title='bbox 887 977 941 1018; x_wconf 89' lang='lat' dir='ltr'><strong>qui</strong></span> <span class='ocrx_word' id='word_1_142' title='bbox 956 976 1009 1007; x_wconf 88' lang='lat' dir='ltr'><strong>illa</strong></span> <span class='ocrx_word' id='word_1_143' title='bbox 1025 977 1150 1009; x_wconf 88' lang='lat' dir='ltr'><strong>minime</strong></span> <span class='ocrx_word' id='word_1_144' title='bbox 1168 978 1286 1018; x_wconf 88' lang='lat' dir='ltr'><strong>norint,</strong></span> <span class='ocrx_word' id='word_1_145' title='bbox 1301 980 1355 1010; x_wconf 91' lang='lat' dir='ltr'><strong>sed</strong></span> <span class='ocrx_word' id='word_1_146' title='bbox 1371 979 1424 1011; x_wconf 80' lang='lat' dir='ltr'><strong>illa</strong></span> <span class='ocrx_word' id='word_1_147' title='bbox 1439 981 1555 1022; x_wconf 87' lang='lat' dir='ltr'><strong>potius,</strong></span> <span class='ocrx_word' id='word_1_148' title='bbox 1571 992 1643 1023; x_wconf 81' lang='lat' dir='ltr'><strong>quae</strong></span> 
     </span>
     <span class='ocr_line' id='line_1_14' title="bbox 186 1030 1646 1077; baseline 0.003 -15"><span class='ocrx_word' id='word_1_149' title='bbox 186 1031 271 1062; x_wconf 75' lang='lat' dir='ltr'><strong>bona</strong></span> <span class='ocrx_word' id='word_1_150' title='bbox 290 1041 357 1062; x_wconf 86' lang='lat' dir='ltr'><strong>esse</strong></span> <span class='ocrx_word' id='word_1_151' title='bbox 373 1031 559 1073; x_wconf 84' lang='lat' dir='ltr'><strong>putaverint,</strong></span> <span class='ocrx_word' id='word_1_152' title='bbox 575 1041 646 1062; x_wconf 90' lang='lat' dir='ltr'><strong>cum</strong></span> <span class='ocrx_word' id='word_1_153' title='bbox 676 1036 779 1061; x_wconf 82' lang='lat' dir='ltr'><strong>tamen</strong></span> <span class='ocrx_word' id='word_1_154' title='bbox 805 1030 886 1061; x_wconf 85' lang='lat' dir='ltr'><strong>mala</strong></span> <span class='ocrx_word' id='word_1_155' title='bbox 913 1031 985 1062; x_wconf 88' lang='lat' dir='ltr'><strong>sint.</strong></span> <span class='ocrx_word' id='word_1_156' title='bbox 1009 1036 1200 1073; x_wconf 87' lang='lat' dir='ltr'><strong>quapropter</strong></span> <span class='ocrx_word' id='word_1_157' title='bbox 1223 1032 1402 1072; x_wconf 78' lang='lat' dir='ltr'><strong>ignorantes</strong></span> <span class='ocrx_word' id='word_1_158' title='bbox 1425 1032 1480 1064; x_wconf 83' lang='lat' dir='ltr'><strong>illa</strong></span> <span class='ocrx_word' id='word_1_159' title='bbox 1500 1034 1646 1077; x_wconf 87' lang='lat' dir='ltr'><strong>bonaque</strong></span> 
     </span>
     <span class='ocr_line' id='line_1_15' title="bbox 187 1085 1647 1127; baseline 0.003 -11"><span class='ocrx_word' id='word_1_160' title='bbox 187 1085 410 1121; x_wconf 76' lang='lat' dir='ltr'><strong>existimantes,</strong></span> <span class='ocrx_word' id='word_1_161' title='bbox 425 1085 623 1126; x_wconf 87' lang='lat' dir='ltr'><strong>perspicuum</strong></span> <span class='ocrx_word' id='word_1_162' title='bbox 650 1089 698 1115; x_wconf 86' lang='lat' dir='ltr'><strong>est</strong></span> <span class='ocrx_word' id='word_1_163' title='bbox 723 1085 806 1115; x_wconf 92' lang='lat' dir='ltr'><strong>bona</strong></span> <span class='ocrx_word' id='word_1_164' title='bbox 829 1085 934 1126; x_wconf 82' lang='lat' dir='ltr'><strong>potius</strong></span> <span class='ocrx_word' id='word_1_165' title='bbox 962 1090 1123 1127; x_wconf 85' lang='lat' dir='ltr'><strong>exoptare.</strong></span> <span class='ocrx_word' id='word_1_166' title='bbox 1147 1096 1186 1116; x_wconf 83' lang='lat' dir='ltr'><strong>an</strong></span> <span class='ocrx_word' id='word_1_167' title='bbox 1202 1087 1296 1117; x_wconf 89' lang='lat' dir='ltr'><strong>non?</strong></span> <span class='ocrx_word' id='word_1_168' title='bbox 1339 1086 1440 1118; x_wconf 72' lang='grc' dir='ltr'><strong>ΜΕΝ.</strong></span> <span class='ocrx_word' id='word_1_169' title='bbox 1461 1087 1512 1119; x_wconf 91' lang='lat' dir='ltr'><strong>Sic</strong></span> <span class='ocrx_word' id='word_1_170' title='bbox 1536 1087 1587 1119; x_wconf 81' lang='lat' dir='ltr'><strong>isti</strong></span> <span class='ocrx_word' id='word_1_171' title='bbox 1612 1099 1647 1120; x_wconf 83' lang='lat' dir='ltr'><strong>se</strong></span> 
     </span>
     <span class='ocr_line' id='line_1_16' title="bbox 186 1138 1644 1184; baseline 0.002 -14"><span class='ocrx_word' id='word_1_172' title='bbox 186 1139 301 1171; x_wconf 84' lang='lat' dir='ltr'><strong>habere</strong></span> <span class='ocrx_word' id='word_1_173' title='bbox 315 1139 466 1171; x_wconf 80' lang='lat' dir='ltr'><strong>videntur.</strong></span> <span class='ocrx_word' id='word_1_174' title='bbox 511 1139 569 1172; x_wconf 88' lang='lat' dir='ltr'><strong>So.</strong></span> <span class='ocrx_word' id='word_1_175' title='bbox 592 1138 639 1169; x_wconf 92' lang='lat' dir='ltr'><strong>At</strong></span> <span class='ocrx_word' id='word_1_176' title='bbox 653 1149 724 1169; x_wconf 86' lang='lat' dir='ltr'><strong>vero</strong></span> <span class='ocrx_word' id='word_1_177' title='bbox 742 1138 796 1180; x_wconf 89' lang='lat' dir='ltr'><strong>qui</strong></span> <span class='ocrx_word' id='word_1_178' title='bbox 822 1139 904 1170; x_wconf 84' lang='lat' dir='ltr'><strong>mala</strong></span> <span class='ocrx_word' id='word_1_179' title='bbox 926 1139 1051 1180; x_wconf 87' lang='lat' dir='ltr'><strong>quidem</strong></span> <span class='ocrx_word' id='word_1_180' title='bbox 1078 1139 1240 1181; x_wconf 82' lang='lat' dir='ltr'><strong>affectant,</strong></span> <span class='ocrx_word' id='word_1_181' title='bbox 1256 1147 1291 1171; x_wconf 90' lang='lat' dir='ltr'><strong>ut</strong></span> <span class='ocrx_word' id='word_1_182' title='bbox 1314 1141 1382 1182; x_wconf 87' lang='lat' dir='ltr'><strong>ipse</strong></span> <span class='ocrx_word' id='word_1_183' title='bbox 1404 1140 1518 1182; x_wconf 85' lang='lat' dir='ltr'><strong>inquis,</strong></span> <span class='ocrx_word' id='word_1_184' title='bbox 1542 1152 1644 1184; x_wconf 86' lang='lat' dir='ltr'><strong>eaque</strong></span> 
     </span>
     <span class='ocr_line' id='line_1_17' title="bbox 187 1192 1648 1235; baseline 0.001 -11"><span class='ocrx_word' id='word_1_185' title='bbox 187 1192 364 1235; x_wconf 86' lang='lat' dir='ltr'><strong>cuicunque</strong></span> <span class='ocrx_word' id='word_1_186' title='bbox 379 1192 539 1230; x_wconf 88' lang='lat' dir='ltr'><strong>accidunt,</strong></span> <span class='ocrx_word' id='word_1_187' title='bbox 555 1192 664 1223; x_wconf 89' lang='lat' dir='ltr'><strong>obesse</strong></span> <span class='ocrx_word' id='word_1_188' title='bbox 683 1198 834 1224; x_wconf 88' lang='lat' dir='ltr'><strong>censent:</strong></span> <span class='ocrx_word' id='word_1_189' title='bbox 858 1197 1033 1224; x_wconf 89' lang='lat' dir='ltr'><strong>noscuntne</strong></span> <span class='ocrx_word' id='word_1_190' title='bbox 1049 1193 1133 1234; x_wconf 92' lang='lat' dir='ltr'><strong>quod</strong></span> <span class='ocrx_word' id='word_1_191' title='bbox 1149 1193 1271 1224; x_wconf 86' lang='lat' dir='ltr'><strong>illorum</strong></span> <span class='ocrx_word' id='word_1_192' title='bbox 1289 1194 1454 1235; x_wconf 78' lang='lat' dir='ltr'><strong>praesemia</strong></span> <span class='ocrx_word' id='word_1_193' title='bbox 1469 1195 1648 1226; x_wconf 70' lang='lat' dir='ltr'><strong>laedentur?</strong></span> 
     </span>
     <span class='ocr_line' id='line_1_18' title="bbox 187 1238 1647 1290; baseline 0.001 -12"><span class='ocrx_word' id='word_1_194' title='bbox 187 1246 286 1278; x_wconf 76' lang='grc' dir='ltr'><strong>ΜΕΝ.</strong></span> <span class='ocrx_word' id='word_1_195' title='bbox 311 1246 490 1278; x_wconf 86' lang='lat' dir='ltr'><strong>Necessario</strong></span> <span class='ocrx_word' id='word_1_196' title='bbox 506 1238 654 1288; x_wconf 84' lang='lat' dir='ltr'><strong>sequitur.</strong></span> <span class='ocrx_word' id='word_1_197' title='bbox 698 1247 754 1278; x_wconf 85' lang='lat' dir='ltr'><strong>So.</strong></span> <span class='ocrx_word' id='word_1_198' title='bbox 779 1246 865 1283; x_wconf 87' lang='lat' dir='ltr'><strong>Quid</strong></span> <span class='ocrx_word' id='word_1_199' title='bbox 882 1257 953 1278; x_wconf 89' lang='lat' dir='ltr'><strong>vero</strong></span> <span class='ocrx_word' id='word_1_200' title='bbox 969 1247 1058 1278; x_wconf 84' lang='lat' dir='ltr'><strong>laesos</strong></span> <span class='ocrx_word' id='word_1_201' title='bbox 1073 1247 1226 1286; x_wconf 85' lang='lat' dir='ltr'><strong>homines,</strong></span> <span class='ocrx_word' id='word_1_202' title='bbox 1248 1247 1324 1290; x_wconf 85' lang='grc'>[78]</span> <span class='ocrx_word' id='word_1_203' title='bbox 1342 1259 1447 1280; x_wconf 91' lang='lat' dir='ltr'><strong>nonne</strong></span> <span class='ocrx_word' id='word_1_204' title='bbox 1458 1248 1508 1280; x_wconf 87' lang='lat' dir='ltr'><strong>isti</strong></span> <span class='ocrx_word' id='word_1_205' title='bbox 1519 1249 1647 1280; x_wconf 86' lang='lat' dir='ltr'><strong>miseros</strong></span> 
     </span>
     <span class='ocr_line' id='line_1_19' title="bbox 188 1300 1648 1342; baseline 0.003 -12"><span class='ocrx_word' id='word_1_206' title='bbox 188 1311 270 1340; x_wconf 83' lang='lat' dir='ltr'><strong>esse,</strong></span> <span class='ocrx_word' id='word_1_207' title='bbox 284 1305 439 1342; x_wconf 84' lang='lat' dir='ltr'><strong>quatenus</strong></span> <span class='ocrx_word' id='word_1_208' title='bbox 454 1300 520 1331; x_wconf 78' lang='lat' dir='ltr'><strong>laesi</strong></span> <span class='ocrx_word' id='word_1_209' title='bbox 542 1305 626 1337; x_wconf 81' lang='lat' dir='ltr'><strong>sunt,</strong></span> <span class='ocrx_word' id='word_1_210' title='bbox 642 1300 834 1342; x_wconf 82' lang='lat' dir='ltr'><strong>opinantur?</strong></span> <span class='ocrx_word' id='word_1_211' title='bbox 879 1301 978 1332; x_wconf 75' lang='grc' dir='ltr'><strong>ΜΕΝ.</strong></span> <span class='ocrx_word' id='word_1_212' title='bbox 1002 1301 1074 1332; x_wconf 89' lang='lat' dir='ltr'><strong>Hoc</strong></span> <span class='ocrx_word' id='word_1_213' title='bbox 1097 1312 1222 1342; x_wconf 91' lang='lat' dir='ltr'><strong>quoque</strong></span> <span class='ocrx_word' id='word_1_214' title='bbox 1237 1303 1457 1335; x_wconf 81' lang='lat' dir='ltr'><strong>necessarium.</strong></span> <span class='ocrx_word' id='word_1_215' title='bbox 1499 1302 1557 1335; x_wconf 87' lang='lat' dir='ltr'><strong>So.</strong></span> <span class='ocrx_word' id='word_1_216' title='bbox 1580 1303 1648 1334; x_wconf 88' lang='lat' dir='ltr'><strong>Mi-</strong></span> 
     </span>
     <span class='ocr_line' id='line_1_20' title="bbox 185 1354 1648 1398; baseline 0.002 -14"><span class='ocrx_word' id='word_1_217' title='bbox 185 1364 269 1385; x_wconf 88' lang='lat' dir='ltr'><strong>seros</strong></span> <span class='ocrx_word' id='word_1_218' title='bbox 283 1359 386 1385; x_wconf 85' lang='lat' dir='ltr'><strong>autem</strong></span> <span class='ocrx_word' id='word_1_219' title='bbox 401 1364 505 1385; x_wconf 91' lang='lat' dir='ltr'><strong>nonne</strong></span> <span class='ocrx_word' id='word_1_220' title='bbox 520 1354 684 1385; x_wconf 84' lang='lat' dir='ltr'><strong>infelices?</strong></span> <span class='ocrx_word' id='word_1_221' title='bbox 731 1354 828 1385; x_wconf 59' lang='lat' dir='ltr'><strong>Man.</strong></span> <span class='ocrx_word' id='word_1_222' title='bbox 852 1354 938 1385; x_wconf 83' lang='lat' dir='ltr'><strong>Reor</strong></span> <span class='ocrx_word' id='word_1_223' title='bbox 953 1354 1111 1395; x_wconf 83' lang='lat' dir='ltr'><strong>equidem.</strong></span> <span class='ocrx_word' id='word_1_224' title='bbox 1158 1355 1212 1386; x_wconf 80' lang='lat' dir='ltr'><strong>So.</strong></span> <span class='ocrx_word' id='word_1_225' title='bbox 1237 1354 1335 1387; x_wconf 87' lang='lat' dir='ltr'><strong>Estne</strong></span> <span class='ocrx_word' id='word_1_226' title='bbox 1351 1356 1474 1398; x_wconf 85' lang='lat' dir='ltr'><strong>aliquis,</strong></span> <span class='ocrx_word' id='word_1_227' title='bbox 1486 1355 1542 1398; x_wconf 93' lang='lat' dir='ltr'><strong>qui</strong></span> <span class='ocrx_word' id='word_1_228' title='bbox 1555 1356 1648 1388; x_wconf 87' lang='lat' dir='ltr'><strong>miser</strong></span> 
     </span>
     <span class='ocr_line' id='line_1_21' title="bbox 185 1406 1645 1451; baseline 0.002 -13"><span class='ocrx_word' id='word_1_229' title='bbox 185 1406 333 1439; x_wconf 83' lang='lat' dir='ltr'><strong>etinfelix</strong></span> <span class='ocrx_word' id='word_1_230' title='bbox 343 1417 408 1439; x_wconf 86' lang='lat' dir='ltr'><strong>esse</strong></span> <span class='ocrx_word' id='word_1_231' title='bbox 422 1407 522 1438; x_wconf 86' lang='lat' dir='ltr'><strong>velit?</strong></span> <span class='ocrx_word' id='word_1_232' title='bbox 565 1407 662 1438; x_wconf 73' lang='grc' dir='ltr'><strong>ΜΕΝ.</strong></span> <span class='ocrx_word' id='word_1_233' title='bbox 686 1406 761 1438; x_wconf 90' lang='lat' dir='ltr'><strong>Non</strong></span> <span class='ocrx_word' id='word_1_234' title='bbox 778 1407 912 1439; x_wconf 88' lang='lat' dir='ltr'><strong>videtur.</strong></span> <span class='ocrx_word' id='word_1_235' title='bbox 959 1407 1015 1438; x_wconf 89' lang='lat' dir='ltr'><strong>So.</strong></span> <span class='ocrx_word' id='word_1_236' title='bbox 1040 1406 1143 1437; x_wconf 86' lang='lat' dir='ltr'><strong>Nemo</strong></span> <span class='ocrx_word' id='word_1_237' title='bbox 1169 1407 1262 1448; x_wconf 85' lang='lat' dir='ltr'><strong>igitur</strong></span> <span class='ocrx_word' id='word_1_238' title='bbox 1285 1408 1365 1439; x_wconf 88' lang='lat' dir='ltr'><strong>mala</strong></span> <span class='ocrx_word' id='word_1_239' title='bbox 1380 1409 1459 1446; x_wconf 84' lang='lat' dir='ltr'><strong>vult,</strong></span> <span class='ocrx_word' id='word_1_240' title='bbox 1475 1409 1500 1440; x_wconf 91' lang='lat' dir='ltr'><strong>si</strong></span> <span class='ocrx_word' id='word_1_241' title='bbox 1515 1410 1645 1451; x_wconf 88' lang='lat' dir='ltr'><strong>quidem</strong></span> 
     </span>
     <span class='ocr_line' id='line_1_22' title="bbox 183 1459 1646 1504; baseline 0.002 -12"><span class='ocrx_word' id='word_1_242' title='bbox 183 1461 255 1492; x_wconf 80' lang='lat' dir='ltr'><strong>talis</strong></span> <span class='ocrx_word' id='word_1_243' title='bbox 280 1471 347 1492; x_wconf 87' lang='lat' dir='ltr'><strong>esse</strong></span> <span class='ocrx_word' id='word_1_244' title='bbox 369 1461 496 1496; x_wconf 87' lang='lat' dir='ltr'><strong>minime</strong></span> <span class='ocrx_word' id='word_1_245' title='bbox 509 1460 595 1492; x_wconf 87' lang='lat' dir='ltr'><strong>velit.</strong></span> <span class='ocrx_word' id='word_1_246' title='bbox 618 1471 690 1491; x_wconf 89' lang='lat' dir='ltr'><strong>nam</strong></span> <span class='ocrx_word' id='word_1_247' title='bbox 715 1461 792 1501; x_wconf 88' lang='lat' dir='ltr'><strong>quid</strong></span> <span class='ocrx_word' id='word_1_248' title='bbox 815 1459 901 1490; x_wconf 85' lang='lat' dir='ltr'><strong>aliud</strong></span> <span class='ocrx_word' id='word_1_249' title='bbox 923 1466 971 1491; x_wconf 86' lang='lat' dir='ltr'><strong>est</strong></span> <span class='ocrx_word' id='word_1_250' title='bbox 993 1471 1060 1491; x_wconf 88' lang='lat' dir='ltr'><strong>esse</strong></span> <span class='ocrx_word' id='word_1_251' title='bbox 1082 1461 1238 1499; x_wconf 86' lang='lat' dir='ltr'><strong>miserum,</strong></span> <span class='ocrx_word' id='word_1_252' title='bbox 1253 1472 1347 1503; x_wconf 90' lang='lat' dir='ltr'><strong>quam</strong></span> <span class='ocrx_word' id='word_1_253' title='bbox 1373 1473 1487 1504; x_wconf 86' lang='lat' dir='ltr'><strong>cupere</strong></span> <span class='ocrx_word' id='word_1_254' title='bbox 1509 1464 1590 1495; x_wconf 82' lang='lat' dir='ltr'><strong>mala</strong></span> <span class='ocrx_word' id='word_1_255' title='bbox 1611 1463 1646 1495; x_wconf 84' lang='lat' dir='ltr'><strong>in</strong></span> 
     </span>
     <span class='ocr_line' id='line_1_23' title="bbox 184 1513 1645 1556; baseline 0.002 -10"><span class='ocrx_word' id='word_1_256' title='bbox 184 1524 284 1556; x_wconf 84' lang='lat' dir='ltr'><strong>eaque</strong></span> <span class='ocrx_word' id='word_1_257' title='bbox 307 1515 480 1547; x_wconf 81' lang='lat' dir='ltr'><strong>incurrere?</strong></span> <span class='ocrx_word' id='word_1_258' title='bbox 527 1514 624 1546; x_wconf 69' lang='grc' dir='ltr'><strong>ΜΕΝ.</strong></span> <span class='ocrx_word' id='word_1_259' title='bbox 661 1513 743 1544; x_wconf 86' lang='lat' dir='ltr'><strong>Vera</strong></span> <span class='ocrx_word' id='word_1_260' title='bbox 770 1513 854 1554; x_wconf 90' lang='lat' dir='ltr'><strong>loqui</strong></span> <span class='ocrx_word' id='word_1_261' title='bbox 870 1513 996 1551; x_wconf 83' lang='lat' dir='ltr'><strong>videris,</strong></span> <span class='ocrx_word' id='word_1_262' title='bbox 1012 1524 1030 1544; x_wconf 93' lang='grc' dir='ltr'><strong>ο</strong></span> <span class='ocrx_word' id='word_1_263' title='bbox 1046 1514 1209 1545; x_wconf 83' lang='lat' dir='ltr'><strong>Socrates:</strong></span> <span class='ocrx_word' id='word_1_264' title='bbox 1235 1525 1328 1546; x_wconf 84' lang='lat' dir='ltr'><strong>nemo</strong></span> <span class='ocrx_word' id='word_1_265' title='bbox 1354 1516 1437 1547; x_wconf 89' lang='lat' dir='ltr'><strong>enim</strong></span> <span class='ocrx_word' id='word_1_266' title='bbox 1457 1516 1525 1547; x_wconf 85' lang='lat' dir='ltr'><strong>vult</strong></span> <span class='ocrx_word' id='word_1_267' title='bbox 1550 1517 1645 1550; x_wconf 88' lang='lat' dir='ltr'><strong>mala.</strong></span> 
     </span>
     <span class='ocr_line' id='line_1_24' title="bbox 185 1566 1647 1610; baseline 0.001 -10"><span class='ocrx_word' id='word_1_268' title='bbox 185 1568 241 1600; x_wconf 89' lang='lat' dir='ltr'><strong>So.</strong></span> <span class='ocrx_word' id='word_1_269' title='bbox 264 1567 380 1600; x_wconf 88' lang='lat' dir='ltr'><strong>Nonne</strong></span> <span class='ocrx_word' id='word_1_270' title='bbox 405 1568 500 1610; x_wconf 83' lang='lat' dir='ltr'><strong>paulo</strong></span> <span class='ocrx_word' id='word_1_271' title='bbox 525 1572 597 1599; x_wconf 84' lang='lat' dir='ltr'><strong>ante</strong></span> <span class='ocrx_word' id='word_1_272' title='bbox 622 1566 737 1603; x_wconf 78' lang='lat' dir='ltr'><strong>dixisti,</strong></span> <span class='ocrx_word' id='word_1_273' title='bbox 754 1567 897 1598; x_wconf 86' lang='lat' dir='ltr'><strong>virtutem</strong></span> <span class='ocrx_word' id='word_1_274' title='bbox 919 1577 999 1607; x_wconf 82' lang='lat' dir='ltr'><strong>esse,</strong></span> <span class='ocrx_word' id='word_1_275' title='bbox 1022 1568 1104 1599; x_wconf 88' lang='lat' dir='ltr'><strong>bona</strong></span> <span class='ocrx_word' id='word_1_276' title='bbox 1120 1568 1199 1599; x_wconf 87' lang='lat' dir='ltr'><strong>velle</strong></span> <span class='ocrx_word' id='word_1_277' title='bbox 1226 1579 1262 1600; x_wconf 90' lang='lat' dir='ltr'><strong>ac</strong></span> <span class='ocrx_word' id='word_1_278' title='bbox 1283 1570 1399 1610; x_wconf 87' lang='lat' dir='ltr'><strong>posse?</strong></span> <span class='ocrx_word' id='word_1_279' title='bbox 1444 1571 1543 1603; x_wconf 76' lang='grc' dir='ltr'><strong>ΜΕΝ.</strong></span> <span class='ocrx_word' id='word_1_280' title='bbox 1567 1571 1647 1602; x_wconf 86' lang='lat' dir='ltr'><strong>Dixi</strong></span> 
     </span>
     <span class='ocr_line' id='line_1_25' title="bbox 183 1621 1646 1665; baseline 0.001 -12"><span class='ocrx_word' id='word_1_281' title='bbox 183 1623 344 1664; x_wconf 84' lang='lat' dir='ltr'><strong>equidem.</strong></span> <span class='ocrx_word' id='word_1_282' title='bbox 388 1622 442 1654; x_wconf 87' lang='lat' dir='ltr'><strong>So.</strong></span> <span class='ocrx_word' id='word_1_283' title='bbox 466 1621 519 1655; x_wconf 83' lang='lat' dir='ltr'><strong>An</strong></span> <span class='ocrx_word' id='word_1_284' title='bbox 541 1632 606 1653; x_wconf 87' lang='lat' dir='ltr'><strong>non</strong></span> <span class='ocrx_word' id='word_1_285' title='bbox 631 1631 668 1651; x_wconf 91' lang='lat' dir='ltr'><strong>ex</strong></span> <span class='ocrx_word' id='word_1_286' title='bbox 689 1631 740 1662; x_wconf 87' lang='lat' dir='ltr'><strong>eo,</strong></span> <span class='ocrx_word' id='word_1_287' title='bbox 760 1621 846 1662; x_wconf 86' lang='lat' dir='ltr'><strong>quod</strong></span> <span class='ocrx_word' id='word_1_288' title='bbox 870 1621 988 1652; x_wconf 85' lang='lat' dir='ltr'><strong>dictum</strong></span> <span class='ocrx_word' id='word_1_289' title='bbox 1015 1627 1074 1658; x_wconf 85' lang='lat' dir='ltr'><strong>est,</strong></span> <span class='ocrx_word' id='word_1_290' title='bbox 1091 1622 1234 1653; x_wconf 86' lang='lat' dir='ltr'><strong>voluntas</strong></span> <span class='ocrx_word' id='word_1_291' title='bbox 1255 1622 1381 1664; x_wconf 87' lang='lat' dir='ltr'><strong>quidem</strong></span> <span class='ocrx_word' id='word_1_292' title='bbox 1407 1624 1476 1665; x_wconf 83' lang='lat' dir='ltr'><strong>ipsa</strong></span> <span class='ocrx_word' id='word_1_293' title='bbox 1501 1624 1646 1656; x_wconf 85' lang='lat' dir='ltr'><strong>omnibus</strong></span> 
     </span>
     <span class='ocr_line' id='line_1_26' title="bbox 186 1674 1646 1720; baseline 0.003 -14"><span class='ocrx_word' id='word_1_294' title='bbox 186 1675 286 1712; x_wconf 85' lang='lat' dir='ltr'><strong>adest,</strong></span> <span class='ocrx_word' id='word_1_295' title='bbox 302 1681 396 1717; x_wconf 87' lang='lat' dir='ltr'><strong>atque</strong></span> <span class='ocrx_word' id='word_1_296' title='bbox 411 1677 471 1707; x_wconf 81' lang='lat' dir='ltr'><strong>hac</strong></span> <span class='ocrx_word' id='word_1_297' title='bbox 485 1676 604 1706; x_wconf 85' lang='lat' dir='ltr'><strong>ratione</strong></span> <span class='ocrx_word' id='word_1_298' title='bbox 618 1675 722 1706; x_wconf 90' lang='lat' dir='ltr'><strong>nullus</strong></span> <span class='ocrx_word' id='word_1_299' title='bbox 737 1675 799 1706; x_wconf 85' lang='lat' dir='ltr'><strong>alio</strong></span> <span class='ocrx_word' id='word_1_300' title='bbox 817 1675 946 1706; x_wconf 86' lang='lat' dir='ltr'><strong>melior?</strong></span> <span class='ocrx_word' id='word_1_301' title='bbox 991 1675 1090 1707; x_wconf 67' lang='grc' dir='ltr'><strong>ΜΕΝ.</strong></span> <span class='ocrx_word' id='word_1_302' title='bbox 1114 1674 1269 1717; x_wconf 79' lang='lat' dir='ltr'><strong>Apparet.</strong></span> <span class='ocrx_word' id='word_1_303' title='bbox 1313 1677 1369 1708; x_wconf 89' lang='lat' dir='ltr'><strong>So.</strong></span> <span class='ocrx_word' id='word_1_304' title='bbox 1393 1677 1475 1719; x_wconf 86' lang='lat' dir='ltr'><strong>Ergo</strong></span> <span class='ocrx_word' id='word_1_305' title='bbox 1491 1678 1646 1720; x_wconf 87' lang='lat' dir='ltr'><strong>siquidem</strong></span> 
     </span>
     <span class='ocr_line' id='line_1_27' title="bbox 185 1728 1646 1771; baseline 0.003 -11"><span class='ocrx_word' id='word_1_306' title='bbox 185 1734 235 1760; x_wconf 82' lang='lat' dir='ltr'><strong>est</strong></span> <span class='ocrx_word' id='word_1_307' title='bbox 259 1729 338 1762; x_wconf 86' lang='lat' dir='ltr'><strong>alius</strong></span> <span class='ocrx_word' id='word_1_308' title='bbox 363 1730 425 1761; x_wconf 83' lang='lat' dir='ltr'><strong>alio</strong></span> <span class='ocrx_word' id='word_1_309' title='bbox 440 1730 559 1765; x_wconf 84' lang='lat' dir='ltr'><strong>melior,</strong></span> <span class='ocrx_word' id='word_1_310' title='bbox 576 1740 634 1760; x_wconf 88' lang='lat' dir='ltr'><strong>nec</strong></span> <span class='ocrx_word' id='word_1_311' title='bbox 650 1729 683 1760; x_wconf 87' lang='lat' dir='ltr'><strong>id</strong></span> <span class='ocrx_word' id='word_1_312' title='bbox 707 1729 878 1760; x_wconf 80' lang='lat' dir='ltr'><strong>secundum</strong></span> <span class='ocrx_word' id='word_1_313' title='bbox 900 1728 998 1770; x_wconf 85' lang='lat' dir='ltr'><strong>ipsam</strong></span> <span class='ocrx_word' id='word_1_314' title='bbox 1023 1729 1229 1767; x_wconf 84' lang='lat' dir='ltr'><strong>voluntatem,</strong></span> <span class='ocrx_word' id='word_1_315' title='bbox 1245 1730 1396 1771; x_wconf 84' lang='lat' dir='ltr'><strong>sequitur,</strong></span> <span class='ocrx_word' id='word_1_316' title='bbox 1419 1735 1455 1762; x_wconf 78' lang='lat' dir='ltr'><strong>ut</strong></span> <span class='ocrx_word' id='word_1_317' title='bbox 1471 1732 1646 1764; x_wconf 85' lang='lat' dir='ltr'><strong>secundum</strong></span> 
     </span>
     <span class='ocr_line' id='line_1_28' title="bbox 183 1782 1645 1826; baseline 0.002 -12"><span class='ocrx_word' id='word_1_318' title='bbox 183 1783 284 1824; x_wconf 85' lang='lat' dir='ltr'><strong>ipsam</strong></span> <span class='ocrx_word' id='word_1_319' title='bbox 313 1782 486 1825; x_wconf 85' lang='lat' dir='ltr'><strong>potentiam</strong></span> <span class='ocrx_word' id='word_1_320' title='bbox 511 1784 552 1814; x_wconf 87' lang='lat' dir='ltr'><strong>sit</strong></span> <span class='ocrx_word' id='word_1_321' title='bbox 574 1783 694 1815; x_wconf 87' lang='lat' dir='ltr'><strong>melior.</strong></span> <span class='ocrx_word' id='word_1_322' title='bbox 741 1782 840 1815; x_wconf 74' lang='grc' dir='ltr'><strong>ΜΕΝ.</strong></span> <span class='ocrx_word' id='word_1_323' title='bbox 872 1782 1031 1823; x_wconf 87' lang='lat' dir='ltr'><strong>Sequitur.</strong></span> <span class='ocrx_word' id='word_1_324' title='bbox 1077 1783 1133 1814; x_wconf 92' lang='lat' dir='ltr'><strong>So.</strong></span> <span class='ocrx_word' id='word_1_325' title='bbox 1157 1784 1338 1815; x_wconf 86' lang='lat' dir='ltr'><strong>Secundum</strong></span> <span class='ocrx_word' id='word_1_326' title='bbox 1367 1785 1462 1826; x_wconf 85' lang='lat' dir='ltr'><strong>igitur</strong></span> <span class='ocrx_word' id='word_1_327' title='bbox 1490 1786 1645 1817; x_wconf 87' lang='lat' dir='ltr'><strong>rationem</strong></span> 
     </span>
     <span class='ocr_line' id='line_1_29' title="bbox 185 1838 1647 1880; baseline 0.002 -12"><span class='ocrx_word' id='word_1_328' title='bbox 185 1842 270 1868; x_wconf 88' lang='lat' dir='ltr'><strong>tuam</strong></span> <span class='ocrx_word' id='word_1_329' title='bbox 285 1838 345 1869; x_wconf 87' lang='lat' dir='ltr'><strong>hoc</strong></span> <span class='ocrx_word' id='word_1_330' title='bbox 357 1842 405 1869; x_wconf 89' lang='lat' dir='ltr'><strong>est</strong></span> <span class='ocrx_word' id='word_1_331' title='bbox 420 1838 527 1874; x_wconf 86' lang='lat' dir='ltr'><strong>virtus,</strong></span> <span class='ocrx_word' id='word_1_332' title='bbox 543 1838 694 1868; x_wconf 91' lang='lat' dir='ltr'><strong>bonorum</strong></span> <span class='ocrx_word' id='word_1_333' title='bbox 718 1838 997 1878; x_wconf 85' lang='lat' dir='ltr'><strong>comparandorum</strong></span> <span class='ocrx_word' id='word_1_334' title='bbox 1020 1842 1169 1879; x_wconf 87' lang='lat' dir='ltr'><strong>potestas.</strong></span> <span class='ocrx_word' id='word_1_335' title='bbox 1214 1838 1314 1871; x_wconf 78' lang='grc' dir='ltr'><strong>ΜΕΝ.</strong></span> <span class='ocrx_word' id='word_1_336' title='bbox 1336 1838 1389 1870; x_wconf 85' lang='lat' dir='ltr'><strong>Sic</strong></span> <span class='ocrx_word' id='word_1_337' title='bbox 1404 1849 1527 1880; x_wconf 88' lang='lat' dir='ltr'><strong>prorsus</strong></span> <span class='ocrx_word' id='word_1_338' title='bbox 1541 1850 1574 1870; x_wconf 90' lang='lat' dir='ltr'><strong>se</strong></span> <span class='ocrx_word' id='word_1_339' title='bbox 1590 1840 1647 1871; x_wconf 85' lang='lat' dir='ltr'><strong>ha-</strong></span> 
     </span>
     <span class='ocr_line' id='line_1_30' title="bbox 183 1890 1645 1934; baseline 0.001 -12"><span class='ocrx_word' id='word_1_340' title='bbox 183 1891 257 1923; x_wconf 87' lang='lat' dir='ltr'><strong>bere</strong></span> <span class='ocrx_word' id='word_1_341' title='bbox 269 1891 401 1928; x_wconf 81' lang='lat' dir='ltr'><strong>videtur,</strong></span> <span class='ocrx_word' id='word_1_342' title='bbox 418 1896 452 1922; x_wconf 91' lang='lat' dir='ltr'><strong>ut</strong></span> <span class='ocrx_word' id='word_1_343' title='bbox 466 1902 549 1923; x_wconf 88' lang='lat' dir='ltr'><strong>nunc</strong></span> <span class='ocrx_word' id='word_1_344' title='bbox 565 1891 693 1933; x_wconf 86' lang='lat' dir='ltr'><strong>accipis.</strong></span> <span class='ocrx_word' id='word_1_345' title='bbox 738 1891 794 1923; x_wconf 87' lang='lat' dir='ltr'><strong>So.</strong></span> <span class='ocrx_word' id='word_1_346' title='bbox 820 1890 1114 1922; x_wconf 85' lang='lat' dir='ltr'><strong>Animadvertamus</strong></span> <span class='ocrx_word' id='word_1_347' title='bbox 1131 1893 1272 1934; x_wconf 85' lang='lat' dir='ltr'><strong>posthac,</strong></span> <span class='ocrx_word' id='word_1_348' title='bbox 1290 1897 1390 1923; x_wconf 91' lang='lat' dir='ltr'><strong>utrum</strong></span> <span class='ocrx_word' id='word_1_349' title='bbox 1401 1893 1434 1923; x_wconf 84' lang='lat' dir='ltr'><strong>id</strong></span> <span class='ocrx_word' id='word_1_350' title='bbox 1446 1903 1517 1924; x_wconf 87' lang='lat' dir='ltr'><strong>vere</strong></span> <span class='ocrx_word' id='word_1_351' title='bbox 1529 1903 1645 1925; x_wconf 82' lang='lat' dir='ltr'><strong>asseras</strong></span> 
     </span>
     <span class='ocr_line' id='line_1_31' title="bbox 184 1945 1646 1988; baseline 0.003 -13"><span class='ocrx_word' id='word_1_352' title='bbox 184 1955 296 1978; x_wconf 83' lang='lat' dir='ltr'><strong>necne.</strong></span> <span class='ocrx_word' id='word_1_353' title='bbox 319 1945 398 1977; x_wconf 86' lang='lat' dir='ltr'><strong>forte</strong></span> <span class='ocrx_word' id='word_1_354' title='bbox 424 1945 508 1977; x_wconf 89' lang='lat' dir='ltr'><strong>enim</strong></span> <span class='ocrx_word' id='word_1_355' title='bbox 533 1946 612 1977; x_wconf 87' lang='lat' dir='ltr'><strong>bene</strong></span> <span class='ocrx_word' id='word_1_356' title='bbox 636 1945 782 1987; x_wconf 89' lang='lat' dir='ltr'><strong>loqueris.</strong></span> <span class='ocrx_word' id='word_1_357' title='bbox 840 1945 935 1976; x_wconf 88' lang='lat' dir='ltr'><strong>Bona</strong></span> <span class='ocrx_word' id='word_1_358' title='bbox 960 1945 1126 1977; x_wconf 86' lang='lat' dir='ltr'><strong>vendicare</strong></span> <span class='ocrx_word' id='word_1_359' title='bbox 1153 1957 1256 1988; x_wconf 88' lang='lat' dir='ltr'><strong>posse,</strong></span> <span class='ocrx_word' id='word_1_360' title='bbox 1283 1947 1426 1978; x_wconf 84' lang='lat' dir='ltr'><strong>virtutem</strong></span> <span class='ocrx_word' id='word_1_361' title='bbox 1449 1957 1518 1978; x_wconf 82' lang='lat' dir='ltr'><strong>esse</strong></span> <span class='ocrx_word' id='word_1_362' title='bbox 1541 1947 1646 1979; x_wconf 83' lang='lat' dir='ltr'><strong>dicis?</strong></span> 
     </span>
     <span class='ocr_line' id='line_1_32' title="bbox 182 1997 1648 2040; baseline 0.001 -10"><span class='ocrx_word' id='word_1_363' title='bbox 182 1997 282 2032; x_wconf 70' lang='lat' dir='ltr'><strong>Mau.</strong></span> <span class='ocrx_word' id='word_1_364' title='bbox 307 1998 392 2031; x_wconf 90' lang='lat' dir='ltr'><strong>Istuc</strong></span> <span class='ocrx_word' id='word_1_365' title='bbox 408 1999 519 2040; x_wconf 89' lang='lat' dir='ltr'><strong>ipsum.</strong></span> <span class='ocrx_word' id='word_1_366' title='bbox 564 1999 621 2032; x_wconf 91' lang='lat' dir='ltr'><strong>So.</strong></span> <span class='ocrx_word' id='word_1_367' title='bbox 643 1999 734 2030; x_wconf 80' lang='lat' dir='ltr'><strong>Bona</strong></span> <span class='ocrx_word' id='word_1_368' title='bbox 750 2010 821 2031; x_wconf 88' lang='lat' dir='ltr'><strong>vero</strong></span> <span class='ocrx_word' id='word_1_369' title='bbox 838 2010 943 2030; x_wconf 86' lang='lat' dir='ltr'><strong>nonne</strong></span> <span class='ocrx_word' id='word_1_370' title='bbox 965 2000 1031 2031; x_wconf 76' lang='lat' dir='ltr'><strong>liaec</strong></span> <span class='ocrx_word' id='word_1_371' title='bbox 1047 2010 1151 2038; x_wconf 85' lang='lat' dir='ltr'><strong>vocas,</strong></span> <span class='ocrx_word' id='word_1_372' title='bbox 1167 2010 1224 2031; x_wconf 90' lang='lat' dir='ltr'><strong>ceu</strong></span> <span class='ocrx_word' id='word_1_373' title='bbox 1246 1999 1423 2038; x_wconf 82' lang='lat' dir='ltr'><strong>sanitatem,</strong></span> <span class='ocrx_word' id='word_1_374' title='bbox 1439 2000 1576 2038; x_wconf 87' lang='lat' dir='ltr'><strong>divitias,</strong></span> <span class='ocrx_word' id='word_1_375' title='bbox 1591 2011 1648 2031; x_wconf 92' lang='lat' dir='ltr'><strong>au-</strong></span> 
     </span>
     <span class='ocr_line' id='line_1_33' title="bbox 183 2052 1647 2095; baseline 0.002 -12"><span class='ocrx_word' id='word_1_376' title='bbox 183 2062 312 2094; x_wconf 86' lang='lat' dir='ltr'><strong>rumque</strong></span> <span class='ocrx_word' id='word_1_377' title='bbox 322 2057 355 2084; x_wconf 86' lang='lat' dir='ltr'><strong>et</strong></span> <span class='ocrx_word' id='word_1_378' title='bbox 370 2057 530 2095; x_wconf 85' lang='lat' dir='ltr'><strong>argentum</strong></span> <span class='ocrx_word' id='word_1_379' title='bbox 547 2052 711 2095; x_wconf 85' lang='lat' dir='ltr'><strong>plurimum</strong></span> <span class='ocrx_word' id='word_1_380' title='bbox 728 2053 900 2095; x_wconf 87' lang='lat' dir='ltr'><strong>possidere,</strong></span> <span class='ocrx_word' id='word_1_381' title='bbox 917 2053 1086 2085; x_wconf 90' lang='lat' dir='ltr'><strong>honoribus</strong></span> <span class='ocrx_word' id='word_1_382' title='bbox 1109 2059 1259 2095; x_wconf 86' lang='lat' dir='ltr'><strong>praeterea</strong></span> <span class='ocrx_word' id='word_1_383' title='bbox 1276 2058 1308 2085; x_wconf 89' lang='lat' dir='ltr'><strong>et</strong></span> <span class='ocrx_word' id='word_1_384' title='bbox 1322 2053 1552 2095; x_wconf 84' lang='lat' dir='ltr'><strong>magistratibus</strong></span> <span class='ocrx_word' id='word_1_385' title='bbox 1566 2055 1598 2086; x_wconf 90' lang='lat' dir='ltr'><strong>in</strong></span> <span class='ocrx_word' id='word_1_386' title='bbox 1614 2065 1647 2086; x_wconf 87' lang='lat' dir='ltr'><strong>re</strong></span> 
     </span>
     <span class='ocr_line' id='line_1_34' title="bbox 182 2106 1645 2149; baseline 0.001 -12"><span class='ocrx_word' id='word_1_387' title='bbox 182 2106 310 2148; x_wconf 84' lang='lat' dir='ltr'><strong>publica</strong></span> <span class='ocrx_word' id='word_1_388' title='bbox 324 2106 410 2148; x_wconf 82' lang='lat' dir='ltr'><strong>fungi</strong></span> <span class='ocrx_word' id='word_1_389' title='bbox 424 2107 435 2138; x_wconf 74' lang='grc' dir='ltr'><strong><em>ἓ</em></strong></span> <span class='ocrx_word' id='word_1_390' title='bbox 458 2117 532 2138; x_wconf 90' lang='lat' dir='ltr'><strong>num</strong></span> <span class='ocrx_word' id='word_1_391' title='bbox 548 2107 607 2138; x_wconf 82' lang='lat' dir='ltr'><strong>alia</strong></span> <span class='ocrx_word' id='word_1_392' title='bbox 618 2107 760 2148; x_wconf 82' lang='lat' dir='ltr'><strong>quaedam</strong></span> <span class='ocrx_word' id='word_1_393' title='bbox 775 2112 884 2148; x_wconf 84' lang='lat' dir='ltr'><strong>praeter</strong></span> <span class='ocrx_word' id='word_1_394' title='bbox 897 2106 955 2138; x_wconf 86' lang='lat' dir='ltr'><strong>ista</strong></span> <span class='ocrx_word' id='word_1_395' title='bbox 967 2108 1051 2138; x_wconf 84' lang='lat' dir='ltr'><strong>bona</strong></span> <span class='ocrx_word' id='word_1_396' title='bbox 1065 2117 1229 2148; x_wconf 87' lang='lat' dir='ltr'><strong>nuncupas</strong></span> <span class='ocrx_word' id='word_1_397' title='bbox 1241 2107 1252 2138; x_wconf 91' lang='lat'>?</span> <span class='ocrx_word' id='word_1_398' title='bbox 1298 2107 1398 2138; x_wconf 79' lang='grc' dir='ltr'><strong>ΜΕΝ.</strong></span> <span class='ocrx_word' id='word_1_399' title='bbox 1422 2106 1645 2149; x_wconf 83' lang='lat' dir='ltr'><strong>Nequaquam,</strong></span> 
     </span>
     <span class='ocr_line' id='line_1_35' title="bbox 184 2159 1645 2202; baseline 0.001 -11"><span class='ocrx_word' id='word_1_400' title='bbox 184 2160 239 2192; x_wconf 85' lang='lat' dir='ltr'><strong>sed</strong></span> <span class='ocrx_word' id='word_1_401' title='bbox 254 2161 358 2192; x_wconf 89' lang='lat' dir='ltr'><strong>omnia</strong></span> <span class='ocrx_word' id='word_1_402' title='bbox 372 2161 452 2192; x_wconf 88' lang='lat' dir='ltr'><strong>bona</strong></span> <span class='ocrx_word' id='word_1_403' title='bbox 475 2159 656 2201; x_wconf 87' lang='lat' dir='ltr'><strong>hujusmodi</strong></span> <span class='ocrx_word' id='word_1_404' title='bbox 679 2170 746 2191; x_wconf 83' lang='lat' dir='ltr'><strong>esse</strong></span> <span class='ocrx_word' id='word_1_405' title='bbox 772 2161 856 2192; x_wconf 88' lang='lat' dir='ltr'><strong>dico.</strong></span> <span class='ocrx_word' id='word_1_406' title='bbox 902 2160 959 2192; x_wconf 87' lang='lat' dir='ltr'><strong>So.</strong></span> <span class='ocrx_word' id='word_1_407' title='bbox 982 2160 1055 2197; x_wconf 89' lang='lat' dir='ltr'><strong>Eia,</strong></span> <span class='ocrx_word' id='word_1_408' title='bbox 1071 2170 1180 2191; x_wconf 88' lang='lat' dir='ltr'><strong>aurum</strong></span> <span class='ocrx_word' id='word_1_409' title='bbox 1195 2165 1291 2201; x_wconf 87' lang='lat' dir='ltr'><strong>atque</strong></span> <span class='ocrx_word' id='word_1_410' title='bbox 1306 2165 1468 2201; x_wconf 86' lang='lat' dir='ltr'><strong>argentum</strong></span> <span class='ocrx_word' id='word_1_411' title='bbox 1484 2160 1645 2202; x_wconf 87' lang='lat' dir='ltr'><strong>acquirere</strong></span> 
     </span>
     <span class='ocr_line' id='line_1_36' title="bbox 182 2213 1645 2256; baseline 0.001 -12"><span class='ocrx_word' id='word_1_412' title='bbox 182 2213 279 2245; x_wconf 81' lang='lat' dir='ltr'><strong>virtus</strong></span> <span class='ocrx_word' id='word_1_413' title='bbox 293 2219 352 2251; x_wconf 84' lang='lat' dir='ltr'><strong>est,</strong></span> <span class='ocrx_word' id='word_1_414' title='bbox 370 2219 404 2245; x_wconf 90' lang='lat' dir='ltr'><strong>ut</strong></span> <span class='ocrx_word' id='word_1_415' title='bbox 428 2213 532 2256; x_wconf 85' lang='lat' dir='ltr'><strong>inquit</strong></span> <span class='ocrx_word' id='word_1_416' title='bbox 558 2214 691 2252; x_wconf 86' lang='lat' dir='ltr'><strong>Menon,</strong></span> <span class='ocrx_word' id='word_1_417' title='bbox 707 2215 812 2256; x_wconf 86' lang='lat' dir='ltr'><strong>magni</strong></span> <span class='ocrx_word' id='word_1_418' title='bbox 838 2214 918 2256; x_wconf 85' lang='lat' dir='ltr'><strong>regis</strong></span> <span class='ocrx_word' id='word_1_419' title='bbox 941 2214 1061 2256; x_wconf 86' lang='lat' dir='ltr'><strong>patrius</strong></span> <span class='ocrx_word' id='word_1_420' title='bbox 1080 2214 1206 2255; x_wconf 86' lang='lat' dir='ltr'><strong>hospes.</strong></span> <span class='ocrx_word' id='word_1_421' title='bbox 1252 2213 1365 2245; x_wconf 89' lang='lat' dir='ltr'><strong>Utrum</strong></span> <span class='ocrx_word' id='word_1_422' title='bbox 1380 2225 1453 2245; x_wconf 86' lang='lat' dir='ltr'><strong>vero</strong></span> <span class='ocrx_word' id='word_1_423' title='bbox 1467 2215 1557 2246; x_wconf 84' lang='lat' dir='ltr'><strong>addis</strong></span> <span class='ocrx_word' id='word_1_424' title='bbox 1571 2215 1645 2247; x_wconf 84' lang='lat' dir='ltr'><strong>huic</strong></span> 
     </span>
     <span class='ocr_line' id='line_1_37' title="bbox 184 2267 1691 2309; baseline 0 -10"><span class='ocrx_word' id='word_1_425' title='bbox 184 2267 282 2307; x_wconf 87' lang='lat' dir='ltr'><strong>lucro,</strong></span> <span class='ocrx_word' id='word_1_426' title='bbox 297 2278 316 2298; x_wconf 90' lang='lat' dir='ltr'><strong>o</strong></span> <span class='ocrx_word' id='word_1_427' title='bbox 331 2268 465 2304; x_wconf 81' lang='lat' dir='ltr'><strong>Menon,</strong></span> <span class='ocrx_word' id='word_1_428' title='bbox 475 2267 562 2309; x_wconf 75' lang='lat' dir='ltr'><strong>juste</strong></span> <span class='ocrx_word' id='word_1_429' title='bbox 576 2278 612 2299; x_wconf 86' lang='lat' dir='ltr'><strong>ac</strong></span> <span class='ocrx_word' id='word_1_430' title='bbox 628 2273 733 2298; x_wconf 83' lang='lat' dir='ltr'><strong>sancte</strong></span> <span class='ocrx_word' id='word_1_431' title='bbox 747 2267 856 2300; x_wconf 82' lang='lat' dir='ltr'><strong>lucrari</strong></span> <span class='ocrx_word' id='word_1_432' title='bbox 871 2268 882 2298; x_wconf 77' lang='grc' dir='ltr'><strong><em>ἓ</em></strong></span> <span class='ocrx_word' id='word_1_433' title='bbox 907 2278 947 2298; x_wconf 88' lang='lat' dir='ltr'><strong>an</strong></span> <span class='ocrx_word' id='word_1_434' title='bbox 962 2267 1040 2298; x_wconf 90' lang='lat' dir='ltr'><strong>nihil</strong></span> <span class='ocrx_word' id='word_1_435' title='bbox 1054 2267 1196 2309; x_wconf 87' lang='lat' dir='ltr'><strong>interest,</strong></span> <span class='ocrx_word' id='word_1_436' title='bbox 1212 2267 1267 2298; x_wconf 90' lang='lat' dir='ltr'><strong>sed</strong></span> <span class='ocrx_word' id='word_1_437' title='bbox 1284 2267 1345 2297; x_wconf 88' lang='lat' dir='ltr'><strong>etsi</strong></span> <span class='ocrx_word' id='word_1_438' title='bbox 1361 2267 1477 2308; x_wconf 88' lang='lat' dir='ltr'><strong>injuste</strong></span> <span class='ocrx_word' id='word_1_439' title='bbox 1500 2267 1571 2309; x_wconf 89' lang='lat' dir='ltr'><strong>quis</strong></span> <span class='ocrx_word' id='word_1_440' title='bbox 1586 2268 1647 2299; x_wconf 78' lang='lat' dir='ltr'><strong>ista</strong></span> <span class='ocrx_word' id='word_1_441' title='bbox 1685 2269 1691 2273; x_wconf 83' lang='grc'><em>”</em></span> 
     </span>
     <span class='ocr_line' id='line_1_38' title="bbox 185 2320 1645 2363; baseline -0.001 -10"><span class='ocrx_word' id='word_1_442' title='bbox 185 2322 338 2363; x_wconf 85' lang='lat' dir='ltr'><strong>possidet,</strong></span> <span class='ocrx_word' id='word_1_443' title='bbox 357 2322 558 2353; x_wconf 77' lang='lat' dir='ltr'><strong>nihilominus</strong></span> <span class='ocrx_word' id='word_1_444' title='bbox 577 2327 730 2363; x_wconf 89' lang='lat' dir='ltr'><strong>quaestum</strong></span> <span class='ocrx_word' id='word_1_445' title='bbox 746 2320 925 2362; x_wconf 82' lang='lat' dir='ltr'><strong>hujusmodi</strong></span> <span class='ocrx_word' id='word_1_446' title='bbox 940 2321 1086 2352; x_wconf 86' lang='lat' dir='ltr'><strong>virtutem</strong></span> <span class='ocrx_word' id='word_1_447' title='bbox 1102 2331 1195 2352; x_wconf 86' lang='lat' dir='ltr'><strong>vocas</strong></span> <span class='ocrx_word' id='word_1_448' title='bbox 1209 2320 1220 2351; x_wconf 85' lang='lat'>?</span> <span class='ocrx_word' id='word_1_449' title='bbox 1265 2320 1364 2351; x_wconf 71' lang='grc' dir='ltr'><strong>ΜΕΝ.</strong></span> <span class='ocrx_word' id='word_1_450' title='bbox 1385 2320 1608 2363; x_wconf 83' lang='lat' dir='ltr'><strong>Nequaquam,</strong></span> <span class='ocrx_word' id='word_1_451' title='bbox 1624 2333 1645 2352; x_wconf 94' lang='lat' dir='ltr'><strong>o</strong></span> 
     </span>
     <span class='ocr_line' id='line_1_39' title="bbox 185 2373 1647 2417; baseline -0.001 -10"><span class='ocrx_word' id='word_1_452' title='bbox 185 2376 340 2412; x_wconf 83' lang='lat' dir='ltr'><strong>Socrates,</strong></span> <span class='ocrx_word' id='word_1_453' title='bbox 354 2376 409 2407; x_wconf 84' lang='lat' dir='ltr'><strong>sed</strong></span> <span class='ocrx_word' id='word_1_454' title='bbox 425 2375 544 2407; x_wconf 81' lang='lat' dir='ltr'><strong>vitium.</strong></span> <span class='ocrx_word' id='word_1_455' title='bbox 589 2376 646 2407; x_wconf 87' lang='lat' dir='ltr'><strong>So.</strong></span> <span class='ocrx_word' id='word_1_456' title='bbox 671 2374 809 2406; x_wconf 89' lang='lat' dir='ltr'><strong>Omnino</strong></span> <span class='ocrx_word' id='word_1_457' title='bbox 824 2375 927 2417; x_wconf 84' lang='lat' dir='ltr'><strong>igitur,</strong></span> <span class='ocrx_word' id='word_1_458' title='bbox 944 2380 980 2406; x_wconf 91' lang='lat' dir='ltr'><strong>ut</strong></span> <span class='ocrx_word' id='word_1_459' title='bbox 995 2375 1128 2416; x_wconf 88' lang='lat' dir='ltr'><strong>videtur,</strong></span> <span class='ocrx_word' id='word_1_460' title='bbox 1143 2375 1216 2406; x_wconf 87' lang='lat' dir='ltr'><strong>huic</strong></span> <span class='ocrx_word' id='word_1_461' title='bbox 1238 2374 1427 2416; x_wconf 83' lang='lat' dir='ltr'><strong>possessioni</strong></span> <span class='ocrx_word' id='word_1_462' title='bbox 1446 2373 1580 2416; x_wconf 74' lang='lat' dir='ltr'><strong>justitiae</strong></span> <span class='ocrx_word' id='word_1_463' title='bbox 1596 2375 1647 2406; x_wconf 83' lang='lat' dir='ltr'><strong>vel</strong></span> 
     </span>
     <span class='ocr_line' id='line_1_40' title="bbox 150 2424 1648 2471; baseline 0 -11"><span class='ocrx_word' id='word_1_464' title='bbox 150 2424 154 2425; x_wconf 41' lang='lat'><em>⁷</em></span> <span class='ocrx_word' id='word_1_465' title='bbox 184 2429 398 2470; x_wconf 75' lang='lat' dir='ltr'><strong>temperantiae</strong></span> <span class='ocrx_word' id='word_1_466' title='bbox 412 2430 461 2460; x_wconf 88' lang='lat' dir='ltr'><strong>vel</strong></span> <span class='ocrx_word' id='word_1_467' title='bbox 477 2429 651 2462; x_wconf 82' lang='lat' dir='ltr'><strong>sanctitatis</strong></span> <span class='ocrx_word' id='word_1_468' title='bbox 669 2434 724 2460; x_wconf 84' lang='lat' dir='ltr'><strong>aut</strong></span> <span class='ocrx_word' id='word_1_469' title='bbox 750 2429 875 2460; x_wconf 78' lang='lat' dir='ltr'><strong>alterius</strong></span> <span class='ocrx_word' id='word_1_470' title='bbox 890 2428 1013 2460; x_wconf 85' lang='lat' dir='ltr'><strong>virtutis</strong></span> <span class='ocrx_word' id='word_1_471' title='bbox 1030 2429 1194 2470; x_wconf 82' lang='lat' dir='ltr'><strong>praesentia</strong></span> <span class='ocrx_word' id='word_1_472' title='bbox 1209 2439 1289 2471; x_wconf 85' lang='lat' dir='ltr'><strong>opus</strong></span> <span class='ocrx_word' id='word_1_473' title='bbox 1304 2433 1351 2460; x_wconf 86' lang='lat' dir='ltr'><strong>est</strong></span> <span class='ocrx_word' id='word_1_474' title='bbox 1365 2440 1373 2459; x_wconf 69' lang='grc' dir='ltr'><strong><em>τ</em></strong></span> <span class='ocrx_word' id='word_1_475' title='bbox 1395 2429 1532 2471; x_wconf 87' lang='lat' dir='ltr'><strong>alioquin</strong></span> <span class='ocrx_word' id='word_1_476' title='bbox 1550 2429 1648 2460; x_wconf 86' lang='lat' dir='ltr'><strong>virtus</strong></span> 
     </span>
     <span class='ocr_line' id='line_1_41' title="bbox 185 2481 1645 2526; baseline 0.001 -14"><span class='ocrx_word' id='word_1_477' title='bbox 185 2482 311 2526; x_wconf 85' lang='lat' dir='ltr'><strong>minime</strong></span> <span class='ocrx_word' id='word_1_478' title='bbox 326 2482 394 2519; x_wconf 88' lang='lat' dir='ltr'><strong>erit,</strong></span> <span class='ocrx_word' id='word_1_479' title='bbox 410 2483 550 2525; x_wconf 84' lang='lat' dir='ltr'><strong>quamvis</strong></span> <span class='ocrx_word' id='word_1_480' title='bbox 562 2484 644 2514; x_wconf 84' lang='lat' dir='ltr'><strong>bona</strong></span> <span class='ocrx_word' id='word_1_481' title='bbox 656 2482 714 2514; x_wconf 90' lang='lat' dir='ltr'><strong>sibi</strong></span> <span class='ocrx_word' id='word_1_482' title='bbox 737 2483 895 2514; x_wconf 87' lang='lat' dir='ltr'><strong>vendicet.</strong></span> <span class='ocrx_word' id='word_1_483' title='bbox 941 2483 980 2514; x_wconf 94' lang='lat' dir='ltr'>M</span> <span class='ocrx_word' id='word_1_484' title='bbox 985 2492 1043 2515; x_wconf 78' lang='lat' dir='ltr'><strong>EN.</strong></span> <span class='ocrx_word' id='word_1_485' title='bbox 1068 2482 1132 2520; x_wconf 88' lang='lat' dir='ltr'><strong>Qui</strong></span> <span class='ocrx_word' id='word_1_486' title='bbox 1149 2481 1232 2514; x_wconf 88' lang='lat' dir='ltr'><strong>enim</strong></span> <span class='ocrx_word' id='word_1_487' title='bbox 1249 2482 1315 2514; x_wconf 88' lang='lat' dir='ltr'><strong>sine</strong></span> <span class='ocrx_word' id='word_1_488' title='bbox 1329 2482 1367 2513; x_wconf 90' lang='lat' dir='ltr'><strong>iis</strong></span> <span class='ocrx_word' id='word_1_489' title='bbox 1382 2482 1477 2514; x_wconf 87' lang='lat' dir='ltr'><strong>virtus</strong></span> <span class='ocrx_word' id='word_1_490' title='bbox 1492 2483 1645 2514; x_wconf 84' lang='lat' dir='ltr'><strong>exsistat?</strong></span> 
     </span>
     <span class='ocr_line' id='line_1_42' title="bbox 186 2535 1647 2578; baseline 0.001 -12"><span class='ocrx_word' id='word_1_491' title='bbox 186 2535 243 2570; x_wconf 85' lang='lat' dir='ltr'><strong>So.</strong></span> <span class='ocrx_word' id='word_1_492' title='bbox 264 2535 309 2566; x_wconf 85' lang='lat' dir='ltr'><strong>At</strong></span> <span class='ocrx_word' id='word_1_493' title='bbox 323 2546 386 2569; x_wconf 83' lang='lat' dir='ltr'><strong>non</strong></span> <span class='ocrx_word' id='word_1_494' title='bbox 401 2547 578 2578; x_wconf 84' lang='lat' dir='ltr'><strong>comparare</strong></span> <span class='ocrx_word' id='word_1_495' title='bbox 594 2547 702 2567; x_wconf 85' lang='lat' dir='ltr'><strong>aurum</strong></span> <span class='ocrx_word' id='word_1_496' title='bbox 716 2542 749 2568; x_wconf 82' lang='lat' dir='ltr'><strong>et</strong></span> <span class='ocrx_word' id='word_1_497' title='bbox 763 2541 940 2578; x_wconf 83' lang='lat' dir='ltr'><strong>argentum,</strong></span> <span class='ocrx_word' id='word_1_498' title='bbox 954 2537 1081 2578; x_wconf 86' lang='lat' dir='ltr'><strong>quando</strong></span> <span class='ocrx_word' id='word_1_499' title='bbox 1096 2535 1225 2568; x_wconf 86' lang='lat' dir='ltr'><strong>minime</strong></span> <span class='ocrx_word' id='word_1_500' title='bbox 1237 2535 1359 2577; x_wconf 89' lang='lat' dir='ltr'><strong>justum</strong></span> <span class='ocrx_word' id='word_1_501' title='bbox 1381 2535 1434 2577; x_wconf 89' lang='lat' dir='ltr'><strong>sit,</strong></span> <span class='ocrx_word' id='word_1_502' title='bbox 1449 2540 1504 2567; x_wconf 87' lang='lat' dir='ltr'><strong>aut</strong></span> <span class='ocrx_word' id='word_1_503' title='bbox 1518 2536 1576 2567; x_wconf 86' lang='lat' dir='ltr'><strong>sibi</strong></span> <span class='ocrx_word' id='word_1_504' title='bbox 1591 2541 1647 2567; x_wconf 88' lang='lat' dir='ltr'><strong>aut</strong></span> 
     </span>
     <span class='ocr_line' id='line_1_43' title="bbox 185 2589 1647 2632; baseline 0 -12"><span class='ocrx_word' id='word_1_505' title='bbox 185 2589 286 2630; x_wconf 72' lang='lat' dir='ltr'><strong>alteri,</strong></span> <span class='ocrx_word' id='word_1_506' title='bbox 308 2599 410 2631; x_wconf 89' lang='lat' dir='ltr'><strong>neque</strong></span> <span class='ocrx_word' id='word_1_507' title='bbox 435 2590 529 2621; x_wconf 85' lang='lat' dir='ltr'><strong>etiam</strong></span> <span class='ocrx_word' id='word_1_508' title='bbox 550 2591 646 2621; x_wconf 88' lang='lat' dir='ltr'><strong>virtus</strong></span> <span class='ocrx_word' id='word_1_509' title='bbox 670 2595 717 2622; x_wconf 86' lang='lat' dir='ltr'><strong>est</strong></span> <span class='ocrx_word' id='word_1_510' title='bbox 739 2591 806 2622; x_wconf 78' lang='lat' dir='ltr'><strong>haec</strong></span> <span class='ocrx_word' id='word_1_511' title='bbox 829 2591 974 2632; x_wconf 82' lang='lat' dir='ltr'><strong>egestas?</strong></span> <span class='ocrx_word' id='word_1_512' title='bbox 1019 2590 1119 2623; x_wconf 66' lang='lat' dir='ltr'><strong>Man.</strong></span> <span class='ocrx_word' id='word_1_513' title='bbox 1143 2589 1289 2622; x_wconf 82' lang='lat' dir='ltr'><strong>Videtur.</strong></span> <span class='ocrx_word' id='word_1_514' title='bbox 1335 2590 1390 2621; x_wconf 86' lang='lat' dir='ltr'><strong>So.</strong></span> <span class='ocrx_word' id='word_1_515' title='bbox 1412 2589 1523 2620; x_wconf 89' lang='lat' dir='ltr'><strong>Nihilo</strong></span> <span class='ocrx_word' id='word_1_516' title='bbox 1548 2590 1647 2632; x_wconf 86' lang='lat' dir='ltr'><strong>magis</strong></span> 
     </span>
     <span class='ocr_line' id='line_1_44' title="bbox 184 2642 1647 2686; baseline 0.001 -13"><span class='ocrx_word' id='word_1_517' title='bbox 184 2642 281 2684; x_wconf 83' lang='lat' dir='ltr'><strong>igitur</strong></span> <span class='ocrx_word' id='word_1_518' title='bbox 296 2643 404 2674; x_wconf 87' lang='lat' dir='ltr'><strong>horum</strong></span> <span class='ocrx_word' id='word_1_519' title='bbox 421 2643 571 2674; x_wconf 87' lang='lat' dir='ltr'><strong>bonorum</strong></span> <span class='ocrx_word' id='word_1_520' title='bbox 597 2643 690 2685; x_wconf 84' lang='lat' dir='ltr'><strong>copia</strong></span> <span class='ocrx_word' id='word_1_521' title='bbox 706 2643 803 2676; x_wconf 84' lang='lat' dir='ltr'><strong>virtus</strong></span> <span class='ocrx_word' id='word_1_522' title='bbox 825 2644 883 2676; x_wconf 90' lang='lat' dir='ltr'><strong>erit</strong></span> <span class='ocrx_word' id='word_1_523' title='bbox 907 2654 1000 2686; x_wconf 84' lang='lat' dir='ltr'><strong>quam</strong></span> <span class='ocrx_word' id='word_1_524' title='bbox 1026 2644 1146 2686; x_wconf 82' lang='lat' dir='ltr'><strong>inopia.</strong></span> <span class='ocrx_word' id='word_1_525' title='bbox 1191 2643 1322 2681; x_wconf 88' lang='lat' dir='ltr'><strong>Verum,</strong></span> <span class='ocrx_word' id='word_1_526' title='bbox 1343 2648 1379 2674; x_wconf 84' lang='lat' dir='ltr'><strong>ut</strong></span> <span class='ocrx_word' id='word_1_527' title='bbox 1393 2643 1527 2681; x_wconf 84' lang='lat' dir='ltr'><strong>videtur,</strong></span> <span class='ocrx_word' id='word_1_528' title='bbox 1542 2644 1647 2686; x_wconf 84' lang='lat' dir='ltr'><strong>quod-</strong></span> 
     </span>
     <span class='ocr_line' id='line_1_45' title="bbox 185 2696 1642 2740; baseline 0.002 -14"><span class='ocrx_word' id='word_1_529' title='bbox 185 2706 310 2737; x_wconf 87' lang='lat' dir='ltr'><strong>cunque</strong></span> <span class='ocrx_word' id='word_1_530' title='bbox 324 2707 395 2727; x_wconf 92' lang='lat' dir='ltr'><strong>cum</strong></span> <span class='ocrx_word' id='word_1_531' title='bbox 406 2696 530 2738; x_wconf 77' lang='lat' dir='ltr'><strong>justitia</strong></span> <span class='ocrx_word' id='word_1_532' title='bbox 544 2696 592 2734; x_wconf 80' lang='lat' dir='ltr'><strong>fit,</strong></span> <span class='ocrx_word' id='word_1_533' title='bbox 606 2697 700 2728; x_wconf 87' lang='lat' dir='ltr'><strong>virtus</strong></span> <span class='ocrx_word' id='word_1_534' title='bbox 712 2702 759 2730; x_wconf 78' lang='lat' dir='ltr'><strong>est</strong></span> <span class='ocrx_word' id='word_1_535' title='bbox 776 2709 784 2728; x_wconf 74' lang='grc' dir='ltr'><strong>ε</strong></span> <span class='ocrx_word' id='word_1_536' title='bbox 808 2699 894 2740; x_wconf 88' lang='lat' dir='ltr'><strong>quod</strong></span> <span class='ocrx_word' id='word_1_537' title='bbox 909 2703 1012 2730; x_wconf 80' lang='lat' dir='ltr'><strong>autem</strong></span> <span class='ocrx_word' id='word_1_538' title='bbox 1029 2699 1147 2740; x_wconf 84' lang='lat' dir='ltr'><strong>absque</strong></span> <span class='ocrx_word' id='word_1_539' title='bbox 1163 2698 1216 2729; x_wconf 84' lang='lat' dir='ltr'><strong>illa</strong></span> <span class='ocrx_word' id='word_1_540' title='bbox 1232 2697 1363 2739; x_wconf 79' lang='lat' dir='ltr'><strong>ejusque</strong></span> <span class='ocrx_word' id='word_1_541' title='bbox 1379 2697 1544 2738; x_wconf 82' lang='lat' dir='ltr'><strong>similibus,</strong></span> <span class='ocrx_word' id='word_1_542' title='bbox 1565 2698 1642 2739; x_wconf 82' lang='lat'>[79]</span> 
     </span>
     <span class='ocr_line' id='line_1_46' title="bbox 185 2750 1648 2793; baseline 0.001 -13"><span class='ocrx_word' id='word_1_543' title='bbox 185 2750 331 2792; x_wconf 83' lang='lat' dir='ltr'><strong>pravitas.</strong></span> <span class='ocrx_word' id='word_1_544' title='bbox 374 2750 473 2782; x_wconf 67' lang='grc' dir='ltr'><strong>ΜΕΝ.</strong></span> <span class='ocrx_word' id='word_1_545' title='bbox 495 2750 631 2783; x_wconf 84' lang='lat' dir='ltr'><strong>Videtur</strong></span> <span class='ocrx_word' id='word_1_546' title='bbox 650 2750 724 2782; x_wconf 86' lang='lat' dir='ltr'><strong>mihi</strong></span> <span class='ocrx_word' id='word_1_547' title='bbox 746 2751 953 2784; x_wconf 85' lang='lat' dir='ltr'><strong>necessarium</strong></span> <span class='ocrx_word' id='word_1_548' title='bbox 977 2763 1045 2784; x_wconf 87' lang='lat' dir='ltr'><strong>esse</strong></span> <span class='ocrx_word' id='word_1_549' title='bbox 1070 2752 1156 2793; x_wconf 91' lang='lat' dir='ltr'><strong>quod</strong></span> <span class='ocrx_word' id='word_1_550' title='bbox 1181 2751 1271 2783; x_wconf 87' lang='lat' dir='ltr'><strong>dicis.</strong></span> <span class='ocrx_word' id='word_1_551' title='bbox 1303 2751 1367 2782; x_wconf 84' lang='lat' dir='ltr'><strong>So.</strong></span> <span class='ocrx_word' id='word_1_552' title='bbox 1390 2750 1507 2781; x_wconf 89' lang='lat' dir='ltr'><strong>Nonne</strong></span> <span class='ocrx_word' id='word_1_553' title='bbox 1534 2760 1648 2781; x_wconf 87' lang='lat' dir='ltr'><strong>unum-</strong></span> 
     </span>
     <span class='ocr_line' id='line_1_47' title="bbox 186 2803 1645 2847; baseline 0 -13"><span class='ocrx_word' id='word_1_554' title='bbox 186 2803 335 2846; x_wconf 88' lang='lat' dir='ltr'><strong>quodque</strong></span> <span class='ocrx_word' id='word_1_555' title='bbox 350 2804 459 2835; x_wconf 89' lang='lat' dir='ltr'><strong>horum</strong></span> <span class='ocrx_word' id='word_1_556' title='bbox 474 2804 567 2846; x_wconf 87' lang='lat' dir='ltr'><strong>paulo</strong></span> <span class='ocrx_word' id='word_1_557' title='bbox 583 2809 655 2836; x_wconf 86' lang='lat' dir='ltr'><strong>ante</strong></span> <span class='ocrx_word' id='word_1_558' title='bbox 669 2805 793 2837; x_wconf 79' lang='lat' dir='ltr'><strong>virtutis</strong></span> <span class='ocrx_word' id='word_1_559' title='bbox 810 2811 930 2847; x_wconf 82' lang='lat' dir='ltr'><strong>partem</strong></span> <span class='ocrx_word' id='word_1_560' title='bbox 947 2816 1014 2838; x_wconf 86' lang='lat' dir='ltr'><strong>esse</strong></span> <span class='ocrx_word' id='word_1_561' title='bbox 1029 2806 1176 2843; x_wconf 83' lang='lat' dir='ltr'><strong>diximus,</strong></span> <span class='ocrx_word' id='word_1_562' title='bbox 1191 2805 1345 2847; x_wconf 83' lang='lat' dir='ltr'><strong>justitiam</strong></span> <span class='ocrx_word' id='word_1_563' title='bbox 1362 2810 1393 2836; x_wconf 88' lang='lat' dir='ltr'><strong>et</strong></span> <span class='ocrx_word' id='word_1_564' title='bbox 1408 2804 1645 2846; x_wconf 82' lang='lat' dir='ltr'><strong>temperantiam</strong></span> 
     </span>
     <span class='ocr_line' id='line_1_48' title="bbox 187 2857 1644 2903; baseline 0 -16"><span class='ocrx_word' id='word_1_565' title='bbox 187 2861 352 2899; x_wconf 83' lang='lat' dir='ltr'><strong>ceteraque</strong></span> <span class='ocrx_word' id='word_1_566' title='bbox 375 2857 580 2900; x_wconf 81' lang='lat' dir='ltr'><strong>hujusmodi?</strong></span> <span class='ocrx_word' id='word_1_567' title='bbox 624 2858 728 2903; x_wconf 68' lang='lat' dir='ltr'><strong>Mur.</strong></span> <span class='ocrx_word' id='word_1_568' title='bbox 745 2859 892 2891; x_wconf 74' lang='lat' dir='ltr'><strong>Diximus</strong></span> <span class='ocrx_word' id='word_1_569' title='bbox 918 2860 1023 2902; x_wconf 80' lang='lat' dir='ltr'><strong>plane.</strong></span> <span class='ocrx_word' id='word_1_570' title='bbox 1068 2860 1125 2891; x_wconf 90' lang='lat' dir='ltr'><strong>So.</strong></span> <span class='ocrx_word' id='word_1_571' title='bbox 1151 2859 1287 2896; x_wconf 85' lang='lat' dir='ltr'><strong>Siccine,</strong></span> <span class='ocrx_word' id='word_1_572' title='bbox 1303 2870 1322 2891; x_wconf 92' lang='lat' dir='ltr'><strong>o</strong></span> <span class='ocrx_word' id='word_1_573' title='bbox 1339 2859 1474 2894; x_wconf 84' lang='lat' dir='ltr'><strong>Menon,</strong></span> <span class='ocrx_word' id='word_1_574' title='bbox 1491 2868 1539 2888; x_wconf 88' lang='lat' dir='ltr'><strong>me</strong></span> <span class='ocrx_word' id='word_1_575' title='bbox 1554 2857 1644 2887; x_wconf 92' lang='lat' dir='ltr'><strong>delu-</strong></span> 
     </span>
     <span class='ocr_line' id='line_1_49' title="bbox 188 2910 1643 2959; baseline -0.001 -18"><span class='ocrx_word' id='word_1_576' title='bbox 188 2910 263 2941; x_wconf 91' lang='lat' dir='ltr'><strong>dis?</strong></span> <span class='ocrx_word' id='word_1_577' title='bbox 308 2911 407 2944; x_wconf 74' lang='grc' dir='ltr'><strong>ΜΕΝ.</strong></span> <span class='ocrx_word' id='word_1_578' title='bbox 430 2912 587 2949; x_wconf 85' lang='lat' dir='ltr'><strong>Quorsum</strong></span> <span class='ocrx_word' id='word_1_579' title='bbox 612 2912 692 2950; x_wconf 86' lang='lat' dir='ltr'><strong>baec,</strong></span> <span class='ocrx_word' id='word_1_580' title='bbox 707 2922 727 2943; x_wconf 82' lang='lat' dir='ltr'><strong>o</strong></span> <span class='ocrx_word' id='word_1_581' title='bbox 750 2913 922 2959; x_wconf 47' lang='lat' dir='ltr'><strong>Socrates}</strong></span> <span class='ocrx_word' id='word_1_582' title='bbox 962 2914 1016 2947; x_wconf 89' lang='lat' dir='ltr'><strong>So.</strong></span> <span class='ocrx_word' id='word_1_583' title='bbox 1045 2913 1204 2951; x_wconf 79' lang='lat' dir='ltr'><strong>Quoniam</strong></span> <span class='ocrx_word' id='word_1_584' title='bbox 1229 2924 1301 2945; x_wconf 85' lang='lat' dir='ltr'><strong>cum</strong></span> <span class='ocrx_word' id='word_1_585' title='bbox 1317 2918 1347 2944; x_wconf 91' lang='lat' dir='ltr'><strong>te</strong></span> <span class='ocrx_word' id='word_1_586' title='bbox 1363 2922 1507 2947; x_wconf 84' lang='lat' dir='ltr'><strong>orassem,</strong></span> <span class='ocrx_word' id='word_1_587' title='bbox 1523 2921 1562 2941; x_wconf 83' lang='lat' dir='ltr'><strong>ne</strong></span> <span class='ocrx_word' id='word_1_588' title='bbox 1578 2919 1643 2939; x_wconf 73' lang='lat' dir='ltr'><strong>arn-</strong></span> 
     </span>
     <span class='ocr_line' id='line_1_50' title="bbox 187 2961 1645 3010; baseline -0.001 -14"><span class='ocrx_word' id='word_1_589' title='bbox 187 2963 271 3004; x_wconf 77' lang='lat' dir='ltr'><strong>plius</strong></span> <span class='ocrx_word' id='word_1_590' title='bbox 286 2964 429 2997; x_wconf 80' lang='lat' dir='ltr'><strong>virtutem</strong></span> <span class='ocrx_word' id='word_1_591' title='bbox 445 2965 647 3008; x_wconf 83' lang='lat' dir='ltr'><strong>discerperes,</strong></span> <span class='ocrx_word' id='word_1_592' title='bbox 663 2971 695 2998; x_wconf 82' lang='lat' dir='ltr'><strong>et</strong></span> <span class='ocrx_word' id='word_1_593' title='bbox 709 2968 851 3009; x_wconf 82' lang='lat' dir='ltr'><strong>exempla</strong></span> <span class='ocrx_word' id='word_1_594' title='bbox 866 2968 1078 3010; x_wconf 77' lang='lat' dir='ltr'><strong>respondendi</strong></span> <span class='ocrx_word' id='word_1_595' title='bbox 1093 2967 1260 3006; x_wconf 80' lang='lat' dir='ltr'><strong>dedissem,</strong></span> <span class='ocrx_word' id='word_1_596' title='bbox 1273 2967 1303 2998; x_wconf 86' lang='lat' dir='ltr'><strong>id</strong></span> <span class='ocrx_word' id='word_1_597' title='bbox 1318 2972 1350 2997; x_wconf 84' lang='lat' dir='ltr'><strong>tu</strong></span> <span class='ocrx_word' id='word_1_598' title='bbox 1360 2963 1523 3006; x_wconf 77' lang='lat' dir='ltr'><strong>neglexisti</strong></span> <span class='ocrx_word' id='word_1_599' title='bbox 1537 2961 1645 2994; x_wconf 72' lang='lat' dir='ltr'><strong>diceus</strong></span> 
     </span>
    </p>
   </div>
  </div>
 </body>
</html>
