1846 3268
260 279 340 316 280
868 272 1135 313 PLATONIS
1656 279 1725 332 [87

256 379 358 413 Matr.
379 378 469 411 Bene
484 377 572 416 milii,
587 376 693 409 nescio
707 386 771 419 quo
788 376 893 413 modo,
909 387 928 407 o
954 376 1109 413 Socrates,
1129 375 1217 417 loqui
1227 374 1356 408 videris.
1400 377 1457 410 So.
1481 377 1565 410 Mihi
1579 388 1720 422 quoque,

260 444 280 467 o
295 434 430 466 Menon.
453 438 548 474 atque
562 436 667 464 cetera
681 441 745 462 non
759 430 930 462 admodum
946 430 1136 472 disputando
1159 440 1385 462 asseverarem:
1409 431 1494 473 quod
1518 437 1622 464 autem
1647 433 1722 464 dum

259 492 407 529 putamus
430 497 501 528 quae
526 485 597 527 quis
622 486 744 526 ignorat
759 495 827 515 esse
850 484 1029 526 quaereuda‚
1048 484 1184 526 potiores
1206 483 1455 527 efficacioresque
1471 496 1508 518 ac
1523 486 1626 518 minus
1642 486 1724 529 pigri

261 552 379 579 sumus,
395 551 488 583 quam
505 541 530 572 si
545 540 655 581 ignota
669 549 727 571 nec
752 538 969 579 investiganda
990 548 1059 569 esse
1083 548 1143 569 nec
1167 537 1301 570 inveniri
1326 549 1418 581 posse
1441 539 1669 583 arbitraremur,
1683 540 1725 572 de

262 596 336 634 hoc,
350 595 491 637 inquam,
506 594 532 625 si
546 605 610 636 quo
626 594 719 624 modo
734 603 869 635 possem,
884 597 917 623 et
933 591 1032 624 verbis
1043 597 1075 623 et
1086 602 1180 634 opere
1195 593 1396 625 decertarem.
1440 593 1540 626 ΜΕΝ.
1561 593 1635 626 Hoc
1644 605 1725 636 quo-

262 660 325 692 que
336 655 420 681 recte
434 648 539 680 dicere
555 647 680 686 videris,
695 657 715 678 o
740 646 893 679 Socrates.
937 646 995 678 So.
1021 646 1119 678 Visne
1143 646 1248 688 igitur,
1264 653 1430 690 postquam
1457 648 1592 687 confessi
1605 659 1724 688 sumus,

259 703 370 745 ignota
384 701 568 745 perscrutari
583 702 688 740 licere,
710 701 787 743 quid
802 701 899 732 virtus
921 701 971 738 sit,
987 700 1192 733 communiter
1207 702 1452 743 investigemus?
1495 702 1595 734 Mau.
1617 702 1722 741 Quam

261 757 406 789 maxime.
429 756 544 798 gratius
558 761 664 788 tamen
688 756 763 787 milri
777 760 861 788 esset
876 755 983 787 audire
1000 755 1095 796 prius,
1111 755 1195 797 quod
1213 755 1242 786 in
1260 755 1415 798 principio
1437 756 1662 798 disputationis
1676 757 1724 788 in-

259 812 427 853 terrogavi,
441 817 545 843 utrum
561 810 667 842 virtuti
690 810 934 842 incumbendum
959 809 1011 847 sit,
1026 808 1115 851 quasi
1141 820 1196 851 per
1221 809 1395 842 doctrinam
1413 811 1529 852 percipi
1546 811 1658 853 possit,
1674 811 1724 844 vel

261 871 374 898 natura
384 866 490 908 potius
502 866 588 907 insit,
602 865 651 896 vel
674 865 735 896 alio
757 864 907 906 quopiam
930 869 1025 906 pacto
1050 864 1228 896 homiuibus
1243 865 1337 896 adsit.
1380 865 1437 897 So.
1460 863 1560 907 Atqui
1576 865 1601 897 si
1617 865 1686 904 tibi,
1702 875 1723 898 o

259 920 401 961 Menum·
419 919 684 962 quemadmodum
709 918 787 950 mihi
810 918 881 959 ipsi,
905 918 1100 960 imperarem,
1116 918 1200 949 haud
1217 918 1300 960 prius
1328 922 1432 950 utrum
1455 919 1606 951 doceatur
1619 929 1720 952 necne

258 973 355 1005 virtus
368 978 640 1016 perscrutaremur,
664 982 758 1014 quam
782 971 859 1013 quid
874 971 944 1013 ipsa
959 971 1000 1002 sit
1013 971 1260 1014 iodagassemus.
1304 972 1476 1014 Postquam
1492 983 1565 1005 vero
1580 982 1640 1005 nec
1654 978 1723 1005 tute

263 1027 323 1059 tibi
346 1027 500 1059 dominari
521 1026 697 1064 contendis,
720 1030 755 1057 ut
778 1025 856 1056 liber
880 1025 979 1066 vivas,
997 1035 1034 1056 ac
1055 1036 1104 1056 me
1130 1030 1166 1055 ut
1182 1030 1236 1056 tuo
1263 1025 1412 1056 arbitratu
1437 1027 1644 1068 respondeam
1665 1027 1723 1060 ob-

262 1091 375 1122 secras,
385 1080 452 1123 jam
467 1081 578 1123 utique
591 1080 798 1122 respondebo.
844 1079 981 1111 Videtur
995 1079 1088 1121 igitur
1100 1079 1360 1111 considerandum
1373 1090 1453 1121 esse,
1465 1080 1560 1122 quale
1569 1080 1621 1118 sit,
1636 1081 1723 1124 quod

259 1136 402 1167 nondum
418 1136 495 1178 quid
509 1140 558 1167 est
570 1134 788 1177 cognovimus.
832 1132 984 1165 Attamen
1003 1133 1161 1175 paulisper
1175 1144 1193 1164 a
1214 1134 1376 1176 proposito
1398 1138 1453 1164 tuo
1473 1133 1612 1172 declina,
1626 1134 1723 1177 idque

262 1200 302 1222 ex
316 1190 533 1232 suppositione
546 1189 746 1222 considerare
762 1188 918 1230 permitte,
932 1193 1034 1220 utrum
1050 1187 1193 1219 doctrina
1207 1187 1255 1220 vel
1271 1188 1333 1219 alio
1350 1192 1443 1229 pacto
1454 1187 1550 1220 virtus
1563 1189 1725 1230 possidea-

262 1249 324 1277 tur.
367 1244 416 1276 Ex
431 1244 648 1287 suppositione
670 1248 775 1275 autem
801 1243 845 1275 sic
871 1242 956 1280 dico,
972 1242 1236 1284 quemadmodum
1258 1249 1423 1285 geometrae
1439 1252 1524 1284 saepe
1537 1242 1725 1284 discutiunt,

262 1303 429 1341 postquam
443 1298 515 1330 illos
530 1299 687 1340 quispiam
709 1297 912 1338 interrogavit
926 1308 936 1328 ι
959 1297 1056 1328 veluti
1079 1307 1120 1327 an
1135 1296 1236 1339 possit
1249 1297 1282 1328 in
1298 1297 1381 1328 hunc
1395 1296 1546 1328 circulum
1569 1295 1644 1340 [87]
1671 1297 1725 1329 tri-

261 1362 362 1395 gonus
375 1353 426 1384 hic
441 1352 591 1384 extendi:
616 1352 670 1383 ubi
685 1351 755 1394 quis
770 1351 896 1394 dixerit,
911 1352 1051 1383 nondum
1067 1361 1101 1383 se
1116 1361 1207 1383 nosse
1223 1361 1264 1382 an
1283 1351 1344 1382 hoc
1360 1349 1540 1392 hujusmodi
1554 1351 1606 1388 sit,
1617 1361 1723 1384 verum

260 1407 509 1449 suppositionem
524 1407 661 1449 aliquam
676 1407 771 1438 talem
785 1406 973 1438 conducere.
1018 1405 1052 1437 Si
1067 1405 1149 1437 enim
1165 1410 1214 1438 est
1227 1406 1287 1438 hoc
1309 1405 1444 1447 spatium
1461 1404 1535 1443 tale,
1547 1410 1583 1436 ut
1601 1406 1642 1437 ad
1665 1416 1724 1447 po-

260 1461 353 1492 sitam
368 1461 437 1503 ejus
453 1461 567 1493 lineam
583 1462 775 1503 protendens
798 1462 838 1492 ab
862 1471 906 1503 eor
927 1460 1065 1498 deficiat,
1081 1465 1234 1502 quantum
1247 1460 1351 1502 ipsum
1366 1464 1547 1502 protensum
1563 1463 1621 1497 est,
1638 1459 1724 1492 aliud

259 1514 411 1556 quiddam
425 1521 609 1547 eventurum
625 1521 703 1557 puto
716 1526 725 1548 ε
749 1521 783 1547 et
797 1515 884 1547 aliud
900 1514 986 1552 item,
1010 1515 1038 1546 si
1054 1514 1128 1546 talia
1142 1515 1286 1556 quaedam
1301 1514 1368 1555 pati
1383 1518 1529 1555 nequeat.
1574 1513 1637 1545 Per
1649 1524 1724 1556 sup-

259 1568 447 1610 positionem
462 1580 536 1611 ergo
551 1569 712 1611 disputare
727 1569 852 1601 decrevi
867 1569 908 1600 de
930 1569 978 1606 iis,
992 1579 1063 1610 quae
1088 1568 1278 1610 contingunt
1291 1568 1374 1600 circa
1389 1567 1625 1610 productionem
1640 1568 1725 1601 iuius

259 1621 293 1654 in
309 1622 472 1661 circulum,
488 1633 528 1655 an
542 1623 608 1654 fieri
625 1623 725 1665 possit
737 1633 849 1654 necne.
895 1623 948 1655 Sic
972 1627 1005 1654 et
1027 1633 1085 1654 nos
1109 1622 1150 1654 de
1167 1623 1294 1660 virtute,
1308 1623 1459 1663 quoniam
1483 1631 1543 1654 nec
1566 1621 1643 1664 quid
1663 1632 1724 1655 nec

260 1677 354 1719 quale
368 1677 408 1708 sit
422 1677 578 1715 novimus,
593 1682 808 1718 supponentes
822 1678 894 1714 hoc,
909 1682 1012 1708 utrum
1038 1676 1145 1708 doceri
1168 1676 1279 1718 possit,
1292 1676 1327 1707 in
1351 1677 1436 1709 inmo
1461 1676 1588 1708 modum
1603 1686 1726 1718 quaern·

259 1741 351 1764 mus:
376 1731 411 1764 Si
426 1731 522 1762 virtus
535 1736 583 1762 est
596 1731 717 1772 aliquid
739 1742 859 1772 eorum,
871 1741 944 1772 quae
967 1731 1051 1763 circa
1074 1731 1211 1763 animum
1229 1735 1400 1770 versantur,
1420 1734 1476 1762 aut
1496 1730 1603 1762 doceri
1618 1734 1726 1773 potest

260 1790 316 1817 aut
329 1796 405 1817 non.
449 1785 612 1827 Principio
626 1785 710 1817 enim
723 1786 751 1816 si
765 1785 851 1816 aliud
867 1791 915 1816 est
929 1796 1022 1828 quam
1037 1785 1182 1823 scientia,
1195 1796 1271 1816 num
1287 1784 1396 1817 doceri
1411 1785 1551 1827 poterit?
1574 1783 1623 1817 vel
1640 1785 1724 1827 poti-

261 1850 311 1880 us,
325 1843 359 1871 ut
374 1840 468 1870 modo
484 1839 630 1876 diximus,
657 1839 807 1870 memoria
829 1839 990 1870 revocari?
1013 1839 1090 1870 nihil
1114 1839 1227 1871 referat
1241 1839 1326 1881 apud
1343 1849 1412 1876 nos,
1428 1844 1498 1870 utro
1512 1838 1639 1871 nomine
1655 1845 1725 1871 uta-

260 1903 330 1924 mur
343 1903 351 1925 :
377 1903 418 1924 an
433 1893 540 1924 doceri
563 1893 699 1934 poterit?
724 1892 771 1923 vel
798 1892 831 1923 id
856 1892 1000 1924 omnibus
1015 1892 1229 1933 manifestum,
1241 1893 1327 1934 quod
1343 1898 1455 1934 praeter
1468 1892 1629 1925 scientiam
1645 1893 1725 1925 nihil

258 1947 354 1978 homo
365 1947 517 1978 docetur?
561 1946 661 1978 ΜΕΝ.
684 1945 768 1977 Mihi
783 1956 858 1976 sane
874 1946 1008 1978 videtur.
1054 1946 1108 1978 So.
1132 1946 1188 1977 Sin
1200 1951 1304 1977 autem
1320 1946 1451 1978 scientia
1466 1947 1613 1988 quaedam
1626 1946 1725 1980 virtus

259 2005 320 2041 est,
335 2001 479 2034 doctrina
493 2000 677 2042 percipitur.
720 2000 760 2031 M
764 2010 820 2031 mv.
844 2000 988 2037 Quidni?
1034 1999 1091 2032 So.
1115 1999 1188 2031 Hoc
1202 2010 1277 2042 ergo
1291 2010 1383 2042 quam
1400 2000 1531 2042 primurn
1547 2001 1726 2043 expeditur.

258 2065 331 2086 nam
347 2055 373 2086 si
387 2055 458 2086 talis
483 2054 535 2093 sit,
550 2055 702 2086 docetur:
725 2053 831 2085 sinon
848 2054 928 2092 talis,
942 2064 1153 2096 nequaquam.
1198 2054 1296 2085 Mau.
1318 2054 1459 2087 Prorsus.
1505 2055 1561 2087 So.
1585 2054 1724 2089 Posthac

260 2108 512 2151 investigandum
537 2119 663 2147 censeo,
690 2113 792 2139 utrum
813 2108 910 2140 virtus
934 2108 1065 2140 scientia
1089 2113 1144 2140 aut
1159 2108 1244 2139 aliud
1260 2108 1410 2150 quiddam
1421 2108 1474 2141 sit.
1517 2108 1616 2142 Mn«.
1639 2109 1725 2142 Mihi

259 2173 388 2206 quoque
401 2163 488 2195 idern
503 2163 705 2205 quaerendum
717 2173 784 2194 esse
801 2162 935 2194 videtur.
979 2162 1036 2194 So.
1059 2161 1112 2193 An
1141 2162 1285 2193 virtutem
1307 2162 1392 2195 aliud
1412 2172 1506 2204 quam
1523 2162 1640 2194 bonum
1654 2173 1724 2196 esse

259 2219 418 2250 dicimus?
442 2223 475 2249 et
497 2219 565 2250 haec
590 2217 680 2249 nobis
703 2216 819 2259 positio
842 2216 963 2247 stabilis
985 2220 1160 2258 permanet,
1182 2216 1326 2247 virtutem
1356 2216 1477 2248 scilicet
1500 2227 1568 2250 esse
1595 2217 1725 2250 bonum.

259 2272 361 2304 ΜΕΝ.
383 2272 499 2305 Valde.
543 2272 598 2304 So.
624 2271 656 2303 Si
671 2271 798 2313 quidem
814 2278 862 2302 est
885 2271 1012 2313 aliquod
1030 2281 1167 2302 seorsum
1180 2281 1198 2302 a
1213 2270 1346 2302 scientia
1363 2270 1492 2308 bonurn,
1507 2281 1614 2304 nonne
1627 2271 1726 2305 virtus

260 2326 389 2358 forsitan
402 2326 535 2358 scientia
549 2325 637 2358 nulla
647 2326 728 2357 erit?
752 2326 800 2357 sin
816 2331 921 2357 autem
937 2325 1056 2356 nullum
1072 2325 1190 2356 bonum
1205 2329 1265 2366 est,
1278 2324 1355 2367 quin
1371 2324 1502 2356 scientia
1515 2326 1724 2367 eomprehen-

257 2380 362 2421 datur,
384 2379 547 2412 scientiam
576 2390 644 2412 esse
668 2380 814 2411 virtutem
852 2379 1058 2421 suspicantes,
1084 2384 1167 2411 recte
1193 2379 1303 2421 utique
1329 2378 1578 2421 suspicabimur?
1622 2379 1725 2414 ΜΣΝ.

257 2434 340 2467 Sunt
354 2435 421 2466 haec
436 2445 520 2468 vera.
564 2434 618 2466 So.
643 2435 730 2472 Quin
757 2435 850 2466 etiam
866 2434 979 2466 virtute
1001 2434 1075 2465 boni
1100 2434 1228 2466 sumus?
1274 2433 1373 2464 ΜΕΝ.
1397 2433 1521 2466 Sumus.
1565 2434 1621 2466 So.
1643 2433 1726 2467 Etsi

259 2487 350 2528 boni,
364 2488 480 2519 utiles?
504 2489 610 2520 omnia
627 2489 746 2531 quippe
760 2489 844 2520 bona
858 2489 958 2520 utilia.
1002 2488 1102 2521 Mn«.
1127 2488 1180 2520 Sic
1206 2493 1265 2521 est.
1312 2487 1370 2521 So,
1393 2487 1476 2530 Ergo
1491 2493 1525 2520 et
1535 2488 1632 2521 virtus
1646 2489 1723 2522 utile

257 2542 421 2584 quiddam.
465 2542 563 2575 ΜΕΝ.
586 2542 633 2573 Ex
646 2543 694 2581 iis,
710 2554 780 2585 quae
795 2543 932 2575 confessi
941 2553 1060 2585 sumus,
1074 2541 1248 2574 necessario
1260 2542 1411 2584 sequitur.
1456 2543 1514 2575 So.
1536 2543 1724 2577 Considere-

256 2606 326 2628 mus
341 2606 442 2628 rursus
466 2597 499 2627 in
514 2596 658 2638 singulis,
677 2596 785 2639 qualia
799 2597 862 2628 sint
875 2607 946 2640 quae
973 2596 1064 2628 nobis
1088 2601 1230 2638 prosunt.
1275 2595 1443 2629 Sanitasne
1455 2601 1489 2629 et
1502 2597 1596 2629 robur
1609 2597 1724 2630 forma·

256 2661 319 2693 que
334 2655 429 2692 atque
444 2649 562 2682 divitiae
577 2656 743 2692 ceteraque
767 2650 949 2693 hujusmodi
970 2651 1113 2683 conferre
1137 2651 1308 2682 dicuntur?
1352 2651 1453 2685 Max-r.
1475 2650 1537 2683 Ita.
1580 2651 1638 2684 So.
1663 2651 1723 2684 En-

257 2705 329 2737 dem
355 2705 424 2736 haec
447 2703 618 2746 aliquando
642 2715 755 2737 nocere
782 2705 924 2738 fatemur.
948 2704 1023 2747 [88]
1046 2716 1087 2737 an
1110 2710 1144 2736 tu
1165 2705 1256 2737 aliter
1281 2705 1399 2737 sentis?
1443 2703 1543 2739 Meu.
1565 2704 1618 2738 Sic
1637 2710 1722 2739 certe

257 2758 373 2792 sentio,
416 2757 472 2790 So.
496 2758 580 2790 Vide
596 2758 714 2800 itaque,
725 2770 788 2800 quo
800 2759 937 2791 ducente
952 2759 1020 2791 haec
1036 2759 1153 2796 obsint,
1171 2769 1274 2801 quove
1288 2758 1420 2801 prosint.
1443 2769 1549 2791 nonne
1567 2768 1640 2791 curn
1654 2769 1723 2792 rec-

256 2817 307 2845 tus
323 2822 395 2845 usus
406 2817 530 2854 proeest,
541 2812 679 2854 juvant:
703 2818 813 2845 contra
823 2824 896 2845 vero
908 2814 1047 2846 nocent?
1093 2813 1191 2845 ΜΕΝ.
1207 2803 1356 2847 Prorsus.
1400 2813 1456 2846 So.
1480 2812 1635 2846 Panem
1647 2823 1721 2856 quan

255 2867 338 2899 circa
349 2866 487 2899 animum
503 2871 662 2898 versantur
677 2867 921 2900 consideremus.
965 2867 1219 2910 Temperantiam
1233 2867 1354 2910 aliquid
1368 2877 1462 2900 vocas
1476 2871 1510 2898 et
1518 2865 1672 2909 justitiam
1687 2872 1721 2900 et

254 2921 474 2954 fortitudinem
489 2921 748 2964 docilitatemque
763 2927 796 2954 et
811 2923 990 2955 memoriam
1006 2928 1040 2955 et
1050 2922 1314 2964 magnificentiam
1328 2927 1361 2954 et
1374 2921 1555 2964 hujusmodi
1576 2921 1720 2965 reliqua?

255 2976 354 3010 ΜΕΝ.
380 2975 547 3018 Equidem.
593 2975 649 3010 So.
673 2975 812 3010 Adverte
827 2988 946 3019 quaesm
963 2988 1161 3020 quaecunque
1176 2987 1216 3010 ex
1230 2977 1267 3010 iis
1288 2975 1427 3010 scientim
1438 2985 1636 3019 nequaquam
1651 2987 1721 3010 esso
