1846 3268
647 740 1078 792 GORGIAS.

231 976 495 1016 CALLICLE&
517 977 754 1015 SOCRATES,
778 976 1090 1015 CHAEREPHON,
1114 975 1327 1015 GORGIAS,
1350 976 1505 1010 POLUS.

139 1123 238 1168 [44⁷]
261 1125 318 1157 Src
341 1125 381 1157 ad
398 1125 513 1158 bellum
529 1131 562 1159 et
576 1136 712 1169 pugnam
739 1126 854 1164 ferunt,
881 1137 900 1159 o
925 1126 1081 1164 Socrates,
1097 1125 1324 1159 accedendum.
1368 1125 1423 1157 So.
1446 1123 1622 1167 Nunquid'

139 1183 213 1220 post
226 1179 352 1219 festum,
369 1185 403 1211 ut
418 1180 482 1212 dici
507 1180 598 1222 solet,
621 1180 761 1212 venimus
786 1180 960 1213 tardiores?
1006 1180 1091 1213 Car..
1113 1179 1154 1211 Et
1171 1180 1262 1211 valde
1286 1179 1413 1222 quidem
1438 1179 1602 1211 urbanum.

142 1233 241 1264 multa
255 1234 339 1265 enim
354 1240 387 1265 et
402 1236 549 1277 praeclara
565 1235 660 1278 paulo
676 1241 748 1266 ante
765 1234 899 1277 Gorgias
919 1234 1011 1267 nobis
1037 1234 1195 1277 exposuit.
1240 1234 1297 1266 So.
1319 1233 1486 1264 'tarditatis
1511 1232 1606 1275 liujus

141 1298 237 1318 causa
259 1287 310 1319 hic
334 1289 545 1330 Chaerephon,
573 1300 591 1320 o
617 1288 777 1326 Callicles,
793 1288 865 1325 fuit,
891 1287 946 1330 qui
971 1290 1091 1320 trahere
1113 1299 1171 1319 nos
1194 1298 1311 1319 moram
1336 1287 1368 1318 in
1395 1287 1463 1318 foro
1487 1287 1606 1330 coe'git.

141 1341 236 1373 Cura.
259 1341 348 1372 Nihil
367 1341 402 1373 id
418 1342 545 1384 quidem
561 1342 791 1384 impedimenti,
806 1353 825 1373 o
840 1342 998 1383 Socrates,
1011 1342 1117 1374 suerit.
1140 1353 1200 1384 ego
1216 1343 1299 1374 enim
1315 1347 1348 1374 et
1363 1342 1532 1374 remedium
1548 1341 1605 1373 ad-

141 1394 266 1426 hibebo.
289 1406 360 1427 narn
387 1396 463 1427 mihi
489 1396 606 1428 amicus
632 1401 679 1428 est
701 1396 858 1438 Gorgias:
881 1396 988 1438 itaque
1011 1395 1076 1428 sive
1098 1407 1195 1435 nunc,
1211 1397 1276 1428 sive
1301 1396 1376 1428 alias
1390 1396 1501 1437 mavis,
1515 1395 1607 1427 nobis

138 1449 250 1480 eadem
266 1449 500 1482 demonstrabit.
546 1450 631 1483 CAL.
657 1451 758 1491 Quid,
779 1462 798 1481 o
823 1450 1042 1493 Chaerephon?
1071 1451 1200 1493 cupitne
1220 1451 1365 1483 Socrates
1390 1450 1497 1482 audire
1526 1449 1608 1481 Gor-

142 1502 248 1544 giam?
292 1502 387 1536 Cum.
410 1503 462 1535 Ob
485 1503 519 1535 id
545 1505 647 1547 ipsum
674 1509 758 1537 certe
786 1505 958 1536 aderamus.
1004 1504 1089 1537 Cn..
1112 1505 1376 1548 Quandocunque
1401 1505 1496 1547 igitur
1519 1503 1609 1536 vobis

139 1557 278 1598 placebit
300 1558 340 1589 ad
366 1569 416 1590 me
441 1558 584 1600 ingredi:
608 1559 694 1601 apud
723 1569 773 1590 me
802 1558 887 1590 enim
916 1558 1051 1601 Gorgias
1077 1559 1227 1591 divertit:
1253 1559 1341 1591 vobis
1371 1558 1502 1601 aperiet.
1549 1558 1608 1590 So.

141 1611 232 1642 Bene
245 1611 391 1654 loqueris,
408 1612 567 1644 Callicles.
613 1613 676 1645 Sed
692 1623 767 1644 num
783 1612 879 1645 vellet
895 1613 928 1644 in
945 1614 1112 1656 praesentia
1127 1613 1289 1645 nobiscum
1306 1613 1478 1645 disserere?
1502 1612 1609 1656 Cupio

139 1663 224 1696 enim
238 1666 278 1697 ab
293 1665 361 1708 ipso
376 1667 563 1708 percontari,
579 1677 721 1710 quaenam
739 1667 779 1698 sit
793 1667 867 1698 artis
882 1678 945 1698 suae
970 1667 1124 1710 potentia,
1152 1668 1269 1710 quidve
1285 1667 1352 1709 ipse
1368 1667 1552 1710 profiteatur
1574 1671 1609 1698 et

143 1719 267 1751 doceat.
311 1719 491 1753 Ceterarum
505 1731 578 1752 vero
591 1732 706 1762 rerum,
722 1721 988 1763 quemadmodum
1003 1726 1037 1751 tu
1053 1721 1147 1763 dicis,
1170 1721 1398 1764 expositionem
1423 1721 1513 1753 nobis
1534 1721 1612 1752 alias

142 1773 262 1805 afferat.
308 1773 393 1807 Car..
416 1774 513 1806 Haud
529 1775 660 1806 molesta
676 1775 734 1806 erit
749 1775 965 1817 interrogatio,
980 1775 1134 1807 Socrates.
1157 1787 1230 1807 nam
1247 1776 1278 1807 id
1293 1786 1422 1818 quoque
1437 1775 1469 1806 in
1484 1786 1540 1807 sua
1555 1775 1612 1806 de-

143 1827 367 1859 monstratione
382 1828 611 1860 continebatur.
654 1829 676 1861 J
678 1829 756 1860 ussit
770 1839 843 1872 ergo
857 1828 951 1871 paulo
966 1834 1039 1860 ante
1055 1839 1163 1861 omnes
1186 1828 1242 1872 qui
1267 1830 1352 1861 intus
1367 1830 1510 1872 aderant,
1523 1829 1611 1872 quod

145 1881 278 1924 quisque
293 1882 401 1924 vellet,
416 1893 487 1914 eum
510 1883 712 1925 interrogare,
732 1893 828 1925 seque
850 1884 890 1914 ad
907 1889 1020 1915 cuncta
1046 1894 1265 1926 responsurum
1280 1883 1437 1926 professus
1452 1888 1510 1916 est.
1555 1884 1612 1916 So.

145 1934 228 1966 Rem
257 1941 341 1968 certe
371 1937 548 1979 praeclaram
589 1948 702 1970 narras.
762 1937 888 1980 Itaque,
919 1938 1131 1980 Chaerephon,
1161 1938 1317 1980 interroga
1344 1938 1458 1980 ipsum.
1513 1937 1609 1970 cnm.

146 1988 307 2026 Quidnam
321 1989 533 2032 interrogem?
577 1991 634 2023 So.
659 1991 814 2029 Quisnam
830 1991 898 2033 ipse
914 1991 963 2023 sit.
1010 1992 1105 2025 Cum.
1129 1991 1404 2030 Quemadmodum
1415 1991 1494 2024 dicis
1510 1992 1521 2023 ?
1555 1991 1614 2026 So.

147 2043 260 2075 Veluti
274 2043 299 2075 si
314 2044 422 2076 artifex
439 2044 613 2076 calceorum
628 2045 719 2085 foret,
732 2046 934 2087 responderet
946 2051 1041 2084 certe,
1057 2056 1091 2078 se
1106 2046 1269 2078 coriarium
1285 2057 1363 2078 esse.
1387 2057 1427 2077 an
1442 2046 1527 2088 quod
1543 2046 1616 2078 dico

146 2099 287 2129 nondum
300 2098 451 2141 intelligis
468 2100 479 2130 ?
526 2099 620 2132 Cum.
644 2099 794 2142 Intelligo
810 2099 969 2142 equidem,
996 2105 1029 2131 et
1047 2099 1114 2142 jam
1142 2101 1270 2142 rogabo.
1315 2100 1379 2132 Dic
1395 2100 1482 2139 mihi,
1497 2111 1516 2132 o
1532 2099 1615 2132 Gor·

147 2152 210 2195 gia,
226 2163 300 2184 num
312 2164 383 2185 vere
399 2154 479 2185 dicit
494 2154 654 2196 Callicles,
670 2159 701 2186 te
718 2154 856 2197 profiteri
871 2165 1091 2197 responsurum
1106 2155 1147 2186 ad
1162 2155 1280 2192 omnia,
1296 2155 1336 2186 de
1352 2154 1466 2197 quibus
1480 2154 1615 2197 quilibet

147 2206 342 2239 sciscitetur?
389 2207 480 2240 Gon.
505 2207 589 2240 Vere
603 2208 658 2246 ait,
684 2208 782 2251 [448]
807 2219 826 2240 o
842 2208 1052 2251 Chaerephon.
1077 2219 1190 2251 nempe
1206 2209 1301 2240 modo
1316 2208 1350 2239 id
1374 2209 1475 2250 ipsum
1499 2208 1614 2250 praedi-

148 2260 270 2298 cabam,
298 2266 392 2303 atque
415 2261 486 2293 dico
509 2262 588 2294 nihil
615 2262 689 2294 novi
713 2272 732 2293 a
756 2273 806 2294 me
834 2273 1012 2305 quenquam
1040 2263 1146 2294 multis
1171 2263 1262 2294 annis
1291 2267 1509 2306 percontatum
1533 2273 1614 2294 esse.

149 2314 244 2348 cnm.
266 2314 388 2357 Magna
411 2326 485 2358 ergo
501 2316 650 2348 facilitate
677 2317 863 2358 respondes,
886 2315 1015 2358 Gorgia.
1061 2316 1154 2349 Gon.
1178 2316 1268 2348 Licet
1291 2316 1385 2359 hujus
1409 2316 1465 2355 rei,
1490 2317 1616 2349 Chaere-

148 2368 246 2409 phou,
262 2368 434 2410 periculum
449 2370 563 2403 facere.
610 2370 694 2402 Por..
718 2370 811 2402 Licet
827 2381 882 2412 per
893 2370 913 2402 J
917 2381 1024 2402 ovem:
1049 2371 1103 2402 sed
1117 2370 1312 2401 commodius
1327 2370 1361 2401 in
1378 2381 1438 2408 me,
1455 2371 1478 2402 si
1495 2371 1583 2409 velis,
1597 2381 1617 2402 o

149 2420 357 2463 Chaerephon.
381 2434 450 2454 nam
475 2422 611 2466 Gorgias
638 2423 765 2466 quidem
787 2423 855 2465 jam
878 2424 910 2454 in
941 2424 1079 2456 dicendo
1103 2423 1245 2456 defessus
1261 2424 1336 2455 mihi
1353 2424 1498 2465 videtur3
1522 2425 1622 2456 multa.

150 2474 232 2505 enim
248 2485 349 2517 nuper
362 2476 519 2509 disseruit.
564 2478 659 2510 Cffle.
684 2478 771 2515 Quid
800 2483 847 2519 tu,
871 2478 975 2509 Pole?
997 2478 1154 2509 arbitraris
1175 2479 1286 2510 melius
1304 2489 1397 2521 quam
1413 2477 1563 2520 Gorgiam
1587 2484 1620 2510 te

151 2530 392 2570 responsurum?
437 2530 519 2562 Por..
544 2531 704 2568 Quidnam
730 2531 873 2572 interest,
898 2532 1070 2563 dummodo
1094 2531 1169 2563 satis
1194 2532 1251 2563 tibi
1274 2532 1352 2563 fiat?
1398 2532 1492 2564 Cas..
1517 2531 1620 2566 Nihil,

152 2582 205 2613 sed
223 2583 371 2624 quoniam
386 2584 442 2621 vis,
458 2586 626 2627 responde.
671 2585 755 2618 Por..
777 2585 951 2628 Interroga.
999 2586 1093 2618 Cam.
1117 2586 1189 2618 Jam
1217 2586 1386 2629 interrogo.
1429 2585 1462 2617 Si
1487 2585 1622 2628 Gorgias

154 2636 316 2668 scientiam
332 2637 400 2679 ejus
416 2638 489 2669 artis
505 2639 643 2676 haberet,
658 2640 750 2682 cujus
766 2640 859 2672 frater
874 2640 943 2682 ejus
968 2639 1145 2672 Herodicus
1169 2641 1276 2678 habet,
1303 2651 1397 2683 quem
1422 2641 1523 2683 ipsum
1540 2644 1624 2672 recte

156 2691 425 2731 nuncuparemus?
450 2701 556 2723 nonne
574 2692 732 2725 utillum?
778 2694 862 2727 Por..
887 2694 1028 2726 Prorsus.
1074 2693 1169 2726 Cum.
1188 2691 1357 2726 Medicum
1387 2705 1460 2737 ergo
1477 2699 1624 2725 vocantes

93 2774 101 2778 ,
155 2747 237 2774 recte
253 2744 458 2775 vocaremus?
503 2745 590 2777 Por..
613 2745 674 2778 Ita.
721 2747 815 2780 Cnae.
838 2747 873 2779 Si
889 2753 992 2779 autem
1008 2747 1092 2779 illius
1108 2747 1193 2788 artis,
1219 2748 1309 2790 cujus
1324 2748 1518 2790 Aristophon
1540 2747 1625 2781 filius

155 2794 402 2839 Aglaophontis,
418 2804 473 2830 aut
488 2799 581 2831 frater
596 2799 676 2842 ejus,
702 2801 830 2833 haberet
854 2802 1010 2841 notitiam,
1035 2812 1129 2844 quem
1151 2807 1235 2834 recte
1248 2802 1352 2845 ipsum
1369 2801 1598 2845 appellaremus
1614 2795 1628 2825 ?

161 2849 242 2881 Por..
266 2850 360 2883 Certe
374 2851 534 2893 pictorem.
582 2853 675 2885 Cim:-
698 2853 794 2887 Nunc
809 2861 927 2894 autem,
955 2866 1025 2887 cum
1051 2856 1124 2887 artis
1140 2855 1274 2898 alicujus
1289 2857 1407 2899 peritus
1423 2856 1464 2887 sit
1480 2855 1626 2896 Gorgias,

158 2914 250 2946 quern
267 2904 368 2946 ipsum
385 2911 469 2938 recte
485 2908 688 2940 vocabimus?
734 2909 821 2942 Por..
845 2909 875 2940 Ο
893 2909 1103 2952 Chaerephon,
1126 2911 1233 2942 multae
1261 2911 1388 2953 quidem
1414 2915 1495 2950 artes
1520 2910 1629 2940 insunt

157 2957 347 2997 hominibus,
361 2971 399 2991 ex
415 2961 526 3003 peritia
542 2963 641 3004 perite
653 2963 843 2995 adinventae.
865 2963 980 3006 peritia
996 2964 1078 2995 enim
1094 2963 1190 2997 efficit
1201 2962 1296 2997 vitam
1312 2969 1448 2996 nostram
1462 2973 1518 3006 per
1532 2953 1628 2994 artem

162 3010 321 3051 incedere,
337 3013 493 3057 imperitia
508 3026 580 3048 vero
597 3026 651 3060 per
666 3017 822 3050 fortunam
848 3018 1086 3061 circumvagari.
1109 3019 1218 3052 harum
1244 3017 1437 3061 singularum
1461 3013 1629 3061 participes
