1832 3256
201 225 299 276 243]
779 222 1066 270 PHAEDRUS.
1631 231 1656 270 9

197 336 365 374 morantes,
373 340 410 365 ac
420 330 461 365 de
471 330 531 371 his,
540 339 611 374 quae
620 327 766 371 diximus,
775 330 1002 374 colloquentes,
1011 339 1084 366 cum
1094 329 1228 374 primum
1237 330 1398 375 refrixerit,
1409 337 1484 365 tunc
1496 333 1655 371 abeamus.

198 386 256 417 So.
299 385 438 417 Divinus
459 396 493 417 es
503 386 588 418 circa
609 395 776 424 sermones,
799 397 818 424 o
841 385 985 423 Phaedre,
1008 395 1044 418 ac
1060 396 1131 417 vere
1152 385 1312 417 mirabilis.
1357 386 1485 418 arbitror
1499 389 1660 431 equidem,

197 439 384 477 orafionum,
399 449 470 482 quae
486 439 546 470 tuis
559 439 750 480 temporibus
766 438 881 470 habitae
904 443 990 480 sunt,
1013 439 1170 471 neminem
1192 440 1332 482 pluribus
1347 445 1505 473 auctorem
1520 453 1660 475 causam-

195 503 258 534 que
283 493 390 530 fuisse,
416 503 509 535 quam
534 497 578 534 te,
603 489 668 524 sive
690 492 772 524 ultro
796 492 946 530 dicendo,
970 493 1036 524 sive
1062 503 1190 535 quoquo
1214 493 1308 524 modo
1329 494 1407 525 alios
1427 496 1660 537 compellendo.

198 546 358 578 Simmiam
371 547 556 578 Thebanum
570 546 715 588 excipio:
740 546 817 578 alios
839 556 912 577 vero
935 546 1029 588 longe
1052 547 1226 578 antecellis.
1270 551 1303 578 et
1327 557 1412 578 nune
1434 549 1548 580 videris
1565 561 1660 583 causa

198 600 306 641 fuisse,
322 605 356 632 ut
371 600 476 642 aliqua
488 611 507 631 a
523 611 572 631 me
587 600 687 631 oratio
702 600 862 631 habeatur.
899 599 994 631 Pam.
1029 599 1105 631 Non
1121 605 1155 630 tu
1172 600 1288 632 bellum
1303 610 1377 632 sane
1393 601 1571 635 denuntias.
1606 606 1662 636 sed

201 663 339 695 quonam
354 655 460 691 modo,
475 658 508 685 et
522 664 592 695 quae
615 653 736 685 oratio?
781 653 838 684 So.
882 653 963 685 Cum
987 653 1104 684 flumen
1126 653 1309 684 transiturus
1331 665 1442 693 essem,
1459 656 1663 700 daemonium,

202 713 235 739 et
249 709 373 740 solitum
389 708 465 739 mihi
479 707 545 739 fieri
560 708 693 749 signum,
710 707 827 738 factum
840 712 905 740 est:
921 708 1006 749 quo'd
1031 717 1106 739 sane
1128 708 1253 749 quoties
1273 708 1399 746 accidit,
1423 711 1509 751 quod
1525 711 1662 743 facturus

203 773 298 803 eram,
319 773 410 805 agere
431 762 587 804 prohibet.
609 762 683 792 hinc
697 772 806 793 vocem
823 761 930 793 audire
954 761 1036 792 visus
1061 771 1143 803 sum,
1166 772 1238 803 quae
1263 762 1348 793 abire
1375 774 1424 794 me
1451 770 1549 807 vetat,
1570 771 1660 798 ante-

204 826 298 857 quam
318 814 618 858 expiaverim,quasi
629 815 748 856 aliquid
760 815 942 857 deliquerim
955 825 1027 858 erga
1041 814 1159 848 Deum.
1202 815 1279 846 Sum
1299 815 1394 857 igitur
1415 822 1501 849 vates
1522 819 1662 861 quidem,

203 874 237 902 at
247 881 445 913 nequaquam
467 871 579 911 bonus,
606 869 661 901 sed
688 869 951 911 quemadmodum
978 868 1034 912 qui
1059 869 1142 901 maie
1166 869 1271 901 sciunt
1296 869 1413 912 literas,
1439 877 1592 913 quantum
1623 875 1663 906 ad

205 934 254 955 me
269 924 372 966 ipsum
387 923 552 955 sufficiens.
575 923 657 955 clare
672 923 779 965 itaque
790 923 856 965 jam
871 923 1017 966 intelligo
1032 923 1182 955 delictum
1204 934 1320 956 meum.
1337 924 1503 968 siquidem,
1517 937 1536 957 o
1552 927 1664 966 amice,

206 978 348 1022 praesagii
362 978 511 1021 quiddam
535 977 628 1009 etiam
652 982 700 1009 est
716 978 747 1009 in
763 978 879 1010 animo.
901 989 951 1010 me
967 978 1052 1010 enim
1068 979 1236 1010 commovit
1250 982 1283 1010 et
1297 983 1400 1016 antea,
1415 979 1491 1011 dum
1507 973 1666 1023 loquebar.

206 1033 290 1064 unde
305 1033 535 1075 quodammodo
544 1032 681 1069 verebar,
696 1043 750 1072 ne,
766 1043 837 1063 cum
849 1032 928 1064 forte
939 1033 1111 1064 secundum
1124 1032 1259 1075 Ibycum
1272 1033 1357 1074 apud
1370 1032 1457 1064 Deos
1469 1033 1666 1078 deliquerim,

206 1087 293 1128 apud
315 1087 457 1118 homines
482 1086 609 1128 gloriam
625 1096 808 1128 consequar.
852 1086 884 1117 N
887 1097 948 1118 unc
964 1087 1078 1123 sentio,
1094 1086 1127 1117 in
1142 1096 1206 1128 quo
1221 1086 1416 1128 deliquerim.
1463 1087 1555 1121 Pam.
1579 1089 1667 1127 Quid

206 1141 279 1173 est?
323 1141 380 1172 So.
424 1140 573 1181 Gravem,
595 1151 614 1171 o
638 1140 782 1181 Pliaedre,
805 1150 940 1182 gravem,
964 1140 1106 1182 inquam,
1138 1150 1309 1171 sermonem
1340 1145 1373 1171 et
1403 1145 1436 1171 tu
1459 1141 1604 1180 attulisti,
1635 1148 1669 1176 et

207 1205 257 1226 me
282 1194 386 1226 dicere
408 1193 598 1236 compulisti.
640 1193 734 1224 Pius.
779 1194 928 1231 Quonam
957 1193 1076 1235 pacto?
1121 1193 1178 1224 So.
1199 1193 1348 1231 Stultum,
1373 1199 1406 1225 et
1434 1196 1667 1237 quodammodo

206 1248 356 1290 impium:
379 1258 444 1290 quo
465 1248 535 1289 quis
558 1247 677 1289 gravior
701 1257 769 1278 esse
791 1247 918 1288 potest?
962 1247 1056 1280 Pam.
1101 1246 1230 1284 Nullus,
1253 1247 1280 1278 si
1303 1253 1338 1278 tu
1361 1258 1434 1279 vera
1455 1259 1570 1281 narras·
1612 1250 1669 1285 So.

207 1303 295 1341 Quid
320 1302 429 1334 enim?
473 1302 621 1333 Amorem
637 1311 743 1332 nonne
769 1300 902 1332 Veneris
929 1301 1040 1339 filiurn,
1069 1306 1102 1333 et
1117 1301 1222 1332 Deum
1244 1301 1381 1343 aliquem
1409 1303 1526 1345 putas?
1571 1305 1667 1339 Pina.

207 1357 333 1390 Dicitur
355 1356 494 1399 quidem.
540 1355 594 1388 So.
619 1355 694 1386 Non
719 1360 823 1387 tamen
849 1366 869 1387 a
897 1355 1007 1398 Lysia,
1036 1366 1140 1398 neque
1164 1366 1183 1387 a
1211 1366 1353 1388 sermone
1376 1362 1443 1395 tuo,
1469 1357 1525 1400 qui
1553 1369 1610 1401 per
1634 1370 1669 1391 os

208 1422 310 1443 meum
325 1411 381 1443 abs
395 1415 438 1448 te,
453 1409 543 1453 quasi
561 1410 695 1452 quadam
710 1409 926 1441 incantatione
948 1409 1154 1448 demulctum,
1170 1410 1309 1452 prolatus
1325 1417 1384 1442 est.
1428 1411 1462 1443 Si
1489 1417 1593 1444 autem
1609 1418 1668 1451 est,

207 1470 245 1496 ut
258 1470 340 1497 certe
350 1469 409 1501 est,
419 1463 509 1495 Deus
520 1468 575 1494 aut
585 1463 723 1494 divinum
736 1463 890 1506 quiddam
903 1463 1013 1504 Amor,
1030 1463 1146 1495 malum
1159 1464 1268 1506 utique
1283 1475 1346 1495 non
1357 1470 1450 1498 esset.
1467 1470 1500 1497 at
1511 1477 1669 1500 sermones

209 1519 250 1551 de
264 1519 330 1556 illo,
346 1517 435 1561 quasi
451 1518 565 1549 malum
577 1522 671 1555 esset,
688 1517 786 1549 habiti
808 1522 892 1551 sunt.
914 1517 946 1549 in
966 1518 1027 1550 hoc
1050 1528 1123 1560 ergo
1139 1518 1286 1550 adversus
1303 1517 1451 1550 Amorem
1465 1519 1669 1562 deliquimus.

207 1574 293 1616 atqui
307 1573 396 1605 valde
407 1572 525 1615 ineptae
533 1571 763 1614 disputationes
769 1573 817 1603 hae
828 1577 942 1604 nostrae
951 1571 1108 1611 videntur,
1119 1572 1260 1615 quamvis
1271 1573 1396 1604 urbanae
1413 1584 1421 1606 z
1433 1584 1504 1615 quae
1512 1585 1582 1605 cum
1590 1575 1672 1607 nihil

205 1628 359 1660 sincerum
383 1637 553 1669 verumque
575 1627 770 1664 contineant,
796 1627 966 1669 gloriantur
991 1631 1109 1668 tamen,
1137 1631 1286 1671 tanquam
1306 1627 1474 1670 plurimum
1492 1627 1629 1671 valeant,
1645 1631 1671 1661 si

206 1682 402 1713 homunculis
415 1681 575 1712 nonnullis
594 1681 737 1723 deceptis
750 1682 973 1723 approbentur.
1018 1682 1094 1713 mihi
1116 1682 1221 1724 igitur,
1243 1692 1262 1713 o
1277 1681 1389 1723 amice,
1411 1682 1529 1724 expiari
1545 1694 1672 1715 necesse

205 1742 263 1768 est.
308 1736 403 1778 [243]
448 1735 505 1766 Est
529 1740 632 1766 autem
654 1734 715 1773 his,
738 1735 793 1777 qui
816 1736 1050 1768 con-fabulando
1074 1741 1220 1779 peccant,
1246 1736 1384 1778 expiatio
1406 1737 1550 1778 quaedam
1571 1742 1673 1776 vetus,

205 1801 299 1834 quam
320 1790 474 1821 Homerus
489 1799 554 1819 non
568 1788 666 1824 novit,
684 1789 740 1820 sed
765 1789 970 1821 Stesichorus.
1014 1790 1114 1822 oculis
1134 1790 1216 1821 enim
1233 1790 1371 1832 privatus
1386 1790 1428 1821 ob
1443 1789 1576 1821 Helenae
1592 1791 1674 1822 vitu-

203 1844 407 1886 perationem,
422 1853 486 1873 non
499 1842 656 1883 ignoravit
675 1843 827 1873 eaecitatis
843 1854 981 1880 causam,
1003 1849 1039 1874 ut
1053 1844 1222 1884 Homerus,
1243 1845 1297 1875 sed
1318 1849 1429 1885 utpote
1453 1844 1587 1876 musicus
1601 1856 1672 1877 eam

203 1897 342 1940 agnovit.
362 1897 469 1938 itaque
484 1895 588 1926 statim
603 1895 657 1926 illa
671 1895 747 1926 feeit
763 1896 912 1933 carmina,
940 1897 962 1915 ‘⁴
975 1895 1052 1927 Non
1067 1907 1157 1928 verus
1173 1907 1277 1928 sermo
1293 1898 1347 1928 ille
1361 1898 1441 1929 fuit:
1467 1908 1525 1930 nec
1541 1899 1674 1931 navibus

203 1953 274 1984 altis
288 1951 389 1983 Existi
402 1950 539 1992 fugiens,
554 1959 613 1981 nec
636 1949 729 1980 adisti
744 1949 897 1991 Pergama
917 1949 1056 1991 Trojae.”
1100 1955 1196 1992 atque
1218 1950 1263 1981 ita
1285 1951 1372 1982 edito
1395 1951 1556 1993 poemate,
1578 1963 1674 1995 quam

206 2005 410 2049 palinodiam,
434 2004 467 2035 id
497 2008 557 2045 est,
585 2007 711 2035 cantum
740 2004 942 2046 conti-arlum,
970 2008 1099 2046 vocant,
1136 2004 1303 2036 confestim
1338 2005 1441 2037 visum
1478 2008 1676 2049 recuperavit

206 2060 363 2092 amissum.
407 2059 477 2099 Ego
493 2062 597 2089 autem
611 2057 643 2088 in
657 2058 718 2089 hoc
731 2068 784 2089 ero
801 2058 938 2100 utrisque
955 2058 1137 2100 sapientior,
1150 2058 1249 2100 quod,
1265 2063 1434 2101 antequam
1450 2060 1575 2092 accidat
1597 2061 1674 2094 mihi

205 2114 378 2156 quidquam
390 2111 462 2142 mali
472 2112 513 2143 ob
524 2110 648 2142 Amoris
656 2111 931 2153 vituperationem,
941 2113 1078 2144 conabor
1087 2112 1134 2143 illi
1145 2112 1336 2154 palinodiam
1346 2114 1489 2155 reddere,
1501 2119 1533 2146 et
1545 2115 1673 2157 quidem

207 2173 316 2209 aperto
331 2166 447 2208 capite,
460 2175 536 2203 non,
551 2170 588 2196 ut
599 2175 704 2208 supra,
717 2166 760 2197 ob
773 2167 994 2198 verecundiam
1010 2166 1126 2198 velato.
1171 2167 1265 2198 Pnae.
1308 2166 1370 2199 His
1385 2178 1470 2210 vero,
1485 2179 1505 2199 o
1520 2169 1675 2208 Socrates,

206 2221 284 2253 nihil
315 2220 390 2252 mihi
418 2220 535 2262 gratius
564 2219 684 2251 efficere
712 2230 832 2262 posses.
875 2220 932 2254 So.
977 2220 1104 2252 Etenim
1134 2219 1317 2262 meministi,
1350 2231 1370 2252 o
1407 2221 1552 2265 Phaedre,
1580 2233 1674 2264 quam

206 2275 405 2318 impudenter
419 2285 457 2306 ex
472 2273 550 2305 libro
566 2273 682 2306 lectum
696 2279 755 2313 est,
770 2279 804 2307 et
818 2285 836 2306 a
852 2286 901 2307 me
916 2275 986 2317 ipso
1000 2285 1127 2317 quoque
1142 2275 1183 2306 de
1197 2279 1337 2306 amatore
1359 2275 1492 2307 dictum.
1537 2277 1633 2314 Quod
1649 2278 1676 2309 si

207 2338 375 2371 generosus
388 2327 435 2359 vir
455 2327 567 2370 aliquis
591 2333 624 2359 et
642 2329 813 2367 modestus,
836 2330 891 2372 qui
913 2328 1045 2361 similem
1069 2329 1129 2361 sibi
1151 2329 1246 2360 alium
1263 2333 1347 2361 amet
1372 2335 1427 2361 aut
1440 2331 1601 2373 amaverit,
1617 2342 1675 2363 nos

206 2383 316 2415 audiat
329 2383 481 2424 dieentes,
496 2382 581 2424 quod
595 2387 735 2414 amantes
750 2384 791 2415 ob
806 2383 949 2415 minimas
971 2393 1080 2414 causas
1097 2393 1182 2426 saepe
1205 2383 1352 2414 maximas
1373 2383 1556 2415 inimicitias
1579 2385 1677 2416 susci-

207 2442 288 2475 tant,
303 2441 336 2468 et
349 2436 449 2467 invidi
464 2436 574 2467 amatis
590 2436 818 2479 perniciosique
841 2442 927 2476 sunt,
944 2437 1085 2468 homines
1108 2437 1215 2468 audire
1235 2447 1271 2468 se
1285 2437 1482 2468 arbitrabitur
1497 2438 1529 2470 in
1545 2438 1675 2470 navibus

207 2492 369 2528 educatos,
384 2491 438 2532 qui
462 2490 621 2521 liberalem
636 2500 770 2522 amorem
796 2491 933 2533 aliquem
956 2501 1119 2533 nunquam
1143 2491 1349 2533 inspexerint,
1375 2501 1478 2532 neque
1501 2491 1565 2522 ullo
1582 2493 1675 2523 modo

207 2545 298 2576 nobis
326 2545 490 2582 concedet,
520 2555 590 2586 quae
619 2544 652 2576 in
681 2543 805 2577 Amoris
833 2546 1094 2588 vituperationem
1119 2546 1316 2578 adducimus.
1360 2544 1455 2577 Puaz.
1501 2545 1593 2577 Forte
1623 2557 1679 2588 per

209 2599 334 2636 Jovem,
349 2609 368 2629 o
383 2599 537 2631 Socrates.
582 2598 637 2630 So.
682 2599 778 2632 Hunc
804 2611 862 2642 ego
878 2600 1037 2631 hominem
1053 2599 1180 2641 veritus,
1196 2604 1227 2631 et
1243 2600 1391 2630 Amorem
1405 2599 1506 2640 ipsum
1521 2604 1676 2637 metucns,

208 2653 303 2695 cupio
327 2652 427 2684 veluti
452 2652 584 2695 potabili
608 2653 749 2685 oratione
775 2654 889 2685 salsum
916 2654 1005 2685 illum
1028 2654 1216 2696 auribusque
1231 2653 1344 2684 nostris
1359 2652 1487 2684 noxium
1503 2663 1676 2684 sermonem

209 2707 340 2739 diluere.
384 2706 524 2738 Consulo
539 2707 615 2748 quin
630 2707 723 2738 etiam
739 2707 858 2749 Lysiae,
873 2713 909 2739 ut
923 2718 1017 2750 quam
1029 2708 1164 2749 primum
1181 2707 1305 2744 scribat,
1317 2707 1434 2738 amanti
1449 2706 1568 2748 potius,
1583 2717 1676 2748 quam

209 2771 275 2792 non
300 2760 430 2799 amanti,
458 2771 496 2793 ex
523 2760 674 2792 similibus
701 2761 940 2803 indulgendum.
984 2761 1079 2795 Pan-2.
1123 2761 1174 2793 Ita
1199 2761 1337 2792 futurum
1360 2765 1445 2792 certo
1471 2760 1560 2792 scito.
1603 2770 1675 2790 nam

211 2819 378 2856 postquam
402 2820 436 2845 tu
459 2819 627 2846 amatorem
652 2814 838 2854 laudaveris,
861 2826 989 2847 necesse
1011 2816 1081 2854 erit,
1104 2815 1246 2858 Lysiam,
1265 2820 1303 2848 ut
1321 2814 1432 2846 eadem
1453 2814 1577 2850 scribat,
1593 2823 1612 2844 a
1627 2822 1678 2844 me

216 2868 376 2910 compelli.
421 2869 478 2900 So.
513 2868 616 2900 Credo
632 2868 789 2911 equidem,
813 2870 975 2912 quamdiu,
1001 2870 1057 2912 qui
1080 2880 1164 2901 nuuc
1180 2880 1226 2907 es,
1250 2869 1358 2901 fueris.
1404 2868 1497 2899 Pu.
1542 2867 1604 2898 Dic
1620 2876 1679 2908 age

217 2922 291 2953 forti
306 2922 423 2954 animo.
467 2922 525 2955 So.
557 2921 640 2965 Eja:
663 2922 718 2955 ubi
742 2923 817 2955 mihi
832 2934 911 2966 puer
924 2923 978 2957 ille
992 2924 1094 2968 adest,
1116 2924 1157 2957 ad
1171 2933 1266 2967 quem
1291 2922 1480 2965 superiorem
1502 2929 1678 2953 sermonem

298 2976 386 3008 Plac.
405 2976 459 3007 Tr.
977 2977 1007 3010 1.
1563 2974 1592 3005 Β
