1832 3256
210 240 257 278 18
779 232 1060 273 -PLATONIS
1579 235 1675 287 [295

206 351 300 384 quam
317 338 373 373 tibi
388 339 471 375 istud
487 339 622 377 videtur,
637 347 730 380 quam
745 336 860 378 scripta
876 336 999 368 oratio?
1044 335 1139 367 Pas,
1162 332 1239 366 Non
1253 333 1339 367 aliud
1355 339 1452 367 certe.
1495 335 1554 367 So.
1577 335 1674 373 Quod

206 396 235 431 ai
246 395 447 438 approbetur,
462 393 598 436 gestiens
612 403 648 424 ex
664 392 785 422 theatro
799 390 945 427 discedit,
969 394 1116 431 tanquam
1133 388 1243 430 poeta.
1288 388 1336 420 sin
1357 394 1461 420 autem
1480 389 1674 431 reprobetur,

206 449 453 490 excludaturque
466 458 486 478 a
502 446 664 478 scribenda
680 444 848 484 sententia,
861 454 965 484 neque
988 443 1114 484 dignus,
1136 441 1228 483 cujus
1250 442 1406 474 sententia
1424 443 1588 474 mandetur
1602 443 1673 475 lite-

204 501 260 539 ris,
274 503 436 538 habeatur,
451 505 559 532 moeret
573 499 652 541 ipse,
668 498 800 539 ejusque
815 497 918 528 amici.
963 497 1060 528 Pnaz.
1086 496 1128 526 Et
1142 496 1275 527 maxime
1290 496 1429 538 quidem.
1474 497 1529 528 So.
1551 496 1591 528 In
1612 497 1674 531 hoe

206 556 302 597 plane
317 556 543 590 demonstrant,
559 563 591 583 se
607 551 734 582 minime
744 551 901 592 aspernari
917 550 1055 580 studium
1070 548 1264 591 hujusmodi,
1279 550 1334 581 sed
1345 549 1434 580 multi
1443 550 1557 582 facere.
1579 549 1675 584 Pan..

205 608 419 650 Summopere.
440 607 497 638 So.
513 605 599 644 Quid
611 615 692 640 vero,
701 605 727 635 si
739 609 841 635 orator
850 603 1018 645 quispiam,
1027 608 1082 634 aut
1096 613 1148 634 rex
1163 613 1232 634 eam
1242 608 1352 634 nactus
1367 603 1409 634 sit
1422 603 1615 641 facultatem,
1625 608 1674 640 ut,

205 661 468 704 quemadmodum
478 660 654 701 Lycurgus,
665 662 719 689 aut
730 658 838 694 Solon,
852 661 907 689 aut
915 656 1042 694 Darius,
1053 657 1235 687 immortalis
1250 657 1281 687 in
1292 657 1420 688 civitate
1430 657 1560 699 scriptor
1569 657 1675 689 haberi

206 715 319 758 possit,
333 725 374 746 an
389 724 453 745 non
469 717 502 744 et
515 712 582 755 ipse
597 711 748 753 aequalem
763 722 796 742 se
811 710 895 748 Deo,
911 712 1014 742 adhuc
1031 711 1187 742 viventem
1204 710 1361 742 existimat
1377 711 1388 741 ?
1410 715 1443 742 et
1463 710 1591 752 posteri,
1606 721 1674 742 mo-

205 773 357 800 numenta
371 767 440 809 ejus
454 767 700 806 considerantes,
714 765 754 795 de
769 764 823 795 illo
838 763 981 795 similiter
994 763 1140 805 judicant
1155 764 1166 795 ἲ
1190 763 1284 795 Pam.
1306 764 1527 796 Vehementer.
1549 763 1606 796 So.
1619 763 1675 796 An

205 821 301 863 igitur
314 832 435 859 censes,
451 821 559 852 talium
575 819 766 862 quempiam,
777 819 826 850 vel
838 822 1116 860 quantumcunque
1131 818 1316 849 malevolum
1329 817 1446 860 Lysiae,
1457 817 1594 849 studium
1604 817 1676 860 ejus

204 875 267 907 hoc
282 875 435 907 scribendi
451 873 719 915 vituperaturum?
763 873 858 904 Pam.
881 871 928 903 Ex
949 872 1009 909 his,
1029 882 1100 913 quae
1125 876 1157 902 tu
1181 871 1273 909 dicis,
1297 871 1330 902 id
1350 876 1594 903 consentaneum
1610 881 1676 903 non

204 927 340 961 videtur.
385 938 457 959 nam
478 938 566 960 suum
585 936 712 969 quoque
735 926 884 964 studium,
904 931 941 956 ut
961 926 1094 967 videtur,
1118 925 1321 966 vituperaret.
1365 924 1422 957 So.
1443 924 1527 966 Ergo
1554 935 1592 956 ex
1613 924 1675 956 hoc

205 981 405 1023 perspicuum
428 991 494 1012 esse
516 979 630 1021 cuique
652 983 767 1021 potest,
793 990 855 1010 non
873 979 914 1010 ob
935 979 996 1010 hoc
1019 979 1134 1020 ipsum,
1157 979 1243 1021 qnod
1264 978 1388 1017 scribat,
1403 988 1592 1021 quemquam
1607 987 1676 1010 esse

204 1034 455 1075 vituperandum.
478 1032 572 1064 Pae..
588 1032 675 1069 Quid
685 1032 768 1063 enim
781 1032 792 1062 ?
815 1032 870 1063 So.
886 1031 932 1062 At
940 1031 1018 1062 illud
1028 1037 1087 1069 est,
1098 1037 1132 1063 ut
1143 1033 1283 1070 arbitror,
1294 1037 1396 1074 turpe,
1408 1032 1538 1074 turpiter
1546 1042 1583 1064 ac
1593 1031 1675 1064 male

205 1092 239 1119 et
253 1087 352 1129 loqui,
366 1091 400 1119 et
421 1087 563 1118 scribere.
607 1085 702 1117 Pam.
725 1084 932 1117 Manifestum
948 1084 980 1115 id
994 1085 1132 1127 quidem.
1179 1085 1236 1118 So.
1258 1085 1413 1123 Quasnam
1428 1085 1523 1127 igitur
1534 1089 1567 1116 et
1580 1085 1676 1126 bene,

205 1144 239 1171 et
249 1151 313 1172 non
322 1141 403 1172 bene
415 1140 569 1172 scribendi
578 1140 655 1171 ratio
666 1144 715 1171 est
725 1140 738 1172 2
782 1138 945 1181 Numquid
963 1149 1043 1181 opus
1053 1144 1101 1170 est
1111 1139 1212 1177 nobis,
1222 1150 1241 1170 o
1257 1139 1402 1177 Phaedre,
1417 1139 1459 1171 de
1472 1139 1522 1170 his
1531 1149 1550 1170 a
1564 1138 1676 1181 Lysia,

205 1194 256 1226 vel
279 1195 320 1226 ab
335 1195 397 1226 alio
421 1193 583 1234 sciscitari,
605 1193 659 1235 qui
683 1193 732 1224 vel
752 1194 942 1235 quandoque
964 1193 1120 1234 scripserit
1143 1193 1276 1235 aliquid,
1292 1194 1342 1225 vel
1357 1193 1398 1224 sit
1419 1193 1598 1235 scripturus,
1618 1202 1673 1224 seu

206 1247 299 1279 civile
315 1248 472 1289 publicum
497 1257 588 1289 opus,
604 1247 668 1278 sive
683 1246 851 1288 privatum,
865 1250 920 1277 aut
934 1245 1081 1283 carmine,
1097 1251 1133 1277 ut
1147 1245 1256 1288 poeta,
1278 1251 1344 1287 aut,
1363 1251 1509 1288 tanquam
1526 1245 1679 1287 privatus,

207 1302 347 1334 oratione
363 1302 487 1334 soluta?
532 1300 626 1333 Pfflz.
649 1300 770 1342 Rogas,
785 1311 826 1331 an
841 1311 920 1342 opus
935 1300 994 1331 sit?
1018 1300 1109 1342 cujus
1123 1301 1205 1332 enim
1222 1300 1333 1343 gratia,
1349 1305 1386 1331 ut
1400 1299 1445 1331 ita
1459 1299 1576 1340 dicam,
1589 1298 1676 1330 vivat

207 1355 374 1398 quispiam,
388 1356 447 1387 nisi
460 1355 640 1396 hujusmodi
654 1355 875 1397 voluptatum?
898 1365 962 1386 non
978 1354 1060 1386 enirn
1080 1354 1203 1386 illarum
1232 1354 1342 1397 gratia,
1362 1363 1440 1396 quas
1461 1353 1553 1384 dolor
1565 1362 1677 1384 necea·

208 1409 289 1441 sario
304 1410 486 1441 antecedit:
510 1408 649 1450 alioquin
665 1408 810 1450 voluptas
825 1408 952 1440 minime
967 1407 1122 1450 provenit.
1167 1409 1252 1451 quod
1269 1418 1376 1440 omnes
1390 1405 1482 1450 paene
1497 1406 1676 1449 voluptates

207 1463 344 1505 corporis
369 1463 487 1494 habent
501 1473 509 1494 ε
534 1472 629 1504 quare
656 1461 782 1493 serviles
811 1471 875 1492 non
905 1460 1020 1502 injuria
1048 1467 1122 1493 sunt
1149 1462 1328 1504 appellatae.
1372 1461 1428 1493 So.
1461 1460 1537 1492 otio
1565 1460 1678 1502 utique

207 1517 422 1548 abundamus:
446 1526 483 1548 ac
507 1516 601 1549 etiam
628 1515 705 1547 mihi
728 1515 887 1553 videntur,
910 1515 996 1546 velut
1019 1515 1053 1546 in
1071 1520 1162 1553 aestu,
1187 1526 1280 1557 super
1295 1520 1392 1557 caput
1405 1519 1544 1546 nostrum
1558 1514 1677 1546 cicade

207 1574 369 1612 canentes,
383 1574 416 1602 et
430 1570 562 1602 invicem
578 1571 774 1613 disputantes
789 1581 846 1602 nos
868 1569 1022 1602 contueri.
1068 1569 1167 1612 [259]
1191 1569 1223 1601 Si
1239 1580 1313 1611 ergo
1329 1580 1386 1602 nos
1401 1569 1554 1606 viderent,
1568 1578 1677 1611 quem-

207 1624 376 1655 admodum
399 1628 433 1654 et
447 1623 525 1654 alios
539 1624 666 1661 multos,
680 1625 715 1655 iu
730 1625 858 1655 meridie
873 1634 937 1655 non
953 1623 1149 1664 disputantes
1164 1623 1305 1666 quidem,
1329 1624 1384 1655 sed
1399 1623 1616 1660 dormitantes,
1637 1622 1678 1653 ab

205 1676 284 1718 ipsis
298 1677 339 1708 ob
359 1675 472 1708 mentis
487 1676 640 1707 desidiam
659 1677 819 1713 delinitos,
835 1676 945 1707 merito
961 1676 1151 1714 deriderent,
1176 1675 1399 1713 existimantes,
1419 1675 1578 1717 mancipia
1591 1684 1679 1717 quar·

206 1731 279 1762 dam
295 1730 336 1761 ad
350 1740 403 1761 eas
417 1729 492 1760 illue
506 1728 680 1765 divertisse,
694 1729 791 1769 inque
806 1729 876 1767 ipsu
892 1738 1026 1763 secessu,
1051 1734 1198 1769 tauquam
1221 1730 1360 1769 pecudes
1374 1728 1432 1759 sub
1456 1729 1574 1766 umbra,
1588 1737 1679 1760 secus

206 1785 326 1817 sontem
342 1782 514 1814 meridiano
529 1791 639 1813 somno
655 1781 763 1812 teneri.
808 1780 856 1810 sin
873 1784 978 1810 autem
992 1779 1127 1810 viderint
1142 1780 1328 1813 disserentes
1349 1792 1419 1819 nos,
1435 1781 1625 1823 minimeque
1639 1782 1679 1814 ab

206 1837 341 1874 illarum,
363 1835 453 1878 quasi
474 1835 629 1872 Sirenum,
650 1833 804 1865 illecebris
827 1838 949 1874 captos,
970 1843 1034 1874 quo
1055 1833 1159 1864 minus
1173 1839 1298 1875 portum
1313 1845 1419 1866 versus
1434 1835 1679 1876 enavigamus,

207 1891 289 1923 forte
303 1889 393 1921 nobis
408 1887 612 1920 libentissime
626 1887 788 1930 praemium
803 1886 883 1918 illud
899 1886 1049 1923 tribuent,
1061 1886 1145 1927 quod
1157 1885 1295 1918 Deorum
1306 1888 1508 1919 concessione
1518 1889 1680 1921 traducere

207 1944 250 1976 ad
264 1943 407 1975 homines
421 1946 563 1984 possunt.
584 1941 679 1973 Pam.
702 1940 862 1978 Quidnam
878 1940 1014 1970 muneris
1029 1939 1113 1970 istud
1128 1944 1189 1977 est,
1204 1941 1289 1982 quod
1305 1941 1490 1982 possident?
1518 1939 1683 1984 nunquam

209 1998 294 2030 enim
309 1997 434 2028 audisse
449 1995 567 2027 videor.
610 1994 666 2026 So.
688 1994 763 2025 Non
780 1998 885 2025 tamen
900 1994 994 2024 decet
1014 1992 1178 2024 Musarum
1193 1994 1368 2025 studiosum
1385 1994 1484 2025 virum
1506 2005 1605 2026 mum
1620 1997 1679 2028 hu·

204 2050 349 2094 jusmodi
362 2050 503 2091 ignarum
517 2058 596 2080 esse.
639 2047 749 2080 Fertur
771 2052 888 2085 autem,
902 2048 960 2078 hos
979 2046 1053 2078 olim
1071 2047 1215 2079 homines
1236 2052 1309 2079 ante
1328 2048 1441 2079 Musas
1458 2048 1576 2081 fuisses
1598 2050 1680 2081 natis

209 2104 327 2136 deinde
341 2103 455 2140 Musis,
469 2106 628 2144 cantuque
650 2106 832 2140 monstram,
848 2101 975 2133 illorum
995 2100 1167 2132 nonnullos
1182 2101 1345 2143 voluptate
1360 2105 1471 2133 cautus
1486 2111 1584 2143 usque
1599 2103 1680 2134 adeo

210 2158 360 2190 delinitos
373 2156 481 2194 fuisse,
495 2161 531 2187 ut
545 2160 693 2188 canentes
708 2155 812 2187 cibum
828 2160 1002 2197 potumque
1016 2154 1225 2197 negligerent,
1238 2155 1512 2198 imprudenterque
1522 2155 1679 2197 perirent:

211 2221 250 2243 ex
273 2211 385 2253 quibus
403 2210 554 2252 deinceps
577 2210 753 2242 cicadarum
779 2219 879 2251 genus
905 2208 945 2241 sit
968 2213 1090 2250 natum,
1113 2219 1227 2240 munus
1244 2209 1304 2241 hoc
1323 2219 1343 2240 a
1364 2209 1468 2240 Musis
1487 2213 1630 2251 nactum,
1643 2215 1682 2242 ut

211 2264 361 2296 alimonia
374 2274 440 2295 non
454 2263 606 2306 indigeat,
621 2264 677 2295 sed
686 2264 804 2306 absque
814 2262 886 2295 cibo
897 2264 1053 2304 potuque,
1063 2262 1212 2304 quamdiu
1226 2262 1346 2300 vixerit,
1356 2267 1475 2302 cantet,
1484 2268 1597 2305 postea
1608 2274 1680 2296 vero

212 2318 254 2349 ad
268 2318 380 2350 Musas
393 2317 619 2359 proficiscatur,
634 2328 728 2360 quam
743 2317 814 2359 quis
829 2316 990 2348 hominum
1006 2316 1132 2347 Musam
1149 2316 1201 2347 hic
1216 2316 1301 2348 colat
1315 2316 1575 2352 renuntiaturum,
1595 2315 1681 2359 Ergo

209 2370 423 2413 Terpsichore
437 2370 628 2408 nuntiantes,
642 2371 698 2414 qui
708 2370 869 2413 praecipue
883 2370 968 2402 illam
983 2370 1016 2401 in
1031 2369 1132 2401 choris
1148 2368 1345 2412 coetibusque
1360 2369 1596 2407 celebraverint,
1611 2380 1681 2402 eam
1693 2392 1699 2394 -

211 2423 289 2466 ipsis
313 2424 481 2466 propitiam
505 2425 660 2456 reddunt:
683 2424 779 2456 Erato
803 2429 908 2456 autem
932 2434 999 2461 eos,
1024 2423 1079 2465 qui
1103 2423 1138 2454 iu
1163 2424 1255 2455 rebus
1270 2423 1426 2455 amatoriis
1440 2423 1679 2456 honoraverint:

211 2482 307 2519 atque
331 2477 399 2509 aliis
421 2478 532 2509 eodem
556 2478 662 2516 modo,
685 2489 743 2520 pro
766 2488 822 2509 sua
843 2478 998 2519 cujusque
1019 2477 1229 2509 venerationis
1244 2476 1362 2520 specie.
1407 2476 1562 2519 calliopa
1577 2482 1682 2510 autem

212 2530 449 2572 antiquissima,
466 2541 597 2573 eamque
616 2532 759 2573 sequenti
782 2531 920 2569 Uraniae,
941 2541 1008 2567 eos,
1029 2531 1084 2574 qui
1106 2530 1139 2562 in
1160 2531 1362 2573 philosophia
1376 2531 1497 2568 vivunt,
1512 2530 1684 2573 coluntque

211 2582 350 2626 ipsarum
374 2585 536 2622 musicam,
561 2585 719 2617 referunt:
743 2595 814 2629 quas
837 2595 901 2627 prae
920 2584 1032 2616 ceteris
1052 2584 1156 2616 Musis
1177 2585 1262 2616 circa
1280 2585 1403 2620 coelum,
1418 2589 1514 2626 atque
1528 2594 1684 2617 sermones

213 2641 278 2668 tam
302 2636 439 2675 divinos,
461 2647 555 2679 quam
579 2639 742 2677 humanos,
768 2643 939 2676 versantur,
965 2648 1072 2670 vocem
1099 2638 1302 2679 pulcherrime
1318 2638 1526 2671 modulantes.
1570 2637 1684 2679 Itaque

213 2690 320 2723 multis
335 2691 376 2722 de
391 2691 490 2722 causis
505 2691 673 2723 dicendum
689 2697 736 2724 est
751 2692 883 2734 aliquid,
897 2702 999 2734 neque
1015 2691 1048 2722 in
1063 2691 1191 2723 meridie
1216 2692 1459 2724 dormitandum.
1505 2691 1599 2723 Pan:-
1623 2690 1685 2723 Di·

214 2743 350 2777 cendum
373 2749 469 2776 certe.
512 2743 570 2776 So.
592 2744 704 2787 Igitur,
728 2746 814 2788 quod
839 2746 933 2777 modo
960 2750 1178 2783 statueramus,
1198 2746 1266 2787 jam
1291 2745 1505 2777 disserendum
1528 2749 1587 2782 est,
1616 2754 1680 2787 qua

216 2796 364 2829 videlicet
386 2797 506 2829 ratione
530 2797 600 2840 quis
619 2804 715 2840 recte,
750 2804 805 2831 aut
829 2809 894 2832 non
914 2804 996 2831 recte
1010 2804 1043 2830 et
1057 2798 1213 2841 loquatur,
1235 2803 1269 2830 et
1284 2799 1408 2831 scribat.
1452 2797 1546 2829 Pm.
1569 2797 1684 2829 Procul

213 2849 325 2882 dubio.
354 2850 412 2883 So.
434 2849 489 2882 An
504 2862 568 2883 non
581 2860 708 2885 necesse
723 2858 782 2893 est,
797 2863 882 2894 eum,
905 2853 962 2895 qui
986 2858 1071 2885 recte
1094 2853 1233 2885 dicturus
1256 2852 1308 2890 sit,
1330 2862 1432 2883 veram
1454 2851 1487 2882 in
1511 2861 1550 2882 ea
1572 2861 1619 2892 re,
1641 2851 1683 2883 de

215 2912 279 2946 qua
291 2903 446 2948 loquatur,
462 2903 701 2948 intelligentiam
729 2906 867 2941 habere?
925 2906 1021 2940 Pru.
1052 2906 1171 2940 Audivi
1184 2906 1343 2951 equidem,
1363 2915 1383 2937 o
1413 2904 1555 2938 Socrates
1569 2903 1682 2947 amice,
