1846 3268
203 255 284 295 290
807 252 1074 294 PLATONIS
1170 274 1172 276 ψ
1577 249 1687 322 [ἂνξ

209 351 324 399 primo,
353 357 470 390 deinde
495 358 600 390 etiam·
613 357 734 389 Clinias
760 357 829 394 iste,
841 362 1001 399 'pra—terea
1028 358 1198 400 Ctesippus
1225 358 1304 401 ipse,
1342 355 1458 402 aliique
1487 363 1655 402 praesentes
1669 372 1683 393 :-

210 411 336 444 ostendi
360 411 443 443 enim
471 411 531 443 illis
556 411 670 443 Cliniae
691 410 791 453 ipsius
815 411 945 448 amicos,
960 412 1015 453 qui
1043 422 1099 442 nos
1117 412 1183 453 jam
1209 412 1461 445 circumstabant.
1508 413 1680 456 Ctesippus

209 466 289 498 forte
305 467 413 508 procul
430 477 447 497 a
463 467 568 498 Clinia
590 466 742 498 sedebat:
766 476 837 497 cum
854 476 925 497 vero
951 466 1172 508 Euthydemus
1197 467 1280 498 inter
1293 467 1520 509 disputandum
1536 468 1575 498 ad
1592 474 1682 499 ante-

209 520 290 552 riora
305 521 480 563 procedens
497 521 610 552 Cliniae
627 521 708 551 inter
723 530 778 550 nos
796 520 900 551 medio
915 530 983 551 sese
999 526 1185 562 opponeret,
1201 525 1234 553 et
1249 522 1403 564 Ctesippo
1419 521 1488 563 ejus
1511 521 1683 564 impediret

210 581 386 616 aspectum,
411 575 540 605 surrexit
556 574 728 616 Ctesippus
752 579 784 606 et
800 574 914 615 primus
929 585 946 605 e
974 580 1147 616 conspectu
1174 580 1311 606 nostrum
1338 576 1436 612 stetit,
1454 581 1488 606 ut
1509 581 1541 607 et
1563 576 1682 607 videret

213 630 346 661 amicum
362 635 395 661 et
410 629 608 670 disputantes
623 627 745 659 audiret
759 638 766 659 :
793 627 933 658 similiter
948 632 981 659 et
996 628 1060 659 alii.
1083 628 1166 660 bunc
1182 628 1282 660 secuti
1298 629 1388 660 nobis
1404 630 1548 671 protinus
1573 630 1682 661 astite-

212 689 296 721 runt,
313 690 375 714 tam
392 683 505 715 Cliniae
521 682 612 714 amici
627 692 721 724 quam
738 681 932 724 Eutliydemi
949 687 982 713 et
997 682 1216 724 Dionysodori
1231 684 1372 715 comites.
1417 683 1485 714 Hos
1500 693 1560 724 ego
1574 693 1684 715 omues

213 737 313 780 digito
328 738 469 779 signans,
484 736 689 779 Euthydemo
706 736 867 778 pollicitus
883 747 950 767 sum
967 736 1050 767 illius
1075 736 1142 767 fore
1165 735 1347 778 discipulos.
1391 737 1564 779 Ctesippus
1586 737 1685 778 igitur

211 792 414 823 vehementer
424 796 472 823 est
486 801 639 827 assensus,
652 800 712 821 nec
726 800 790 821 non
806 790 861 822 alii
875 801 883 830 3
895 790 1120 832 jusseruntque
1135 791 1298 832 sapientiae
1313 791 1374 822 vim
1387 791 1562 823 ostendere.
1598 791 1682 822 Tum

213 855 288 887 ego,
304 856 323 877 o
338 845 541 888 Eutlrydeme
567 849 662 886 atque
689 844 927 887 Dionysodure,
945 845 992 875 his
1015 855 1140 886 prorsus
1160 844 1326 886 gratificari
1341 845 1443 876 velitis
1459 850 1493 876 et
1507 845 1567 877 mel
1584 845 1683 887 gratia

213 900 437 933 demonstrare.
462 899 594 941 plurima
607 898 736 940 quidem
751 898 827 930 talia
841 905 926 940 sunt,
940 903 976 929 ut
990 899 1156 930 ostendere
1182 899 1235 930 illa
1259 909 1340 940 opus
1361 899 1518 941 prolixum
1541 899 1583 931 sit
1595 899 1683 931 futu-

212 963 292 986 rum.
316 953 351 984 id
368 958 472 984 autem
488 952 565 983 mihi
580 952 688 990 dicite,
706 957 809 983 utrum
823 953 980 984 hominem
1001 953 1163 984 dumtaxat
1184 953 1249 994 jam
1264 960 1446 994 persuasum
1462 954 1547 995 quod
1564 953 1685 985 discere

212 1018 233 1039 a
248 1008 337 1039 vobis
353 1012 509 1049 oporteat,
526 1007 642 1037 bonum
666 1006 786 1038 efficere
803 1007 901 1038 virum
924 1007 1080 1049 potestis?
1105 1018 1145 1038 an
1168 1006 1257 1038 illum
1283 1011 1444 1049 praeterea,
1465 1007 1521 1049 qui
1543 1007 1684 1038 nondum

214 1061 310 1092 fuerit
336 1071 511 1103 persuasus,
527 1061 602 1102 quia
626 1060 714 1091 nullo
740 1066 833 1102 pacto
860 1061 965 1092 doceri
990 1072 1081 1103 posse
1099 1062 1243 1093 virtutem
1270 1059 1441 1103 putaverit,
1456 1061 1504 1093 vel
1530 1060 1611 1092 forte
1626 1071 1685 1093 vos

214 1115 300 1146 illius
315 1126 379 1147 nou
406 1126 473 1147 esse
498 1115 686 1157 magistros?
731 1114 888 1157 Nunquid
912 1117 984 1146 artis
1009 1114 1151 1157 ejusdem
1175 1126 1255 1157 opus
1279 1120 1338 1153 est,
1355 1115 1474 1147 homini
1499 1115 1544 1147 sic
1570 1114 1686 1147 affecto

216 1170 417 1211 persuadere,
433 1169 519 1211 quod
536 1174 568 1200 et
594 1169 700 1200 doceri
714 1168 811 1199 virtus
831 1173 945 1210 potest,
961 1174 993 1200 et
1008 1169 1067 1211 ipsi
1085 1180 1140 1200 vos
1155 1169 1241 1210 estis,
1257 1180 1274 1200 a
1290 1169 1404 1212 quibus
1420 1170 1538 1212 optime
1553 1169 1687 1212 quilibet

216 1224 337 1256 discat:
363 1224 462 1264 sicne,
477 1233 516 1253 an
532 1222 644 1253 aliter?
690 1222 795 1263 Hujus
819 1221 974 1263 ejusdem,
990 1222 1093 1264 inquit
1117 1223 1373 1266 Dionysodorus,
1398 1223 1471 1255 artis
1495 1228 1543 1255 est
1557 1233 1649 1266 opus.
1666 1233 1687 1254 o

217 1279 373 1310 Socrates.
421 1277 484 1308 Vos
499 1277 595 1319 igitur
608 1288 673 1319 prae
689 1276 812 1313 ceteris,
828 1276 968 1317 inquam,
985 1277 1162 1307 hominibus
1179 1277 1297 1318 optime
1313 1278 1352 1308 ad
1365 1277 1573 1320 philosophias
1590 1276 1687 1319 [2⁷5]

215 1331 403 1374 virtutisque
428 1342 532 1363 curam
558 1330 795 1362 exhortare-mini
809 1331 820 1361 ?
866 1331 919 1362 Sic
941 1331 1134 1367 arbitramur,
1158 1342 1176 1362 o
1204 1331 1359 1363 Socmtes.
1404 1331 1529 1368 Cetera,
1546 1331 1688 1373 inquam,

217 1391 329 1428 postea
341 1384 534 1417 ostendetis:
559 1386 618 1417 hoc
634 1396 707 1416 vero
723 1395 808 1416 nunc
825 1385 992 1416 ostendite.
1017 1385 1203 1426 persuadete
1225 1395 1332 1426 quaeso
1347 1385 1420 1416 huic
1437 1385 1688 1427 adolescentulo,

216 1441 302 1482 quod
323 1440 532 1481 philosophiae
546 1439 731 1480 virtutisque
747 1439 852 1470 studio
874 1439 946 1470 totis
969 1439 1011 1470 sit
1027 1438 1143 1470 viribus
1168 1431 1423 1476 incumbendum,
1439 1439 1579 1481 mihique
1593 1445 1626 1471 et
1641 1440 1689 1471 iiis

218 1494 364 1525 omnibus
380 1504 495 1526 morem
519 1494 627 1535 gerite.
673 1494 770 1524 Porro
787 1493 1041 1525 adolescentulus
1063 1493 1113 1525 hic
1132 1503 1232 1535 usque
1246 1494 1326 1525 adeo
1342 1493 1418 1524 milti
1433 1498 1466 1525 et.
1480 1493 1528 1524 liis
1543 1493 1689 1524 omnibus¹

216 1559 301 1580 curae
324 1539 383 1585 est,
398 1553 435 1579 ut
458 1559 529 1579 eum
550 1547 583 1578 in
607 1547 759 1589 optimum
777 1548 876 1578 virum
899 1548 1032 1590 eradere
1051 1557 1248 1589 summopere
1274 1547 1466 1580 studeamus.
1511 1546 1569 1578 Est
1582 1551 1688 1578 autem

218 1603 357 1635 Axiochi
374 1603 456 1634 lilius
471 1613 509 1634 ex
533 1601 650 1643 majore
675 1601 844 1634 Alcibiade
859 1602 924 1633 nati
940 1613 947 1633 :
973 1602 1100 1633 minoris
1115 1607 1219 1633 autem
1243 1601 1432 1638 Alcibiadis,
1448 1601 1504 1643 qui
1529 1611 1614 1633 nunc
1627 1606 1690 1642 est,⁸

218 1657 380 1699 patruelis.
405 1667 520 1688 nomen
536 1656 604 1698 ejus
620 1661 668 1687 est
682 1655 815 1689 Clinias.
839 1656 903 1693 cui,
918 1667 989 1687 cum
1006 1656 1038 1686 in
1055 1661 1161 1687 tenera
1174 1658 1268 1687 aetate
1290 1656 1341 1692 sit,
1357 1660 1393 1686 ut
1413 1656 1517 1692 decet,
1532 1654 1689 1693 timemus,

218 1721 259 1743 ne
275 1711 346 1753 quis
360 1711 440 1742 forte
456 1721 513 1742 rios
528 1710 736 1752 praeveniens,
752 1710 813 1741 alio
829 1710 898 1752 ejus
913 1710 1050 1741 animum
1068 1711 1175 1742 flectat
1197 1716 1292 1752 atque
1312 1710 1470 1752 inquinet.
1515 1709 1621 1747 Quare
1635 1719 1692 1740 vos

218 1770 455 1808 peropportune
468 1765 607 1796 venistis.
653 1764 706 1802 Et,
723 1765 784 1795 nisi
798 1765 875 1806 quid
891 1765 1047 1806 prohibet,
1065 1764 1155 1806 pueri
1170 1764 1263 1806 hujus
1280 1763 1451 1805 periculum
1463 1763 1570 1801 facite,
1581 1763 1688 1794 nobis-

220 1830 282 1861 que
297 1819 505 1861 praesentibus
520 1829 590 1850 cum
605 1818 662 1849 illo
677 1818 830 1850 disserite.
875 1818 955 1850 Cum
971 1819 1038 1850 haec
1054 1819 1150 1850 ferme
1165 1819 1323 1859 dixissem,
1333 1818 1554 1861 Euthydemus
1566 1817 1690 1850 sortiter

220 1874 352 1905 nimium
365 1878 398 1904 et
413 1874 573 1912 audacter,
589 1873 690 1910 Nihil,
706 1873 762 1911 ait,
779 1883 799 1903 ο
811 1873 968 1913 Socrates,
982 1873 1141 1915 prohibet,
1158 1873 1186 1904 si
1202 1874 1295 1904 modo
1311 1872 1388 1904 velit
1401 1873 1493 1903 nobis
1507 1872 1691 1904 adolescen-

221 1927 306 1959 tulus
321 1928 521 1969 respondere.
566 1927 662 1958 Haud
679 1927 849 1966 insuetum,
863 1927 1008 1968 inquam,
1023 1926 1069 1958 illi
1083 1927 1144 1959 hoc
1157 1932 1215 1959 est.
1237 1926 1417 1968 frequenter
1425 1926 1509 1958 enim
1524 1923 1692 1968 praesentes

222 1982 257 2014 hi
281 1991 352 2014 cum
375 1991 414 2012 eo
439 1981 615 2023 disputant,
640 1981 744 2022 deque
769 1980 879 2011 multis
903 1981 1107 2022 interrogant.
1131 1981 1283 2022 quocirca'
1303 1986 1549 2012 consentaneum
1571 1984 1630 2017 est,
1657 1984 1693 2011 ut

221 2035 413 2077 respondere
429 2044 513 2066 nunc
525 2035 652 2066 audeat.
698 2033 780 2071 Quae
796 2039 980 2076 sequuntur,
995 2044 1013 2064 o
1030 2033 1131 2075 Crito,
1145 2034 1264 2065 utinam
1289 2045 1347 2076 pro
1361 2033 1518 2076 dignitate
1532 2044 1692 2066 recensere
1725 2071 1728 2074 ,

221 2089 357 2121 valerem
372 2089 380 2119 l
405 2099 508 2130 neque
522 2088 606 2119 enim
622 2088 770 2129 exiguum
784 2099 866 2130 opus
883 2089 1068 2129 putandum,
1085 2093 1121 2119 ut
1136 2088 1238 2119 valeat
1259 2089 1328 2130 quis
1343 2087 1592 2120 inaestimabilem
1608 2087 1693 2119 illam

222 2143 410 2185 sapientiam
433 2152 587 2174 enarrare.
632 2137 738 2179 Quare
765 2141 840 2173 mihi
867 2152 963 2179 nuuc,
989 2146 1026 2172 ut.
1047 2141 1163 2183 poetis,
1187 2153 1267 2184 opus
1290 2153 1357 2174 esse
1380 2143 1505 2174 videtur
1528 2142 1693 2175 Musarum

222 2197 451 2239 Memoriaeque
467 2196 648 2238 suffragium
665 2197 822 2233 invocare,
839 2196 1018 2238 priusquam
1035 2201 1130 2227 tantas
1146 2197 1190 2228 rei
1205 2197 1412 2229 narrationem
1428 2196 1582 2230 exordiar.
1625 2196 1694 2228 Eu-

222 2252 393 2295 thydemus
416 2252 500 2283 hunc
526 2251 558 2282 in
583 2251 723 2288 modum,
739 2255 776 2281 ut
794 2251 935 2288 arbitror,
949 2255 997 2282 est
1012 2261 1149 2283 exorsus.
1195 2251 1265 2282 Utri
1282 2256 1367 2293 sunt,
1383 2262 1402 2282 o
1418 2250 1536 2289 Clinia,
1551 2250 1695 2283 homines

223 2306 280 2348 qui
297 2305 418 2348 aliquid
433 2306 581 2337 discunt?
605 2305 816 2347 sapientesue,
833 2315 872 2336 an
896 2306 1098 2347 ignorantes?
1144 2305 1228 2337 Puer
1249 2310 1354 2337 autem
1368 2310 1498 2348 propter
1510 2304 1694 2347 quaestionis

218 2359 305 2391 illius
321 2360 445 2401 pondus
459 2359 596 2401 erubuit,
610 2365 642 2390 et
657 2359 802 2390 liaesitans
818 2359 926 2391 oculos
942 2359 971 2390 in
990 2370 1038 2391 me
1049 2359 1215 2391 convertit.
1260 2359 1330 2402 Ego
1341 2370 1414 2391 vero
1430 2359 1693 2400 perturbationem

223 2413 310 2444 illius
332 2412 583 2444 animadvertens
598 2413 737 2455 inquam,
754 2413 848 2445 Bono
864 2413 968 2444 animo
982 2418 1061 2451 esto,
1078 2413 1195 2450 Clinia,
1211 2419 1244 2443 et
1259 2423 1329 2454 quae
1353 2413 1411 2444 tibi
1426 2413 1582 2450 videntur,
1597 2412 1696 2444 virili-

222 2471 270 2498 ter
284 2466 337 2497 isti
352 2467 519 2508 responde.
543 2467 623 2499 sorte
645 2468 728 2499 enirn
745 2467 879 2499 maxime
893 2474 924 2499 te
930 2467 1066 2509 juvabit.
1112 2467 1163 2498 Ita
1185 2467 1327 2510 loquenti
1349 2467 1423 2498 milri
1450 2466 1694 2510 Dionysodorus

225 2520 395 2552 inclinatus
411 2521 449 2551 ad
464 2531 567 2553 aurem
584 2517 621 2553 nc
637 2523 754 2559 ridens,
770 2523 914 2554 Praedico
930 2522 999 2560 tibi,
1015 2533 1034 2552 ο
1059 2522 1213 2559 Socrates,
1229 2522 1379 2564 quicquid
1397 2531 1473 2564 puer
1486 2521 1693 2564 responderit,

225 2574 422 2606 confutatum
440 2574 488 2606 iri.
533 2575 662 2607 Interim
685 2577 892 2619 responderat
913 2577 1052 2608 Clinias:
1076 2576 1182 2617 itaque
1208 2586 1339 2618 puerum
1354 2576 1430 2607 mihi
1445 2576 1614 2607 admonere
1627 2585 1693 2607 non

224 2628 326 2660 licuit.
353 2628 450 2670 [⁶276]
475 2629 698 2670 Responderat
712 2635 829 2668 autem,
842 2630 1008 2672 Sapientes
1022 2640 1089 2662 esse
1104 2631 1159 2672 qui
1171 2630 1307 2662 discunt.
1351 2629 1402 2661 Ad
1419 2640 1511 2672 quem
1527 2629 1693 2672 Euthyde-

223 2694 311 2714 mus:
335 2682 440 2714 vot-as
467 2689 673 2725 praeceptores
694 2684 830 2726 aliquos,
845 2695 884 2716 an
907 2685 994 2716 nou?
1041 2685 1193 2717 Assensus
1215 2690 1273 2717 est.
1319 2682 1373 2715 An
1395 2694 1460 2715 non
1483 2688 1694 2726 praeceptores

224 2738 412 2769 discentium
436 2743 643 2779 praeceptores
669 2740 764 2770 sunt?
788 2740 1052 2781 quemadmodum
1074 2739 1234 2770 citharista
1255 2744 1351 2780 atque
1366 2737 1584 2780 grammaticus
1593 2741 1631 2769 et
1645 2737 1692 2768 tui

223 2797 256 2823 et
271 2796 442 2825 ceterorum
457 2801 619 2833 puerorum
635 2798 844 2835 praeceptores
859 2793 996 2830 suerunt,
1010 2803 1066 2824 vos
1082 2798 1185 2824 autem
1201 2792 1361 2834 discipuli.
1394 2790 1573 2824 Consensit.
1609 2789 1691 2822 Cum

224 2844 405 2884 discebam,
432 2846 572 2876 nondum
602 2847 747 2878 sciebatis
771 2847 838 2878 haec
860 2848 968 2878 eadem
991 2858 1063 2889 quae
1088 2846 1280 2878 discebatis?
1325 2845 1488 2878 Nondum.
1533 2843 1689 2886 Nunquid

223 2899 317 2931 eratis
332 2899 501 2941 sapientes,
514 2901 642 2942 quando
658 2901 724 2932 haec
739 2901 954 2942 ignorabatis?
998 2901 1221 2943 Nequaquam.
1265 2900 1299 2931 Si
1317 2909 1382 2931 non
1406 2898 1575 2941 sapientes,
1597 2898 1691 2940 igno-

219 2958 323 2985 rantes
346 2953 466 2995 igitur.-
495 2954 648 2992 Omnino.
692 2954 758 2986 Vos
782 2965 857 2998 ergo
887 2956 961 2987 dum
988 2956 1158 2988 discebatis
1186 2963 1257 2997 quae
1284 2953 1487 2998 ignorabatis,
1513 2952 1693 2996 ignorantes
