1846 3268
192 265 272 304 452
798 257 1066 299 PLAToN1s
1595 259 1665 311 [99

193 376 282 413 cute,
298 380 369 413 quae
385 368 440 402 illa
456 367 611 402 continet.
658 365 759 398 Elatis
775 366 869 409 igitur
884 365 1005 398 ossibus
1019 365 1054 397 in
1069 364 1133 398 suis
1151 364 1438 408 conjunctionibus,
1454 365 1552 405 nervi,
1567 365 1666 409 quiet

191 425 362 457 intendunt
384 430 418 456 et
438 423 603 455 remittunt
623 421 800 458 commode,
827 420 961 461 faciunt,
977 425 1013 451 ut
1034 420 1182 452 flectendi
1205 420 1357 463 cujusque
1381 419 1511 452 membri
1531 420 1663 452 babeam

191 479 389 520 facultatem,
408 483 502 521 atque
519 478 600 508 hanc
627 476 668 507 ob
695 485 821 508 causam
846 474 898 506 hic
922 474 1054 506 inflexus
1078 474 1214 506 sedeam.
1258 474 1307 507 Ac
1324 485 1425 506 rursus
1441 473 1665 517 disputationis

191 545 271 566 meae
286 534 361 566 alias
376 532 528 574 quasdam
545 529 702 573 ejusmodi
716 539 825 562 causas
851 528 1035 574 assignaret,
1049 539 1141 560 voces
1158 537 1191 560 et
1204 528 1307 561 a’leem
1325 534 1356 561 et
1372 528 1514 560 auditum
1540 528 1664 571 aliaque

191 587 315 631 generis
337 586 480 628 ejusdem
505 595 598 627 quam
625 584 769 627 plurima,
796 594 905 615 causas
932 583 1106 615 verissimas
1130 583 1315 625 negligens:
1342 583 1490 615 videlicet
1515 582 1663 625 quoniam

190 639 439 673 Atheniensibus
457 639 567 671 melius
584 638 686 670 visum
700 639 794 670 fuerit
810 648 860 669 me
875 638 1099 679 condemnare,
1112 637 1248 679 ideoque
1277 636 1350 668 mibi
1373 637 1467 669 etiam
1491 636 1602 669 melius
1625 637 1666 668 sit

190 694 291 726 visum
307 695 358 726 hic
374 694 505 734 sedere3
526 692 705 735 justiusque
732 691 900 734 judicarim
924 695 1157 733 exspectantem
1179 691 1252 722 dare
1270 700 1386 733 poenas,
1403 701 1480 732 quas
1502 691 1548 723 illi
1570 690 1665 733 jube-

191 753 259 780 ant.
281 748 424 791 profecto
439 758 496 791 per
511 748 644 789 Canem,
656 746 794 789 jamdiu,
808 750 843 776 ut
858 745 997 782 arbitror,
1021 743 1096 787 [99]
1121 745 1154 776 hi
1170 744 1255 776 nervi
1279 749 1372 786 atque
1395 745 1462 776 haec
1485 755 1555 776 ossa
1576 746 1662 787 apud

194 802 402 844 Megarenses
429 807 484 834 aut
497 801 639 833 Boeotios
662 805 779 842 essent,
794 799 906 842 ipsius,
923 800 1008 841 quod
1032 799 1185 841 optimum
1208 803 1266 837 est,
1282 798 1432 842 opinione
1454 798 1559 830 delata
1571 811 1582 839 ;
1605 798 1665 831 nisi

190 855 311 898 justius
324 856 550 898 honestiusque
576 856 766 887 censuissem
784 863 891 896 poenas
911 853 1031 886 civitati
1054 853 1203 895 pendere,
1225 863 1429 895 quascunque
1451 863 1470 884 a
1484 863 1533 884 me
1549 853 1665 896 exigat,

197 920 292 952 quam
309 909 521 952 subterfugere
537 914 631 951 atque
647 908 784 940 exsulem
802 907 915 938 vivere.
961 907 1077 938 Verum
1094 907 1168 938 talia
1182 908 1327 948 quaedam
1342 917 1451 938 causas
1470 906 1629 949 appellare
1644 917 1664 938 a

193 963 317 995 ratione
331 969 378 996 est
392 962 642 995 remotissimum.
691 961 724 992 Si
740 960 811 1004 quis
827 965 931 992 autem
946 960 1059 992 dixerit
1073 961 1190 1003 absque
1206 961 1327 992 ossibus
1344 966 1377 993 et
1391 960 1496 993 nervis
1511 965 1606 1003 atque
1621 960 1663 992 si-

191 1017 319 1049 milibus
343 1028 407 1049 non
432 1027 522 1059 posse
545 1027 606 1053 me,
622 1026 692 1058 quae
717 1014 797 1047 mihi
819 1015 965 1047 facienda
980 1014 1157 1052 videantur,
1174 1015 1316 1057 implere,
1331 1025 1403 1046 vere
1428 1014 1540 1057 utique
1566 1014 1664 1048 dicet.

189 1070 341 1102 Attamen
357 1081 491 1103 asserere
517 1074 645 1112 propter
671 1070 738 1102 haec
762 1080 810 1101 me
833 1069 950 1110 facere,
972 1079 1171 1111 quaecunque
1186 1068 1281 1106 facio,
1296 1069 1372 1100 dum
1388 1069 1456 1111 ipsa
1471 1073 1575 1101 mente
1591 1079 1664 1111 ago,

190 1134 255 1156 non
272 1129 375 1156 autem
391 1125 461 1167 ejus
476 1125 562 1168 quod
578 1124 731 1167 optimum
757 1124 798 1156 sit
819 1123 962 1165 optione,
978 1123 1076 1154 multa
1101 1133 1276 1165 magnaque
1301 1124 1449 1155 sermonis
1472 1123 1666 1166 negligentia

190 1183 285 1211 esset.
330 1179 414 1210 Nam
438 1179 492 1222 qui
518 1178 563 1211 sic
589 1183 636 1210 est
658 1178 801 1216 affectus,
817 1177 929 1220 nequit
954 1177 1140 1215 discernere,
1157 1177 1248 1210 aliam
1265 1178 1392 1220 quidem
1408 1188 1475 1210 esse
1491 1188 1593 1210 veram
1619 1178 1664 1209 rei

192 1232 328 1275 alicujus
343 1243 467 1265 causam
479 1244 488 1272 ;
512 1233 597 1264 aliud
615 1243 687 1264 vero
702 1232 794 1270 illud,
815 1232 882 1263 sine
897 1242 961 1273 quo
976 1231 1047 1274 ipsa
1061 1242 1157 1263 causa
1171 1242 1239 1263 esse
1253 1242 1318 1263 non
1334 1236 1438 1274 potest
1450 1242 1555 1264 causa.
1577 1231 1664 1274 quod

191 1287 321 1330 quidem
336 1287 427 1319 multi
439 1287 514 1320 mihi
530 1288 687 1325 videntur,
700 1287 791 1329 quasi
802 1287 835 1318 in
851 1287 986 1319 tenebris
1002 1291 1216 1324 attrectantes,
1233 1286 1336 1318 alieno
1353 1285 1512 1328 appellare
1527 1285 1667 1328 nomine,

191 1340 267 1372 dum
283 1351 408 1373 causam
424 1347 622 1384 nuncupant.
670 1342 873 1384 Quapropter
896 1341 1041 1373 nonnulli
1058 1341 1239 1383 vertiginem
1263 1342 1540 1383 circumponentes
1561 1347 1665 1378 terrae,

190 1395 249 1426 sub
264 1395 344 1427 coelo
360 1406 429 1427 eam
444 1395 587 1427 stabilem
604 1395 736 1427 faciunt.
760 1395 814 1427 alii
829 1406 902 1427 vero
918 1400 1067 1437 tanquam
1083 1395 1180 1426 latum
1196 1395 1321 1437 pistoris
1342 1395 1465 1427 alveum
1489 1395 1562 1427 aere
1578 1395 1665 1427 velut

189 1449 266 1481 base
282 1449 477 1482 suffulciunt.
522 1449 703 1481 Potentiam
720 1460 792 1482 vero
810 1449 922 1491 ipsam,
936 1460 999 1491 qua
1015 1459 1099 1480 nunc
1116 1449 1159 1480 ita
1174 1449 1328 1492 disposita
1343 1449 1394 1486 sit,
1410 1455 1446 1480 ut
1460 1448 1579 1491 optime
1599 1448 1664 1480 dis·

191 1502 268 1544 poni
284 1507 418 1544 poterat,
434 1513 537 1545 neque
552 1503 737 1545 perquirunt
761 1513 864 1545 neque
893 1502 1098 1534 daemonicam
1125 1503 1281 1544 quandam
1306 1503 1420 1534 habere
1435 1502 1498 1534 vim
1526 1507 1661 1545 putant:

190 1557 246 1588 sed
263 1555 427 1588 Atlantem
442 1557 600 1599 quendam
617 1556 819 1588 robustiorem
836 1562 868 1588 et
882 1556 1146 1597 immortaliorem,
1156 1557 1318 1599 magisque
1330 1557 1434 1588 omnia
1448 1556 1663 1589 continentem

190 1609 348 1642 invenisse
364 1621 396 1642 se
412 1611 594 1654 opinantur.
616 1610 719 1653 ipsum
736 1616 837 1643 autern
856 1611 972 1642 bonum
989 1616 1083 1653 atque
1100 1611 1216 1643 decens
1243 1617 1429 1643 connectere
1450 1615 1545 1653 atque
1559 1611 1663 1644 conti·

191 1675 266 1696 nere
276 1675 383 1698 revera
395 1665 474 1697 nihil
491 1665 682 1699 existimant.
728 1665 796 1708 Ego
812 1665 905 1707 igitur
921 1665 1123 1697 libentissime
1144 1665 1281 1707 cujusvis
1307 1676 1405 1697 essem
1430 1665 1614 1708 discipulus,
1630 1669 1667 1696 ut

192 1719 459 1761 quemadmodum
474 1730 507 1752 se
520 1720 635 1751 habeat
649 1720 717 1752 haec
733 1719 802 1762 ipsa
828 1731 934 1758 causa,
950 1719 1114 1752 discerem.
1159 1719 1332 1762 Postquam
1347 1730 1419 1752 vero
1442 1720 1501 1752 hac
1525 1719 1664 1762 privatus

192 1783 260 1804 sum
274 1785 285 1814 ;
307 1784 410 1816 neque
425 1774 494 1816 ipse
508 1773 648 1805 invenire
669 1784 772 1816 neque
788 1774 827 1805 ab
843 1773 905 1806 alio
921 1773 1041 1806 discere
1057 1773 1168 1815 potui:
1194 1775 1364 1806 secundam
1375 1773 1608 1816 navigationem
1623 1773 1664 1805 ad

193 1837 320 1860 causam
335 1827 584 1870 investigandam
601 1828 729 1860 molitus
744 1839 822 1860 sum.
869 1828 982 1871 Visne,
995 1839 1014 1860 o
1030 1828 1147 1869 Cebes,
1161 1829 1243 1860 hanc
1262 1827 1319 1859 tibi
1341 1839 1360 1860 a
1376 1839 1425 1860 me
1439 1827 1664 1859 demonstrari?

193 1882 257 1914 Ca.
280 1882 419 1914 Mirifice
431 1882 539 1924 cupio.
584 1882 640 1916 So.
665 1881 783 1914 censui
801 1882 940 1922 taudem,
956 1892 1028 1913 cum
1044 1882 1076 1913 in
1091 1882 1182 1914 rebus
1197 1881 1432 1913 considerandis
1442 1881 1508 1924 jam
1524 1881 1665 1913 defessus

192 1945 304 1973 essem,
318 1936 495 1967 cavendum
511 1935 590 1978 fore,
607 1945 647 1967 ne
663 1935 740 1967 mihi
753 1936 838 1967 idem
854 1935 1024 1974 accideret,
1046 1936 1132 1977 quod
1147 1935 1290 1968 accidere
1306 1936 1367 1967 illis
1388 1936 1479 1974 solet,
1494 1935 1550 1978 qui
1564 1935 1597 1967 in
1614 1945 1665 1967 so·

192 1989 254 2021 lem
270 1989 469 2021 deficientem
486 1989 588 2031 figunt
601 1989 762 2022 intuitum.
787 1990 935 2021 orbantur
951 1990 1035 2022 enim
1059 2000 1286 2031 nonnunquam
1301 1990 1382 2028 visu,
1397 1989 1457 2022 nisi
1470 1989 1506 2022 in
1519 1999 1602 2032 aqua
1614 1988 1665 2021 vel

190 2043 224 2075 in
237 2043 393 2085 ejusmodi
409 2043 515 2086 aliquo
531 2043 698 2086 imaginem
715 2043 785 2085 ejus
801 2043 968 2086 aspiciant.
1012 2043 1091 2075 Tale
1105 2044 1254 2086 quiddam
1271 2054 1330 2086 ego
1346 2044 1499 2086 reputavi,
1511 2043 1664 2086 timuique

191 2108 233 2130 ne
248 2098 369 2129 animus
385 2098 460 2130 mihi
478 2108 601 2140 prorsus
617 2104 840 2139 occaecaretur,
855 2098 880 2130 si
896 2098 997 2130 oculis
1012 2108 1060 2130 res
1077 2098 1249 2140 aspicerem
1272 2108 1427 2140 sensuque
1454 2097 1596 2141 quolibet
1615 2102 1666 2128 at·

191 2151 312 2194 tingere
326 2152 397 2184 illas
412 2153 605 2194 aggrederer.
652 2153 854 2194 Quapropter
880 2163 983 2194 operae
1007 2152 1142 2194 pretium
1168 2163 1238 2184 esse
1265 2152 1386 2194 censui,
1400 2157 1437 2183 ut
1463 2153 1503 2183 ad
1527 2152 1662 2184 rationes

191 2206 392 2248 confugerem
418 2210 513 2249 atque
538 2207 571 2237 in
597 2205 660 2238 illis
684 2217 783 2238 rerum
799 2206 960 2239 veritatem
985 2206 1224 2239 considerarem.
1269 2206 1363 2238 Forte
1379 2217 1451 2238 vero
1477 2210 1582 2238 nostra
1596 2206 1664 2238 haec

192 2260 366 2292 similitudo
382 2270 446 2292 non
474 2260 559 2291 omni
578 2272 616 2292 ex
639 2266 726 2302 parte
749 2262 906 2303 congruit.
931 2261 1028 2304 [100]
1051 2272 1116 2292 non
1140 2261 1223 2293 enim
1252 2271 1376 2304 prorsus
1403 2260 1564 2302 assentior,
1576 2270 1665 2301 eum,

191 2315 248 2357 qui
263 2325 310 2346 res
326 2314 359 2346 in
375 2307 550 2347 rationibus
565 2315 807 2358 contemplatur,
823 2316 857 2347 in
880 2315 1069 2358 imaginibus
1084 2316 1223 2358 aspicere
1238 2315 1345 2359 potius
1360 2325 1453 2357 quam
1468 2313 1570 2357 quiin
1586 2324 1663 2355 ope·

191 2369 276 2400 ribus
303 2368 452 2400 intuetur.
497 2368 723 2401 Verumtamen
748 2370 805 2403 hac
832 2370 882 2402 via
907 2370 967 2402 iter
991 2370 1088 2402 direxi
1113 2381 1228 2412 meum,
1247 2379 1490 2412 supponensque
1511 2367 1664 2400 rationem

192 2432 327 2464 semper,
351 2433 446 2465 quarn
474 2433 542 2454 esse
565 2423 677 2465 judico
706 2423 939 2462 validissimam,
965 2434 1164 2467 quaecunque
1188 2424 1261 2455 huic
1288 2433 1460 2455 consonare
1484 2421 1663 2463 videantur,

192 2486 279 2517 pono
295 2476 440 2519 equidem
468 2481 617 2519 tanquam
645 2488 735 2518 vera3
758 2478 854 2521 idque
879 2489 940 2521 ago
963 2483 996 2510 et
1016 2478 1100 2510 circa
1123 2488 1223 2510 rerum
1251 2487 1360 2509 causas
1385 2481 1418 2508 et
1437 2475 1521 2509 circa
1543 2476 1664 2518 reliqua

194 2530 321 2562 omnia:
347 2541 417 2573 quae
433 2541 507 2562 vero
523 2530 701 2574 dissonant,
717 2542 791 2564 vera
813 2543 881 2564 esse
905 2543 999 2574 nego.
1044 2532 1128 2565 Volo
1141 2532 1299 2575 equidem,
1314 2542 1385 2573 quae
1400 2530 1486 2572 dico,
1501 2530 1558 2562 tibi
1571 2540 1663 2572 aper-

193 2583 256 2614 tius
271 2584 448 2626 explanare.
471 2590 549 2626 puto
563 2585 646 2616 enim
662 2590 693 2617 te
718 2586 860 2618 nondum
889 2586 1075 2628 intelligere.
1120 2585 1183 2618 Cr..
1205 2585 1267 2617 Per
1281 2585 1407 2622 Jovem,
1421 2585 1505 2616 haud
1519 2583 1663 2617 multum.

194 2636 252 2669 So.
275 2637 394 2669 Verum
410 2647 526 2669 novum
542 2637 619 2670 nihil
636 2639 760 2670 adduco
773 2650 783 2679 ;
806 2640 862 2671 sed
876 2649 948 2682 quae
963 2644 996 2670 et
1011 2650 1095 2682 saepe
1108 2639 1184 2671 alias
1197 2640 1270 2671 etin
1283 2638 1433 2681 superiori
1448 2637 1663 2680 disputatione

192 2691 297 2722 dicere
313 2701 474 2734 nunquam
501 2691 621 2724 destiti.
666 2692 768 2734 Pergo
791 2692 858 2735 jam
882 2693 976 2735 igitur
991 2694 1203 2725 demonstrare
1219 2693 1275 2724 tibi
1285 2702 1386 2725 causae
1403 2691 1552 2734 speciem,
1566 2701 1663 2734 quam

192 2745 343 2777 continue
357 2745 562 2787 pertractavi3
586 2756 622 2777 ac
646 2746 740 2777 redeo
764 2747 803 2778 ad
828 2746 883 2779 illa
900 2746 966 2789 jam
994 2746 1110 2788 saepius
1138 2747 1315 2784 decantata,
1329 2747 1368 2778 ab
1383 2746 1492 2788 eisque
1508 2745 1662 2781 exordior,

192 2809 374 2841 supponens
388 2799 508 2841 aliquid
532 2809 600 2830 esse
622 2799 723 2841 ipsum
746 2810 801 2842 per
823 2811 856 2832 se
881 2800 1044 2842 pulchrum
1069 2805 1102 2832 et
1124 2800 1242 2832 bonum
1270 2805 1303 2832 et
1327 2810 1486 2842 magnum,
1500 2805 1534 2831 et
1556 2804 1661 2830 cetera

193 2853 310 2885 omnia.
331 2863 402 2895 quae
428 2853 554 2895 quidem
581 2854 607 2884 si
628 2859 661 2884 tu
687 2854 763 2885 mihi
786 2855 923 2895 dederis,
947 2865 1048 2897 eaque
1073 2865 1139 2887 esse
1163 2853 1365 2896 concesseris,
1379 2864 1470 2896 spero
1486 2852 1596 2885 tibiex
1610 2852 1659 2884 hi·

191 2906 292 2949 ipsam
318 2917 443 2939 causam
465 2908 675 2940 demonstrare
689 2919 698 2947 3
723 2909 860 2951 itemque
889 2909 1040 2947 invenire,
1066 2919 1134 2940 esse
1172 2909 1306 2940 animam
1335 2906 1551 2939 immortalem.
1595 2906 1657 2938 Cn.

195 2961 294 2999 Quasi
310 2972 380 2995 vcro
389 2960 456 3003 jam
472 2962 528 2995 tibi
542 2963 759 3000 concesserim,
777 2963 852 2996 nihil
869 2964 926 2996 tibi
942 2974 1022 3006 opus
1035 2968 1082 2996 cst
1098 2963 1266 3007 praeludio,
1279 2973 1343 3006 quo
1366 2961 1467 2995 minus
1487 2959 1554 3003 jam
1576 2970 1653 2993 cou-
