1846 3268
187 281 288 332 455]
312 298 314 300 -
792 275 1053 316 GORGIAS.
1579 277 1649 315 191

189 385 384 428 meticusque
404 381 566 416 similiter?
610 379 702 413 Gon.
740 380 855 412 Procul
882 379 993 411 dubio.
1038 379 1095 410 So.
1131 376 1245 409 Nonne
1269 382 1303 409 et
1328 377 1516 419 persuadet?
1561 378 1653 410 Gon.

185 440 292 472 Certe.
337 439 392 471 So.
417 437 500 478 Ergo
516 440 549 467 et
569 434 775 467 Arithmetica
791 434 1023 476 persuasionem
1045 433 1132 466 facit.
1178 431 1270 464 Gon.
1293 431 1449 474 Apparet.
1493 432 1550 464 So.
1575 432 1653 463 Pro-

185 490 262 525 inde
276 492 303 525 si
317 492 386 534 quis
399 489 649 532 interrogaverit,
663 499 756 531 quarn
773 487 1006 530 persuasionem
1022 492 1054 519 et
1069 487 1152 519 circa
1166 486 1243 528 quid
1256 486 1382 523 efficiat,
1394 485 1653 527 respondebimus

185 545 435 589 praeceptorium,
450 544 599 576 videlicet
612 543 694 575 circa
710 553 766 584 par
787 547 820 574 et
834 542 945 584 impar,
961 546 1039 584 quot
1053 546 1184 583 utraque
1199 539 1275 573 sint.
1299 539 1396 582 [454]
1422 539 1598 571 Poterimus
1613 539 1655 570 si-

185 599 299 631 militer
312 603 431 632 ceteras
445 608 571 640 quoque
587 601 678 634 artes,
695 607 772 639 quas
788 597 882 628 modo
907 596 1126 632 referebamus,
1143 595 1308 626 ostendere
1333 593 1542 636 persuasionis
1555 593 1654 626 effec-

185 653 278 685 trices
293 663 374 690 esse,
389 657 422 684 et
436 651 528 694 cujus
542 656 575 683 et
589 651 670 683 circa
685 650 763 694 quid
786 650 920 682 maxime
939 662 947 681 ι
969 649 1100 681 nonne?
1145 648 1236 681 Gon.
1257 648 1320 682 Ita.
1365 647 1419 680 So.
1442 647 1654 685 Quamobrem

185 716 252 739 non
266 706 333 738 sola
352 705 505 738 rhetorica
531 704 741 747 persuasionis
756 709 803 736 est
818 704 941 737 artifex.
986 703 1078 738 Gon.
1101 703 1184 734 Vera
1210 712 1326 734 narras.
1371 702 1429 733 So.
1452 701 1534 734 Cum
1560 701 1655 744 igitur

186 771 251 793 non
263 759 328 792 sola
343 760 376 792 id
391 760 499 798 faciat,
515 760 570 792 sed
586 764 619 791 et
633 764 713 791 artes
737 759 818 800 aliae,
833 759 916 790 haud
934 757 1061 800 injuria,
1077 758 1163 800 quod
1178 757 1218 788 de
1234 756 1366 799 pictore,
1382 756 1426 788 sic
1441 756 1594 798 deinceps
1611 757 1653 788 de

182 814 336 847 rhetorica
350 825 476 857 quoque
492 813 593 856 qualis
609 813 829 855 persuasionis,
851 817 884 844 et
907 811 992 844 circa
1013 811 1103 854 quid,
1117 810 1259 842 effectrix
1287 810 1328 841 sit
1342 809 1504 847 rhetorica,
1521 820 1653 852 percon-

185 872 331 900 taremur.
355 879 462 900 nonne
479 867 566 910 justa
593 867 650 900 tibi
665 868 790 899 videtur
816 866 951 909 petitio?
997 865 1087 898 Gon.
1111 865 1196 897 Mihi
1218 864 1359 907 quidem.
1403 864 1459 896 So.
1479 863 1654 906 Responde

186 922 295 965 igitur,
311 933 329 954 o
345 921 475 965 Gorgia,
490 922 749 965 quandoquidem
765 921 823 953 tibi
838 920 973 953 videtur.
1019 919 1113 952 Gon.
1137 918 1244 961 Hujus
1267 915 1427 962 equidem,
1454 929 1474 950 o
1498 918 1653 955 Socrates,

186 977 365 1019 magistram
381 977 453 1009 dico
468 976 667 1013 rhetoricam,
681 986 754 1018 quae
767 975 800 1007 in
820 974 951 1017 judiciis
972 975 1168 1017 coetibusque
1194 973 1275 1011 aliis,
1293 979 1328 1005 ut
1351 973 1447 1015 paulo
1471 978 1544 1005 ante
1568 973 1654 1005 dice-

186 1031 270 1069 bam,
285 1035 380 1073 atque
395 1031 436 1062 de
447 1030 543 1072 justis
558 1035 590 1062 et
606 1029 742 1072 injustis,
765 1029 945 1063 adducitur.
990 1028 1042 1060 So.
1068 1027 1167 1071 Atqui
1182 1028 1299 1070 etipse
1319 1027 1554 1070 persuasionem
1570 1028 1650 1058 hanc

184 1088 217 1116 te
231 1084 336 1116 dicere
350 1085 542 1127 suspicabar.
563 1085 617 1117 sed
633 1095 674 1116 ne
688 1083 860 1124 admireris,
876 1084 902 1115 si
917 1083 1068 1125 deinceps
1084 1082 1146 1114 tale
1161 1082 1281 1124 aliquid
1299 1086 1330 1114 te
1353 1092 1456 1113 rursus
1476 1081 1645 1124 interrogo,

187 1139 274 1180 quod
289 1139 430 1181 quamvis
445 1138 588 1171 videatur
602 1149 669 1171 esse
684 1138 898 1181 perspicuum,
910 1143 1015 1169 tamen
1030 1141 1150 1179 repeto.
1172 1147 1257 1174 nam,
1275 1140 1309 1167 ut
1322 1136 1399 1173 dixi,
1413 1146 1477 1166 non
1493 1136 1539 1167 tui
1554 1146 1650 1167 causa

185 1192 219 1223 id
235 1192 370 1234 requiro,
383 1193 438 1224 sed
454 1197 490 1223 ut
503 1193 674 1235 disputatio
690 1203 746 1224 suo
762 1193 898 1235 quodam
914 1191 1023 1223 ordine
1040 1195 1224 1233 peragatur:
1250 1201 1290 1221 ne
1306 1200 1518 1221 assuescamus
1541 1190 1649 1221 subin-

186 1245 358 1288 telligendo
372 1256 410 1278 ea
425 1246 572 1284 invicem,
588 1257 658 1288 quae
673 1247 776 1278 forent
787 1246 997 1282 discutienda,
1012 1245 1187 1287 praeripere.
1232 1243 1325 1275 Gon.
1345 1243 1388 1274 Et
1412 1248 1496 1275 recte
1521 1243 1649 1286 quidem

187 1299 288 1331 facere
304 1299 428 1337 videris,
444 1311 463 1331 o
478 1301 633 1333 Socrates.
678 1301 734 1332 So.
760 1299 831 1341 Age
847 1310 920 1331 vero
937 1303 970 1331 et
985 1300 1044 1331 hoc
1068 1299 1311 1330 consideremus.
1335 1307 1410 1328 num
1423 1307 1516 1329 vocas
1533 1297 1653 1339 aliquid

188 1353 331 1385 discere?
355 1351 446 1385 Gon.
469 1353 571 1385 voco.
615 1354 671 1385 So.
706 1354 792 1391 Quid
817 1353 941 1384 rursus?
965 1352 1084 1394 aliquid
1109 1352 1258 1383 credere?
1305 1351 1393 1383 Gon.
1416 1350 1458 1382 Et
1478 1352 1550 1383 hoc.
1595 1352 1653 1383 So.

184 1407 237 1438 An
249 1407 343 1449 igitur
356 1407 474 1439 discere
489 1407 573 1438 idem
590 1407 674 1449 quod
690 1408 816 1439 credere
831 1418 899 1439 esse
917 1412 1022 1449 putas,
1037 1407 1184 1448 idemque
1200 1405 1400 1446 disciplinam
1420 1410 1515 1447 atque
1541 1405 1654 1437 credu-

185 1461 317 1499 litatem,
332 1471 372 1493 an
386 1461 495 1493 aliud?
541 1461 634 1494 Gon.
659 1460 756 1492 Aliud
772 1461 921 1504 equidem
937 1472 1005 1492 esse
1017 1461 1156 1492 arbitror.
1200 1460 1256 1491 So.
1280 1459 1383 1492 Recte
1398 1459 1526 1501 quidem
1550 1464 1654 1501 putas.

185 1515 259 1547 hinc
273 1525 346 1547 vero
361 1526 544 1558 cognosces.
588 1515 620 1547 Si
641 1516 712 1558 quis
729 1516 812 1547 enim
830 1520 1044 1557 percontetur,
1066 1519 1155 1546 estne
1181 1513 1351 1546 credulitas
1365 1514 1510 1555 quaedam
1526 1513 1605 1544 salsa
1620 1518 1653 1544 et

183 1569 327 1612 quaedam
350 1570 446 1602 vera?
470 1575 504 1601 ut
524 1570 664 1607 arbitror,
688 1570 892 1603 consentires,
939 1569 1032 1602 Gon.
1057 1569 1160 1602 Certe.
1206 1569 1262 1601 So.
1286 1568 1372 1606 Quid
1398 1568 1495 1599 vero?
1520 1567 1652 1599 scientia

187 1628 236 1656 es't
251 1634 322 1656 vera
338 1629 371 1656 et
385 1624 485 1656 falsa?
530 1624 621 1656 Gon.
644 1623 865 1667 Nequaquam.
911 1624 966 1656 So.
991 1624 1125 1656 Constat
1139 1623 1246 1665 igitur,
1261 1632 1325 1654 non
1336 1632 1403 1653 esse
1419 1622 1514 1653 idem.
1560 1621 1652 1652 Gon.

187 1677 334 1711 Constat.
377 1678 432 1710 So.
455 1677 669 1710 Veruntamen
685 1685 717 1711 et
733 1679 793 1711 illis
808 1678 863 1720 qui
878 1678 1070 1716 didicerunt,
1086 1682 1119 1709 et
1134 1677 1194 1708 illis
1217 1677 1273 1719 qui
1292 1676 1504 1713 crediderunt,
1524 1675 1590 1716 jam
1605 1679 1654 1706 est

186 1738 377 1774 persuasum.
422 1731 510 1766 Gon.
533 1732 585 1764 Sic
610 1738 669 1764 est.
713 1733 769 1764 So.
792 1733 892 1764 Visne
908 1732 1001 1774 igitur
1014 1732 1092 1764 duas
1109 1731 1318 1774 persuasionis
1332 1731 1452 1773 species
1468 1741 1536 1761 esse
1553 1739 1652 1771 pona-

186 1796 267 1827 mus,
282 1796 412 1829 quarum
425 1785 521 1818 altera
535 1787 663 1830 quidem
678 1788 796 1830 absque
813 1787 943 1819 scientia
969 1791 1095 1829 praestet
1121 1786 1228 1824 fidem,
1255 1786 1351 1817 altera
1367 1795 1440 1816 vero
1463 1784 1628 1816 scientiam
1643 1785 1654 1815 ?

186 1839 278 1872 Gon.
301 1840 440 1873 Prorsus.
486 1841 541 1874 So.
564 1842 673 1874 Utram
689 1852 761 1874 vero
777 1842 1009 1884 persuasionem
1025 1841 1115 1873 affert
1131 1840 1282 1872 rhetorica
1307 1840 1339 1871 in
1363 1839 1495 1882 judiciis
1519 1838 1653 1881 aliisque

186 1894 316 1926 coetibus
332 1895 372 1927 de
382 1894 478 1937 justis
490 1896 653 1938 injustisve
677 1897 791 1928 rebus?
815 1907 888 1927 num
915 1907 950 1927 ex
969 1906 1032 1938 qua
1057 1895 1199 1926 homines
1221 1895 1339 1936 absque
1364 1893 1494 1925 scientia
1511 1893 1653 1929 credant,

185 1958 224 1978 an
241 1958 278 1980 ex
293 1958 355 1991 qua
378 1949 500 1981 sciant?
544 1949 637 1983 Gon.
662 1949 866 1992 Perspicuum
893 1955 952 1988 est,
969 1961 989 1982 ο
1014 1950 1171 1986 Socrates,
1188 1960 1226 1980 ex
1251 1959 1313 1991 qua
1337 1948 1502 1979 audientes
1527 1947 1653 1979 credere

185 2002 391 2034 adducantur.
435 2003 492 2036 So.
515 2003 640 2047 Itaque,
657 2009 691 2036 ut
707 2004 839 2042 videtur,
854 2004 1008 2036 rhetorica
1024 2003 1235 2045 persuasionis
1249 2002 1317 2044 ejus
1337 2007 1385 2034 est
1407 2002 1528 2038 artifex,
1552 2002 1651 2044 [455]

183 2067 254 2099 quae
269 2057 485 2089 credulitatem
502 2058 606 2100 potius
621 2068 714 2100 quam
730 2058 904 2090 doctrinam
920 2058 1003 2091 cinca
1016 2058 1136 2100 justum
1154 2057 1201 2089 vel
1218 2057 1369 2099 injustum
1388 2061 1525 2099 praestat.
1560 2055 1654 2087 Gon.

184 2111 288 2143 Certe.
333 2110 390 2144 So.
411 2111 524 2144 Orator
539 2122 612 2155 ergo
628 2122 692 2143 non
708 2113 804 2144 docet
819 2113 850 2143 in
869 2112 1000 2154 judiciis
1016 2112 1147 2154 aliisque
1172 2112 1269 2143 turbis
1292 2111 1380 2153 justa
1395 2116 1427 2141 et
1441 2110 1573 2152 injusta,
1596 2110 1651 2140 sed

184 2164 278 2196 tidem
294 2165 456 2197 dumtaxat
471 2165 603 2198 inducit.
625 2177 728 2208 neque
744 2167 829 2198 enirn
845 2173 952 2209 posset
976 2167 1097 2199 turbam
1126 2171 1243 2197 tantam
1273 2176 1321 2196 res
1346 2171 1407 2195 tam
1430 2165 1563 2206 grandes
1589 2170 1653 2195 tarn

185 2218 272 2250 brevi
287 2223 427 2261 tempore
439 2220 583 2252 edocere.
628 2220 721 2253 Gon.
743 2221 819 2252 Non
835 2226 929 2253 certe.
973 2221 1026 2254 So.
1050 2220 1135 2263 Age,
1145 2221 1212 2263 jam
1229 2220 1305 2262 quid
1322 2220 1362 2250 de
1379 2219 1531 2250 rhetorica
1543 2218 1652 2249 diceu-

185 2272 260 2303 dum
276 2273 326 2310 sit,
342 2272 513 2305 videamus.
559 2274 628 2316 Ego
640 2275 724 2307 enim
740 2276 881 2306 nondum
897 2275 971 2307 satis
986 2276 1064 2317 quid
1081 2275 1221 2306 dicturus
1238 2274 1293 2305 sim
1310 2273 1487 2314 intelligere
1512 2283 1651 2314 possum.

183 2325 320 2362 Quando
335 2327 418 2358 enim
434 2327 562 2370 publice
577 2328 618 2360 de
633 2330 823 2361 medicorum
840 2330 994 2361 electione
1008 2329 1200 2366 tractabitur,
1217 2329 1320 2359 autde
1337 2328 1462 2359 navium
1484 2327 1653 2358 aliarumve

183 2390 281 2411 rerum
298 2380 464 2422 opificibus
479 2382 647 2424 eligendis,
661 2388 735 2415 tunc
750 2383 830 2415 forte
846 2383 1022 2415 consultare
1048 2384 1088 2414 ad
1115 2389 1266 2417 oratorem
1282 2393 1344 2413 non
1363 2381 1541 2424 pertinebit.
1565 2386 1652 2422 patet

184 2435 280 2472 enim,
294 2435 327 2466 in
343 2435 523 2477 hujusmodi
537 2436 745 2469 electionibus
761 2437 982 2480 peritissimum
999 2448 1155 2480 quemque
1178 2437 1246 2480 ejus
1272 2438 1345 2469 artis
1370 2438 1549 2479 eligendum
1574 2447 1652 2468 csse.

185 2486 299 2530 Neque
313 2499 413 2520 rursus
427 2501 498 2522 cum
515 2491 556 2523 de
570 2492 789 2524 construendis
807 2493 912 2530 muris,
928 2492 976 2523 vel
994 2498 1139 2534 portuum
1155 2492 1372 2535 dispositione,
1389 2492 1437 2523 vel
1453 2491 1579 2522 navium
1595 2501 1650 2532 ap-

184 2546 292 2582 paratu
317 2543 556 2585 consultabitur,
582 2546 711 2577 oratoris
734 2545 870 2577 officium
896 2546 955 2577 erit
980 2545 1153 2583 consulere,
1179 2547 1233 2578 sed
1261 2547 1432 2579 architecti.
1453 2546 1530 2588 quin
1556 2545 1649 2576 etiam

182 2605 286 2636 neque
302 2605 372 2627 curn
389 2597 429 2628 de
442 2597 589 2639 eligendo
605 2599 802 2642 imperatore,
820 2606 875 2632 aut
889 2602 929 2632 de
946 2600 1082 2632 exercitu
1099 2601 1244 2632 adversus
1259 2602 1366 2633 hostes
1383 2600 1576 2636 instruendo,
1593 2604 1647 2630 aut

185 2649 225 2680 de
241 2650 435 2691 occupandis
451 2651 528 2683 locis
541 2652 783 2686 deliberabitur:
809 2655 865 2685 sed
881 2655 922 2685 ad
949 2655 1044 2686 duces
1072 2655 1223 2686 exercitus
1248 2655 1437 2686 consultatio
1465 2653 1646 2696 pertinebit,

181 2704 222 2734 ad
238 2709 374 2735 oratores
388 2715 461 2736 vero
478 2715 687 2748 nequaquam.
733 2708 819 2745 Quid
836 2709 876 2739 ad
893 2710 959 2741 haec
971 2710 1071 2746 dices,
1082 2709 1199 2751 Gorgia
1213 2711 1224 2740 ?
1270 2709 1479 2752 Nempecum
1496 2714 1528 2740 et
1542 2709 1645 2739 rhetor

180 2767 248 2789 esse
273 2758 455 2800 profitearis,
475 2764 507 2791 et
521 2760 598 2791 alios
614 2771 705 2802 posse
730 2763 867 2794 rhetores
890 2763 1005 2801 facere,
1034 2769 1159 2805 praestat
1173 2764 1317 2795 nimirum
1334 2774 1383 2802 ea,
1398 2774 1469 2806 quae
1493 2767 1554 2793 tuae
1575 2762 1651 2793 artis*

183 2815 267 2849 sunt,
282 2822 300 2843 a
316 2816 347 2843 te
363 2811 431 2854 ipso
448 2812 599 2845 sciscitari
620 2820 714 2857 atque
738 2816 892 2858 accipere.
937 2817 979 2848 Et
995 2827 1043 2848 me
1059 2817 1187 2859 quidem
1202 2828 1286 2849 nunc
1302 2829 1364 2850 rem
1381 2824 1465 2848 tuam
1482 2827 1572 2858 agere
1589 2826 1647 2857 pu-

185 2869 261 2897 tato.
285 2865 365 2897 forte
381 2865 462 2897 enim
479 2867 560 2899 inter
575 2878 629 2899 eos
645 2869 700 2910 qui
715 2869 798 2901 intus
815 2876 900 2908 sunt,
912 2871 1001 2903 adest
1017 2871 1141 2914 aliquis,
1160 2873 1214 2914 qui
1235 2872 1410 2914 discipulus
1426 2877 1497 2902 tuus
1514 2882 1580 2902 esse
1594 2881 1650 2901 cu-

185 2917 251 2958 piat
265 2929 273 2950 :
298 2920 406 2961 quales
420 2931 480 2963 ego
496 2923 646 2964 quosdam
663 2928 695 2955 et
708 2924 836 2966 quidem
852 2924 1030 2967 frequentes
1047 2925 1159 2964 sentio,
1175 2936 1253 2968 quos
1269 2927 1336 2958 haec
1347 2937 1364 2957 a
1378 2932 1406 2957 te
1421 2935 1556 2967 quaerere
1571 2925 1650 2956 forte

188 2972 321 3004 deterret
337 2974 449 3016 pudor.
494 2975 520 3006 A
540 2987 588 3007 me
605 2976 700 3019 igitur
717 2983 854 3020 rogatus,
872 2980 910 3010 ab
926 2979 988 3011 illis
1013 2991 1138 3022 quoque
1166 2982 1247 3012 hunc
1272 2981 1303 3011 in
1328 2981 1452 3011 modum
1470 2979 1649 3020 interrogari
