1846 3268
264 313 343 353 318
858 306 1123 347 PLATONIS
1622 304 1723 362 [402

263 415 401 457 ipsorum
416 413 568 456 originem
583 413 695 444 ducem
708 411 811 453 ipsum
827 421 895 443 esse
907 412 1020 453 othun,
1035 411 1067 443 id
1082 415 1131 442 est
1146 410 1230 453 quod
1243 408 1386 453 impellit.
1410 413 1600 453 quapropter
1612 410 1723 442 merito

263 468 368 511 ipsum
382 469 494 508 osiam,
508 467 541 500 id
558 472 604 498 est
615 465 828 508 impellentem
843 475 981 502 causam,
996 465 1159 498 nominari.
1193 464 1303 497 Deliis
1318 466 1467 496 hactenus
1479 465 1526 497 ita
1537 464 1580 496 sit
1591 465 1724 502 dictum,

264 522 352 555 velut
374 522 413 553 ab
436 521 473 552 iis
499 519 554 563 qui
579 520 657 554 nihii
682 518 873 561 intelligunt.
918 518 995 550 Post
1019 518 1147 550 Vestam
1176 524 1278 553 autem
1305 519 1345 550 dc
1369 518 1460 551 Rhea
1479 523 1575 561 atque
1587 517 1724 552 Saturno

259 577 459 609 considerare
472 574 640 608 convenit:
665 583 853 616 quamquam
868 574 908 604 de
923 573 1048 604 Saturni
1063 573 1190 607 nomine
1204 573 1235 604 in
1251 573 1461 615 superioribus
1475 572 1622 607 diximus.
1644 572 1724 606 forte

265 640 337 662 vero
353 629 430 660 nihil
446 629 532 660 dico.
575 628 699 659 Hamn.
720 627 868 664 Curnam,
891 637 911 658 o
925 627 1094 660 Socrates?
1138 627 1194 658 So.
1217 627 1247 658 O
1266 628 1346 659 bone
1369 626 1426 663 vir,
1448 626 1610 669 sapientie
1620 625 1726 668 quod-

260 684 336 716 dam
362 693 492 715 examen
517 681 732 714 animadverti.
776 680 901 712 Henna.
922 681 1026 719 Quale
1050 681 1133 712 istud
1147 681 1159 711 ?
1202 680 1259 712 So.
1282 680 1466 712 Ridiculum
1486 680 1586 713 dictu.
1629 679 1725 712 habat

261 743 370 770 tamen
392 737 491 780 [402]
515 735 658 768 nonnihil
673 735 845 778 probabile.
890 735 1014 769 Hzrus.
1035 735 1124 773 Quid
1138 735 1196 773 nis,
1211 739 1244 766 et
1256 745 1319 777 quo
1334 740 1427 776 pacto
1440 734 1599 778 probabile
1612 733 1624 764 ?
1667 733 1725 765 So·

264 791 426 834 Inspicere
440 791 517 824 mihi
533 790 723 822 Heraclitum
740 789 848 821 videor
857 788 1047 831 jampridem
1070 789 1227 830 sapienter
1240 788 1391 820 nonnulla
1411 789 1452 820 de
1465 789 1600 820 Saturno
1615 786 1723 819 Rhea·

265 855 328 888 que
343 846 528 881 tradentem,
544 855 614 886 quae
640 848 673 876 et
686 843 841 877 Homerus
863 843 997 877 dixerat.
1041 842 1163 874 Hanni.
1185 842 1250 881 Qui
1271 843 1355 874 istud
1371 843 1442 877 ais?
1483 842 1539 874 So.
1560 841 1621 877 Ait
1639 841 1721 873 enim

263 899 443 932 Heraclitus
466 899 560 930 fluere
582 898 689 929 onmia
716 897 858 940 nihilque
887 907 1012 929 manere
1027 908 1035 928 e
1058 907 1220 940 rerumque
1248 897 1385 939 ipsarum
1402 906 1595 939 progressum
1623 895 1724 927 amnis

263 953 362 984 fluxui
387 961 581 994 comparans,
607 951 692 982 haud
716 951 782 982 fieri
806 961 899 992 posse
925 950 1038 992 inquit,
1065 955 1100 981 ut
1125 951 1173 982 bis
1197 951 1329 982 eandem
1354 950 1386 981 in
1409 960 1521 992 aquam
1545 954 1577 981 te
1591 959 1724 991 mergas.

265 1006 390 1039 Hau.
411 1006 494 1038 Vera
508 1006 576 1037 haec
590 1010 674 1036 sunt.
718 1005 775 1036 So.
798 1003 852 1035 An
869 1004 992 1036 videtur
1007 1004 1064 1035 tibi
1081 1004 1133 1035 ille
1148 1005 1187 1035 ab
1203 1004 1364 1036 Heraclito
1380 1003 1556 1040 dissentire,
1568 1003 1624 1045 qui
1646 1002 1724 1034 alio·

259 1070 330 1091 rum
344 1060 472 1092 deorum
488 1059 736 1101 progenitoribus
750 1058 880 1090 inseruit
893 1057 1016 1090 Rbeam
1031 1064 1126 1100 atque
1138 1059 1306 1091 Saturnum
1321 1058 1332 1090 ?
1348 1057 1489 1100 nunquid
1504 1062 1597 1099 putas
1610 1062 1726 1090 temere

258 1113 347 1146 ilium
362 1113 489 1144 nomina
513 1113 580 1145 istis
594 1112 780 1156 imposuisse
793 1113 805 1143 ?
850 1112 938 1150 Quin
950 1118 984 1144 et
1000 1112 1155 1144 Homerus
1177 1111 1341 1144 Oceanum
1354 1112 1484 1144 deorum
1498 1111 1649 1154 originem
1674 1111 1724 1142 in·

259 1166 364 1199 stituit
376 1172 410 1199 et
421 1167 450 1198 T
451 1168 602 1210 ethydem
625 1167 817 1210 genitricem.
841 1166 987 1208 idemque
1009 1166 1120 1204 voluit,
1143 1171 1178 1197 ut
1191 1165 1334 1207 arbitror,
1349 1170 1382 1199 et
1397 1165 1566 1197 Hesiodus.
1586 1164 1632 1196 nit
1647 1175 1726 1207 prm-

260 1226 346 1253 terea
374 1222 533 1264 Orpheus,
562 1221 724 1253 Oceanum
755 1221 888 1263 primum
914 1220 1132 1263 pulchrifluum
1160 1219 1342 1262 conjugium
1371 1219 1547 1262 inchoasse,
1568 1219 1625 1261 qui
1651 1229 1724 1252 cum

259 1275 406 1317 Tethyde
421 1285 566 1317 germana
580 1285 613 1306 se
629 1285 685 1306 sua
696 1274 906 1306 commiscuit.
936 1273 1035 1311 Vide,
1049 1283 1143 1315 quam
1159 1274 1291 1306 maxime
1307 1273 1374 1305 haec
1388 1273 1523 1305 invicem
1537 1278 1725 1311 consonant,

257 1329 428 1371 omniaque
449 1329 483 1360 in
510 1328 691 1371 opinionem
714 1327 869 1360 Heracliti
891 1327 1037 1359 redeunt.
1081 1326 1205 1360 Hznm.
1228 1327 1355 1359 Videris
1379 1327 1453 1361 mihi
1466 1327 1585 1370 aliquid
1606 1327 1726 1372 dicere,

258 1382 415 1415 Socrates.
457 1382 613 1425 Tethydis
628 1386 731 1413 autem
747 1391 861 1413 nomen
884 1381 968 1413 haud
984 1381 1069 1419 satis,
1091 1381 1168 1423 quid
1185 1381 1242 1413 sibi
1267 1380 1352 1418 veiit,
1375 1381 1528 1423 intelligo.
1571 1381 1627 1414 So.
1651 1381 1725 1416 Hoc

259 1437 370 1479 utiquc
385 1437 467 1468 idern
482 1436 579 1468 ferme
600 1435 778 1478 significat:
801 1435 950 1477 quoniam
972 1435 1068 1466 fontis
1082 1445 1198 1466 nomen
1221 1439 1269 1466 est
1291 1435 1498 1467 reconditum.
1519 1440 1592 1466 nara
1607 1435 1724 1467 diatto·

258 1501 375 1523 menon
389 1495 423 1522 et
435 1490 640 1527 etirumenon,
652 1490 687 1521 -id
702 1495 749 1521 est
763 1490 934 1521 scaturiens
947 1493 982 1523 et
997 1488 1185 1530 transiliens,
1198 1488 1294 1520 fontis
1306 1488 1474 1531 imaginem
1485 1499 1549 1531 με
1562 1499 1596 1520 se
1607 1488 1723 1526 serunt,

257 1544 451 1586 exutrisque
466 1554 539 1575 vero
562 1543 647 1575 hisce
668 1543 847 1575 nominibus
870 1553 986 1575 nomen
1006 1542 1162 1585 Tethydis
1180 1547 1228 1574 est
1241 1542 1463 1584 compositum.
1505 1542 1630 1576 unna.
1651 1542 1724 1574 Hoc

258 1597 389 1639 quidem
404 1596 607 1629 bellissimum
622 1602 683 1635 est,
698 1607 717 1628 0
732 1597 887 1629 Socrates.
922 1597 978 1628 So.
1001 1596 1123 1634 Quidni
1137 1596 1149 1627 ?
1171 1606 1276 1627 verum
1290 1596 1367 1639 quid
1382 1596 1555 1638 deinceps?
1578 1595 1630 1631 De
1642 1596 1724 1628 Jove

258 1651 402 1694 profecto
412 1651 561 1685 diximus.
607 1651 732 1683 Herm.
753 1650 805 1683 Sic
820 1655 879 1683 est.
923 1651 981 1684 So.
1003 1650 1124 1685 Fratres
1144 1654 1248 1682 autern
1271 1649 1341 1692 ejus
1362 1649 1515 1687 dicamus,
1537 1649 1724 1692 Neptunum

259 1711 355 1747 atque
369 1705 550 1743 Plutonem,
565 1715 744 1747 nomenque
759 1703 843 1736 aliud
861 1715 925 1747 quo
938 1704 1039 1746 ipsum
1050 1708 1174 1739 vocant,
1219 1703 1343 1738 Herm.
1364 1703 1505 1736 Prorsus.
1544 1703 1603 1736 80.
1625 1703 1724 1736 vide-

257 1765 310 1790 tur
325 1759 494 1802 Neptunus
509 1760 549 1790 ab
572 1770 613 1791 eo
627 1759 681 1802 qui
697 1759 829 1801 primum
853 1758 1040 1796 nominavit,
1063 1758 1179 1791 iccirco
1205 1757 1344 1791 Posiden
1366 1763 1496 1790 vocatus
1515 1757 1626 1795 fuisse,
1644 1757 1723 1800 qnia

256 1818 384 1845 cantem
399 1813 502 1855 ipsum
517 1812 609 1844 maris
624 1817 735 1844 natura
747 1811 885 1844 detinuit
900 1822 1002 1854 neque
1018 1811 1162 1854 progredi
1177 1811 1257 1843 ultra
1270 1811 1423 1854 permisit,
1433 1812 1489 1843 sed
1498 1812 1588 1854 qnasi
1597 1811 1725 1846 vincula

256 1867 393 1908 pedibus
404 1866 506 1909 ipsius
520 1865 640 1908 injecit.
684 1865 784 1897 Maris
798 1865 905 1909 itaque
921 1865 1096 1908 principem
1113 1865 1274 1897 Posidona
1289 1865 1424 1903 vocavit,
1439 1865 1528 1908 quasi
1541 1865 1619 1908 posi,
1629 1865 1663 1897 id
1674 1871 1724 1898 est

256 1920 403 1962 parianu,
418 1921 561 1957 desmon,
575 1920 608 1951 id
622 1924 671 1952 cst
685 1919 856 1957 vimulum,
871 1919 998 1952 lrabeat.
1012 1930 1031 1951 e
1047 1930 1118 1951 vero
1131 1917 1257 1953 decoris
1273 1919 1372 1961 gratia
1384 1919 1464 1954 forte
1476 1919 1635 1960 adjectum
1650 1920 1724 1960 fuit,

257 1973 399 2005 Forsitan
415 1984 477 2005 non
487 1975 556 2006 ‘hoc
570 1974 630 2006 sibi
643 1974 722 2011 vult,
735 1975 793 2009 sed
808 1985 864 2016 pro
880 1984 895 2005 s
910 1974 1068 2016 geminum
1084 1974 1092 2004 l
1109 1973 1210 2016 primo
1225 1974 1285 2007 fuit
1292 1973 1484 2016 appositum,
1495 1973 1588 2016 quasi
1599 1973 1722 2007 dicatur

255 2027 416 2070 poilidon,
429 2028 465 2059 id
478 2032 529 2060 est
544 2028 643 2060 multa
669 2028 767 2071 [402]
791 2038 923 2060 noscens
946 2027 1048 2060 Deus.
1092 2027 1243 2060 Fortassis
1257 2028 1298 2058 nb
1312 2038 1351 2058 eo
1365 2027 1451 2070 qnod
1467 2027 1584 2060 dicitur
1594 2027 1672 2066 siin,
1686 2026 1719 2059 id

255 2086 304 2113 eet
315 2086 455 2124 quatere,
467 2081 548 2120 sion,
562 2082 596 2113 id
610 2086 658 2114 est
666 2082 811 2124 quatiens
825 2087 874 2113 est
887 2081 1077 2118 nominatus,
1090 2081 1143 2112 cui
1160 2092 1180 2123 p
1196 2091 1233 2113 ac
1248 2081 1269 2112 d
1284 2080 1345 2112 fuit
1358 2080 1529 2122 adjectum.
1552 2080 1719 2112 Plutonem

256 2136 465 2178 antemquasi
491 2136 596 2178 plutu,
621 2135 655 2168 id
676 2140 725 2168 est
745 2135 925 2167 divitiarum
949 2135 1090 2167 datorem
1111 2135 1258 2172 dicimus,
1281 2134 1432 2177 quoniam
1446 2134 1565 2166 diviu-
1579 2144 1617 2165 ex
1632 2138 1721 2166 terrm

253 2189 422 2221 visceribus
435 2195 597 2222 cruuntur.
631 2189 728 2222 Adim
742 2200 815 2221 vero
831 2189 1000 2221 multitudo
1016 2190 1236 2231 interpretatur
1247 2188 1340 2231 qussi
1356 2188 1473 2226 nidera,
1489 2187 1521 2220 id
1536 2193 1586 2220 est
1600 2187 1718 2219 tristem

255 2244 504 2276 tenebrosumve.
525 2249 622 2286 atque
642 2244 703 2276 hoc
731 2254 844 2276 nomen
867 2245 1026 2276 horrentes
1049 2243 1217 2275 Plutonem
1241 2243 1393 2276 vocitant.
1438 2241 1560 2274 Heni«.
1579 2240 1630 2273 Tu
1646 2251 1719 2275 vero

253 2296 331 2338 quid
356 2298 464 2336 sentis,
489 2298 653 2330 Socrates?
699 2298 757 2330 So.
786 2298 944 2330 Videntur
968 2297 1047 2329 mihi
1070 2298 1214 2329 vhomines
1245 2297 1327 2329 circa
1350 2296 1525 2339 potentiam
1551 2296 1604 2328 dei
1628 2295 1720 2328 istius

252 2350 451 2383 multifariam
457 2350 617 2393 erravisse,
629 2362 764 2394 eumque
779 2352 970 2384 exhorruisse
980 2362 1112 2394 semper,
1124 2361 1194 2383 curn
1208 2350 1332 2383 minime
1343 2351 1467 2382 deceat.
1490 2349 1573 2381 Num
1584 2350 1718 2392 quisque

253 2414 292 2435 ex
306 2405 368 2436 hoc
381 2406 585 2447 pertimescit,
608 2406 695 2447 quod
709 2416 801 2438 nemo
825 2411 991 2448 postquam
1010 2405 1182 2437 defunctus
1204 2410 1264 2442 est,
1280 2405 1341 2436 huc
1363 2403 1457 2444 redit,
1471 2404 1598 2446 quodve
1611 2403 1718 2435 anima

254 2459 374 2490 nudata
396 2470 526 2501 corpore
538 2460 615 2492 illuc
636 2461 713 2494 abit.
757 2460 903 2493 Ceterum
926 2459 1125 2497 haecomnia,
1152 2465 1185 2491 et
1206 2469 1335 2500 regnum
1354 2462 1390 2490 et
1404 2468 1520 2490 nornen
1534 2456 1628 2499 hujus
1649 2458 1719 2496 dei,

253 2512 364 2545 eodem
380 2513 508 2545 tendere
525 2514 601 2545 mihi
615 2513 770 2546 videntur.
815 2514 936 2548 Hanni.
957 2514 1032 2551 Quo
1050 2513 1168 2556 pacto?
1213 2513 1269 2545 So.
1293 2511 1407 2544 Dicam
1425 2512 1512 2554 quod
1526 2512 1641 2544 sentio.
1662 2511 1716 2544 dic

257 2575 336 2608 age:
360 2566 473 2599 Utrum
488 2567 596 2599 horum
612 2567 748 2600 validius
764 2568 922 2600 vincutum
943 2574 992 2600 est
1014 2568 1054 2599 ad
1070 2567 1202 2609 quodvis
1225 2566 1341 2599 animal
1356 2565 1472 2599 alieubi
1494 2565 1716 2606 detinendum,

253 2621 464 2653 necessitasne
472 2632 512 2652 an
522 2622 700 2664 cupiditas?
724 2623 846 2655 Henna.
857 2622 1009 2665 Longe‚o
1024 2622 1180 2659 Socrates,
1190 2625 1317 2664 praestat
1327 2620 1497 2663 cupiditas.
1518 2619 1575 2652 So.
1589 2619 1714 2652 Annon

253 2675 380 2718 plurimi
395 2675 492 2707 Adim
508 2676 652 2718 quotidie
666 2677 927 2719 subterfugerent,
949 2676 1008 2708 nisi
1024 2676 1191 2708 fortissimo
1213 2674 1339 2707 vinculo
1353 2685 1408 2706 eos
1422 2675 1478 2717 qui
1491 2673 1566 2706 ilinc
1580 2673 1713 2706 descen·

251 2730 345 2771 dunt,
359 2730 512 2762 vinciret?
556 2730 677 2762 Hanni.
700 2731 869 2764 Videlicet.
913 2731 970 2763 So.
988 2730 1097 2769 Quare
1112 2730 1286 2772 cupiditate
1300 2729 1436 2772 quadam
1446 2739 1514 2771 eos,
1527 2733 1563 2760 ut
1577 2728 1712 2766 videtur,

251 2785 358 2828 potius
369 2794 465 2827 qnam
481 2785 666 2817 necessitate
688 2785 840 2824 devincit,
855 2786 880 2818 si
903 2786 998 2817 modo
1021 2784 1147 2817 vinculo
1162 2785 1262 2817 nectit
1275 2783 1454 2816 fortissimo.
1496 2781 1619 2815 flant.
1642 2782 1711 2825 Ap·

250 2843 352 2882 paret.
396 2838 453 2871 So.
476 2837 593 2870 Nonne
615 2849 716 2871 rursus
743 2840 849 2871 multu
877 2839 1067 2883 cupiditates
1095 2840 1191 2871 sunt?
1235 2838 1358 2870 Hans.
1381 2837 1507 2869 Multo.
1544 2836 1604 2870 ’Βο-
1625 2835 1710 2879 Ergo

249 2893 519 2927 vehementissima
528 2893 666 2924 omnium
678 2894 852 2936 eupiditate
863 2894 961 2926 nectit
971 2905 1037 2931 eos,
1049 2894 1075 2925 si
1087 2894 1181 2925 modo
1190 2893 1286 2925 debet
1299 2891 1459 2924 insolubili
1470 2890 1558 2922 nodo
1571 2899 1709 2923 connec-

249 2953 326 2980 tere.
367 2947 491 2980 flaura.
515 2946 621 2980 Certe.
664 2947 722 2979 So-
744 2948 842 2980 Estne
857 2948 1070 2980 vehementior
1084 2948 1147 2979 ulla
1161 2947 1431 2990 cupiditas,quam
1447 2955 1484 2977 ea
1499 2954 1562 2987 qua
1576 2945 1709 2988 quisque

249 3001 392 3041 afficitur,
405 3001 479 3034 dum
495 3001 629 3043 alicujus
651 3003 879 3036 consuetudine
905 3003 1063 3035 :nestorem
1088 3013 1120 3035 se
1136 3002 1232 3035 virum
1258 3006 1361 3043 sperat
1384 2999 1539 3033 evadere?
1583 2998 1707 3032 Herm.
