1846 3268
758 622 997 710 μ1οΝ.

732 874 971 918 socRATES,
994 873 1087 910 ΙοΝ.

175 1060 272 1104 [530]
295 1060 414 1094 Ionan
438 1059 555 1093 salvere
575 1058 687 1102 jubeo.
730 1058 826 1092 Unde
852 1058 893 1091 ad
918 1068 976 1092 nos
999 1056 1182 1091 accessisti?
1205 1058 1358 1101 numquid
1388 1057 1515 1102 Epheso
1529 1056 1641 1091 venis?

173 1115 225 1149 10.
247 1114 346 1148 Nullo
361 1120 469 1157 pacto,
485 1125 503 1146 o
519 1114 674 1152 Socrates,
690 1114 746 1146 sed
760 1112 922 1156 Epidauro
937 1113 976 1145 ab
992 1112 1162 1155 Asclepiis.
1206 1113 1263 1148 So.
1285 1113 1451 1156 Numquid
1467 1113 1642 1155 rhapsodo-

174 1180 254 1208 rum,
276 1170 311 1201 id
331 1175 390 1207 est,
406 1180 525 1208 eorum,
550 1168 608 1212 qui
632 1168 770 1201 carmina
790 1168 936 1206 recitant,
960 1172 1118 1200 certamen
1143 1166 1311 1209 Epidaurii
1326 1167 1400 1200 Deo
1415 1167 1642 1199 instituerunt?

178 1223 228 1255 Io.
251 1223 328 1256 Non
340 1223 373 1256 in
388 1224 437 1256 his
452 1223 564 1260 solum,
579 1223 633 1255 sed
649 1223 682 1253 in
697 1222 759 1254 alio
771 1232 899 1264 quoque
910 1232 1023 1264 genere
1037 1221 1177 1254 musicae.
1221 1221 1276 1254 So.
1300 1221 1470 1254 Contende
1492 1231 1566 1263 ergo
1581 1231 1642 1252 no-

178 1276 310 1310 biscum.
353 1276 406 1310 Io.
430 1277 641 1316 Quamobrem
658 1281 762 1309 tecum
778 1277 968 1308 contendam
983 1276 996 1308 ἒ
1040 1275 1167 1313 Primis,
1182 1286 1201 1307 o
1218 1275 1376 1314 Socrates,
1400 1275 1536 1318 praemiis
1550 1275 1646 1318 potiti

177 1341 294 1363 sumus.
337 1331 392 1364 So.
414 1331 518 1364 Probe
533 1330 649 1373 inquis.
675 1340 746 1373 age,
760 1329 841 1362 utin
858 1330 998 1362 Palladis
1009 1329 1220 1362 celebratione
1230 1329 1391 1361 victoriam
1404 1339 1645 1372 consequamur,

174 1386 229 1419 Io.
250 1385 344 1418 Fient
358 1386 417 1419 ista
432 1386 574 1428 quidem,
586 1383 613 1417 si
627 1385 705 1417 dens
721 1384 865 1417 voluerit.
909 1384 967 1419 So.
990 1384 1131 1426 Etenim,
1143 1395 1163 1416 o
1175 1384 1248 1426 Ion,
1261 1389 1360 1416 artem
1374 1389 1508 1416 vestram
1523 1394 1645 1426 semper

177 1439 304 1482 plurimi
318 1440 402 1473 feci:
425 1450 498 1473 nam
521 1439 613 1472 multi
626 1439 806 1472 faciendum
822 1443 870 1471 est
886 1439 972 1481 quod
989 1439 1049 1471 arti
1063 1443 1174 1472 vestra
1187 1438 1370 1480 conveniat,
1385 1444 1421 1470 ut
1436 1438 1554 1471 ornetis
1574 1448 1645 1472 cor.

176 1503 248 1535 pus,
271 1498 304 1526 et
327 1504 421 1536 quam
449 1493 649 1537 pulcherrimi
674 1492 851 1536 appareatis
864 1504 875 1534 3
898 1493 1024 1536 quodve
1046 1497 1193 1536 oporteat
1215 1492 1250 1525 in
1268 1492 1412 1536 plurimis
1437 1498 1532 1535 atque
1555 1492 1646 1526 bonis

177 1547 296 1589 poetis,
307 1552 340 1580 et
354 1547 516 1591 praecipue
527 1547 561 1581 iu
584 1547 724 1580 Homero
747 1546 914 1590 poetarum
931 1546 1071 1579 omnium
1094 1547 1215 1590 optimo
1236 1547 1505 1590 divinissimoque,
1518 1547 1647 1586 versari,

175 1612 281 1644 neque
294 1602 431 1635 carmina
441 1602 524 1637 illius
539 1601 652 1640 solum,
667 1612 774 1634 verum
789 1602 885 1634 etiam
901 1612 991 1634 senso
1006 1602 1194 1644 perdiscere.
1237 1600 1411 1644 Nunquam
1432 1600 1516 1636 enim
1531 1597 1645 1642 {liquis

176 1655 211 1688 in
231 1656 421 1698 rhapsodum
436 1656 594 1694 evaderet,
619 1655 680 1687 nisi
700 1665 739 1687 ea
758 1665 830 1697 quae
850 1665 870 1686 a
891 1654 991 1697 poeto
1014 1655 1101 1687 dicta
1123 1659 1199 1686 sunt
1215 1653 1417 1688 intellexerit.
1439 1664 1512 1687 nam
1536 1654 1645 1697 poe'tae

174 1715 311 1742 mentem
323 1709 522 1752 interpretari
537 1710 727 1751 rhapsodum
741 1708 827 1750 apud
843 1709 1002 1741 auditores
1019 1713 1164 1750 oportet:
1189 1708 1256 1743 fieri
1270 1713 1375 1740 autem
1395 1708 1517 1751 nequit,
1532 1713 1568 1741 ut
1583 1708 1645 1741 hoe

172 1764 228 1796 ille
242 1763 369 1802 efficiat,
385 1763 440 1806 qui
454 1763 560 1805 poetas
576 1763 764 1797 sententiam
777 1762 978 1805 ignoraverit.
1022 1762 1129 1800 Quare
1143 1763 1211 1795 haec
1234 1762 1340 1795 omnia
1354 1762 1484 1805 plurimi
1497 1762 1645 1797 faciendo

177 1817 335 1850 videntur.
377 1817 430 1850 10.
452 1817 535 1850 Vera
549 1816 640 1854 dicis,
655 1826 674 1848 o
695 1816 852 1849 Socrates.
875 1816 964 1858 atqui
978 1816 1013 1849 in
1027 1817 1089 1849 hoo
1115 1815 1285 1858 plurimum
1301 1816 1451 1849 laboravi.
1473 1817 1645 1859 praeclarisv

177 1872 256 1904 sima
267 1881 342 1903 sane
362 1882 425 1914 prae
446 1871 557 1904 ceteris
575 1870 620 1903 *de
634 1869 774 1903 Homero
789 1880 839 1901 me
854 1870 1082 1912 explicaturum
1098 1870 1258 1912 profiteor,
1273 1875 1309 1903 ut
1322 1881 1427 1913 neque
1441 1870 1644 1904 Metrodorus

177 1925 422 1967 Lampsacenus,
437 1935 540 1967 neque
547 1924 778 1957 -Stesimbrotns
791 1923 938 1962 Thasius,
950 1934 1055 1967 neque
1070 1923 1231 1963 Glaucen,
1252 1935 1356 1967 neque
1377 1925 1491 1968 aliquis
1505 1935 1645 1968 uuquam

175 1985 326 2019 veterum,
341 1985 389 2011 tot
402 1985 529 2022 tamque
543 1978 692 2022 praeclara
702 1978 834 2011 Homeri
846 1988 949 2018 sensa,
961 1983 1040 2021 quot
1049 1989 1122 2021 ego,
1132 1989 1289 2021 exponere
1299 1984 1407 2022 queat.
1449 1979 1505 2013 So.
1528 1979 1646 2022 Recte,

175 2045 196 2066 o
210 2033 282 2069 Ion.
305 2038 429 2067 constat
442 2038 558 2071 autem,
573 2033 659 2076 quod
675 2033 763 2065 nulla
789 2032 912 2069 invidia
939 2033 1129 2076 prohibebit,
1149 2033 1228 2076 quin
1244 2033 1397 2068 ista-mihi
1412 2034 1545 2077 aperias.
1589 2034 1645 2069 Io.

176 2088 298 2121 Auditu
313 2088 442 2130 dignum
464 2093 525 2125 est,
549 2098 644 2130 quam
658 2088 859 2120 vehementer
878 2087 1052 2123 Homerum
1079 2088 1258 2123 exornando
1274 2087 1447 2123 extulerim.
1470 2099 1533 2130 qua
1555 2089 1596 2121 de
1611 2098 1644 2123 re

175 2142 307 2185 dignum
321 2153 388 2174 esse
403 2153 452 2174 me
466 2152 592 2181 censen,
608 2143 648 2174 ab
664 2142 738 2180 illis,
762 2142 816 2184 qui
832 2142 964 2178 Homeri
980 2142 1113 2178 studiosi
1128 2146 1214 2185 suut,
1238 2153 1355 2177 corone
1375 2152 1470 2177 aurea
1492 2142 1646 2177 decorari.

176 2196 235 2228 So.
258 2196 368 2229 Otium
383 2197 523 2239 profecto
540 2202 572 2230 te
586 2197 737 2233 audiendi
753 2198 945 2240 quandoque
968 2196 1139 2231 nanciscar.
1163 2197 1262 2240 [531]
1287 2208 1373 2233 nunc
1396 2201 1501 2231 autem
1524 2197 1567 2229 ad
1582 2197 1644 2231 hoo

173 2260 271 2284 unum
295 2251 372 2284 mihi
390 2251 557 2293 responde,
573 2256 675 2285 utrum
690 2252 772 2287 circa
785 2249 958 2286 Homerum
975 2251 1089 2290 solum,
1117 2261 1159 2283 an
1185 2251 1280 2285 etism
1303 2251 1387 2285 circa
1410 2251 1587 2286 Hesiodum
1609 2256 1645 2284 et

178 2303 401 2342 Archilochum
422 2305 452 2339 id
470 2306 579 2348 possis.
623 2305 673 2340 Io.
697 2306 790 2340 Circa
804 2306 977 2342 Homerum
993 2305 1107 2340 solum.
1130 2305 1205 2339 satis
1230 2305 1315 2340 enim
1335 2305 1413 2340 mihi
1427 2316 1494 2339 esse
1507 2305 1644 2339 videtur.

179 2358 236 2390 So.
259 2359 381 2394 Suntne
396 2359 513 2403 aliqua,
537 2361 578 2394 de
603 2361 718 2404 quibus
733 2358 889 2396 Homerus
901 2365 936 2394 et
950 2360 1112 2395 Hesiodus
1126 2360 1238 2394 eadem
1259 2355 1418 2394 referant?
1460 2358 1514 2394 Io.
1537 2359 1646 2394 Mults

176 2423 244 2445 esse
258 2413 397 2448 arbitror.
441 2415 498 2450 So.
522 2414 635 2449 Utrum
656 2415 767 2450 melius
782 2426 820 2449 ee
832 2425 904 2458 quae
919 2415 998 2449 dicit
1012 2414 1182 2453 Homerus,
1211 2425 1252 2449 an
1266 2425 1337 2457 quae
1354 2414 1527 2454 Hesiodus,
1542 2413 1644 2456 expli-

178 2467 286 2499 cares?
329 2467 379 2501 lo.
403 2469 510 2510 AEque
523 2469 564 2501 de
580 2469 731 2512 utrisque,
746 2480 766 2500 ο
781 2470 934 2507 Socrates,
948 2469 984 2504 in
998 2469 1060 2503 illis
1075 2470 1178 2507 rebus,
1193 2469 1226 2503 in
1241 2469 1355 2512 quibus
1369 2469 1479 2503 eadem
1494 2469 1644 2502 referunt.

181 2520 238 2556 So.
261 2521 348 2558 Quid
363 2528 466 2558 sutem
482 2523 514 2555 in
529 2524 588 2561 his,
613 2524 655 2557 de
669 2524 785 2566 quibus
799 2535 864 2558 non
879 2524 990 2558 eadem
1006 2524 1140 2560 dicunt?
1163 2531 1198 2557 ut
1213 2528 1290 2567 puta
1306 2524 1346 2556 de
1361 2523 1509 2556 vaticinio
1524 2522 1645 2556 Home-

182 2585 234 2609 rus
245 2580 340 2617 atque
355 2575 515 2611 Hesiodus
527 2579 622 2611 verba
636 2579 768 2611 faciunt.
811 2578 863 2614 10.
878 2578 930 2613 *Et
944 2578 1076 2612 maxime
1091 2578 1231 2621 quidem.
1278 2579 1335 2612 So.
1357 2577 1400 2611 Et
1413 2578 1446 2611 in
1458 2587 1522 2620 quo
1534 2575 1642 2619 poeta

179 2629 233 2663 isti
247 2630 461 2668 consentiunt,
484 2637 539 2665 aut
552 2632 742 2675 discrepant,
757 2634 885 2676 quando
900 2634 942 2667 de
962 2633 1112 2667 vaticinio
1129 2633 1311 2676 loquuntur,
1324 2637 1426 2665 utrum
1440 2632 1510 2674 ipse
1532 2630 1643 2664 melius

179 2693 275 2726 quam
302 2683 420 2726 peritus
445 2689 531 2718 vates
555 2686 669 2729 aliquis
691 2688 886 2730 explicares?
930 2687 983 2721 Io.
1006 2687 1108 2720 Vates.
1128 2687 1249 2720 melius.
1292 2687 1347 2720 So.
1371 2687 1405 2720 Si
1430 2691 1533 2719 autem
1557 2688 1644 2717 vates

181 2747 276 2775 88881.
289 2748 353 2770 nou
368 2738 423 2771 illa
439 2743 559 2773 tantum
572 2740 606 2775 in
620 2741 735 2783 quibus
749 2742 957 2784 conveniunt,
972 2752 1079 2775 verum
1093 2742 1187 2775 etiarn
1198 2742 1231 2774 in
1246 2742 1361 2784 quibus
1375 2739 1575 2776 dissentiunt.
1590 2748 1643 2769 ²¹·

180 2801 298 2833 P⁰¹²e¹0
312 2793 441 2834 posses?
485 2792 537 2827 10.
560 2793 664 2829 Patet.
708 2795 763 2830 So.
786 2796 872 2834 Quid
892 2797 1006 2838 porro?
1029 2807 1106 2830 num
1121 2797 1204 2829 circs
1219 2796 1392 2831 Homerum
1406 2795 1572 2826 vehemens
1594 2791 1643 2823 sa-

185 2846 372 2888 cundusquo
395 2857 440 2885 es,
464 2847 546 2881 circa
560 2858 634 2880 vero
655 2847 832 2886 Hesiodum
859 2850 1002 2892 aliosque
1026 2850 1138 2893 poetas
1153 2850 1306 2883 minime?
1350 2849 1403 2883 An
1424 2847 1581 2880 Homerus
1601 2844 1642 2876 dc

185 2898 254 2931 aliis
270 2900 362 2933 rebus
376 2901 454 2943 agit,
469 2912 563 2944 quam
585 2903 625 2935 de
652 2903 702 2941 iis,
724 2915 795 2945 quae
820 2909 853 2936 et
875 2904 928 2936 alii
950 2904 1056 2947 poetae
1071 2904 1227 2939 tractant?
1270 2903 1388 2936 Nonne
1402 2902 1500 2934 multa
1513 2909 1583 2941 quae
1600 2897 1642 2930 ad

184 2951 300 2988 bellum
314 2954 485 2998 pertinent,
501 2962 533 2989 ct
547 2967 619 3000 quae
635 2958 675 2991 ad
691 2958 934 3002 consuetudines
951 2960 1102 2994 bonorum
1116 2959 1251 2993 invicem
1267 2963 1299 2990 et
1323 2957 1485 2993 malorum,
1507 2953 1644 2998 privato-
