1846 3268
207 287 287 327 408
831 283 1099 325 PLATONIS
1586 289 1680 341 [191

216 390 357 424 Deorum
381 389 485 422 cultus
499 387 723 430 veneratioque
747 387 882 430 periret:
906 397 1010 431 neque
1032 389 1068 421 in
1091 393 1180 422 tanta
1204 389 1374 422 insolentia
1398 400 1593 432 perseverare
1613 391 1685 424 illos

215 443 460 488 permittendum
475 443 656 475 censebant.
700 441 843 473 Tandem
858 442 1045 474 sententiam
1067 442 1218 485 Juppiter
1236 455 1323 476 suam
1350 444 1514 486 explicuit.
1555 445 1684 488 Inveni,

217 499 331 541 inquit,
346 508 409 540 qua
423 497 543 529 ratione
559 496 623 528 fieri
639 496 748 538 possit,
763 501 799 528 ut
823 501 856 528 et
878 496 942 527 sint
955 496 1097 529 homines
1119 503 1152 529 et
1173 499 1376 531 modestiores
1391 499 1454 531 sint
1468 511 1476 531 :
1498 499 1596 543 idque
1611 500 1682 539 erit,

216 553 242 585 si
258 552 477 584 imbecilliores
491 552 580 583 fiant.
624 550 890 594 Unumquemque
905 561 989 583 nunc
1008 552 1086 583 duas
1102 551 1134 583 in
1150 557 1253 594 partes
1266 553 1417 586 dividam.
1441 564 1478 585 ex
1501 565 1564 596 qno
1579 559 1612 587 et
1626 556 1684 587 de·

213 607 340 639 biliores
355 611 458 644 erunt,
473 610 506 638 et
520 605 610 637 nobis
625 605 718 637 etiam
733 605 833 648 magis
846 606 880 637 id
898 606 1048 638 conducit
1062 618 1070 637 ε
1087 617 1216 639 numero
1230 607 1383 650 siquidem
1394 608 1499 651 plures
1513 614 1616 648 erunt,
1627 609 1684 652 qui

215 673 274 694 nos
289 662 406 694 colent.
429 661 506 694 recti
521 661 645 692 duobus
659 660 798 693 cruribus
813 661 914 693 ibunt.
938 661 1023 703 quod
1045 661 1070 693 si
1085 672 1188 693 rursus
1213 662 1310 705 impie
1324 662 1483 705 insurgere
1502 663 1682 705 videantur,

213 717 327 749 iterum
350 716 382 747 in
398 716 462 747 duo
477 715 603 753 secabo,
618 719 654 746 ut
668 715 762 748 unico
785 726 872 748 crure
887 716 964 754 nixi,
988 721 1098 758 utpote
1122 716 1241 760 claudi,
1262 717 1373 749 saltare
1395 722 1559 760 cogantur.
1601 717 1683 751 Haec

215 771 311 809 fatus,
326 770 466 802 bifariam
482 770 615 813 partitus
631 774 679 802 est
693 770 844 812 singulos,
859 770 955 802 instar
968 781 1074 802 eorum
1089 770 1144 814 qui
1160 781 1220 803 ova
1228 771 1387 809 dividunt,
1397 777 1434 803 ut
1441 772 1506 804 sale
1519 771 1684 810 condiant,

217 826 267 859 ve'l
284 826 339 868 qni
355 825 470 868 capillo
486 836 545 857 ova
560 830 678 858 secant.
702 825 927 868 mandavitque
949 825 1106 868 Apollini,
1121 831 1157 858 ut
1171 826 1340 869 partitione
1354 827 1458 858 statim
1481 826 1565 859 facta
1579 826 1687 869 cujus-

215 891 278 923 que
293 880 416 928 vultum
429 880 621 922 cervicisque
636 880 801 911 dimidium
818 881 851 911 in
866 890 934 912 eam
951 886 1082 923 partem,
1097 891 1161 923 qua
1175 886 1279 914 sectus
1293 886 1387 920 esset,
1402 886 1545 920 verteret,
1559 886 1597 914 ut
1610 882 1686 915 scis·

219 934 338 967 sionem
355 945 441 966 suam
457 935 659 966 considerans
674 935 844 966 modestior
859 935 948 967 fieret
962 947 970 967 τ
993 936 1122 978 reliquis
1136 940 1240 968 antem
1256 936 1374 968 mederi
1383 935 1490 978 jussit.
1534 936 1594 968 Ille
1608 946 1686 969 con·

215 990 305 1021 tinuo
321 989 441 1020 vultum
456 987 561 1027 vertit,
576 993 609 1020 et
623 989 811 1021 contrahens
826 989 966 1032 undique
979 995 1085 1022 cutem
1100 989 1133 1021 in
1149 1001 1234 1028 eum,
1249 990 1305 1033 qui
1319 1001 1405 1024 nunc
1421 995 1530 1023 venter
1543 995 1685 1029 vocatur,

216 1048 366 1087 tanquam
382 1048 542 1075 contracta
567 1044 734 1086 marsupia,
749 1048 782 1076 et
803 1054 838 1076 os
863 1054 961 1076 unum
985 1045 1115 1083 faciens,
1139 1045 1245 1077 medio
1269 1045 1305 1077 in
1325 1050 1434 1077 ventre
1448 1044 1568 1088 ligavit.
1589 1055 1684 1088 quem

217 1098 345 1142 quidem
360 1109 476 1130 nexum
493 1099 672 1130 umbilicum
688 1105 815 1131 vocant.
860 1099 902 1131 Et
916 1100 993 1132 alias
1015 1101 1143 1142 quidem
1159 1111 1250 1143 rugas
1274 1100 1372 1145 [191]
1392 1101 1524 1132 maxima
1538 1111 1576 1132 ex
1599 1106 1687 1144 parte

218 1153 387 1195 laevigavit,
403 1157 594 1195 pectoraque
615 1153 803 1186 articulatim
830 1154 986 1198 distinxit,
1007 1155 1214 1187 instrumento
1237 1156 1374 1198 quodam
1397 1155 1453 1187 tali
1473 1160 1579 1199 utens,
1601 1155 1689 1198 quali

218 1208 350 1245 coriarii,
366 1218 436 1239 cum
453 1208 529 1240 corii
545 1219 635 1250 rugas
646 1219 739 1251 super
749 1209 838 1252 pedis
851 1210 1015 1242 formulam
1027 1210 1172 1252 poliunt:
1188 1211 1356 1243 nonnullas
1371 1221 1443 1243 vero
1454 1211 1539 1243 circa
1549 1211 1688 1243 medium

216 1268 356 1295 ventrem
372 1262 617 1305 umbilicumque
631 1263 769 1305 reliquit,
785 1269 819 1295 ut
834 1264 922 1306 quasi
937 1264 1097 1296 cicatrices
1107 1265 1251 1307 quaedam
1265 1265 1441 1307 passionem
1453 1264 1543 1297 nobis
1553 1270 1690 1297 veterem

218 1329 341 1360 semper
355 1322 624 1360 repraesentarent.
669 1318 842 1361 Postquam
867 1324 978 1350 natura
993 1319 1155 1351 hominum
1178 1320 1222 1351 ita
1244 1320 1345 1351 divisa
1366 1320 1438 1358 fuit,
1465 1330 1536 1352 cum
1555 1319 1690 1363 quisque

219 1372 385 1404 dimidium
400 1372 449 1403 sui
464 1372 604 1414 agnitum
620 1377 764 1415 cuperet,
785 1373 868 1404 inter
889 1383 922 1405 se
946 1374 1184 1412 concurrebant,
1203 1373 1476 1416 circumjactisque
1500 1373 1635 1406 brachiis
1657 1385 1692 1406 se

218 1428 354 1459 invicem
380 1427 680 1469 complectebantur,
708 1427 836 1459 conflari
858 1427 890 1458 in
906 1438 1002 1459 unum
1019 1428 1214 1461 affectantes,
1237 1429 1323 1460 unde
1337 1430 1419 1461 fame
1434 1433 1467 1460 et
1487 1433 1610 1471 torpore
1633 1428 1690 1459 de-

218 1482 379 1522 ficiebam,
396 1491 434 1512 eo
460 1481 547 1523 quod
570 1491 731 1524 nunquam
758 1481 1013 1524 sejungebamur.
1036 1486 1069 1513 et
1091 1492 1163 1514 cum
1189 1482 1352 1514 dimidium
1371 1493 1475 1515 unum
1501 1482 1691 1514 moriebatur

219 1538 417 1579 restabatquc
433 1537 562 1567 alterum
576 1547 586 1576 3
610 1537 695 1578 quod
711 1541 882 1578 supererat,
897 1547 999 1568 rursus
1015 1537 1100 1568 aliud
1116 1537 1320 1576 adsciscebat,
1341 1537 1546 1579 similiterque
1559 1546 1691 1579 congre·

221 1590 388 1623 diebatur:
413 1591 478 1622 sive
493 1590 590 1622 solius
605 1589 768 1632 cujusdam
795 1591 954 1633 totiusque
975 1592 1101 1623 feminas
1124 1591 1287 1623 dimidium
1308 1596 1401 1629 esset,
1426 1601 1519 1634 quam
1541 1591 1689 1623 feminam

220 1656 306 1678 nunc
320 1655 481 1687 vocamus,
496 1655 549 1677 seu
567 1645 635 1676 viri.
678 1644 786 1687 Atque
801 1646 846 1676 ita
860 1656 959 1687 genus
974 1646 1136 1677 hominum
1151 1645 1326 1688 deperibat.
1360 1645 1519 1683 Quocirca
1532 1645 1693 1676 miseratus

222 1700 244 1734 J
246 1700 377 1743 uppitnr
391 1700 563 1732 remedium
587 1699 672 1731 aliud
698 1700 890 1742 excogitavit
903 1711 911 1732 ε
935 1699 1122 1742 permutavit
1149 1700 1308 1742 genitalia,
1335 1703 1379 1738 et,
1405 1709 1475 1741 quae
1496 1699 1584 1742 prius
1609 1703 1692 1731 retro

223 1759 323 1792 erant,
338 1755 379 1786 ad
395 1754 564 1786 anteriores
579 1759 683 1797 partes
698 1754 866 1786 transtulit.
900 1754 1006 1786 Antea
1020 1754 1189 1797 siquidem,
1205 1765 1275 1786 cum
1290 1755 1331 1785 ad
1346 1758 1435 1786 nates
1449 1754 1518 1786 haec
1531 1753 1694 1791 baberent,

222 1820 287 1842 non
302 1809 453 1852 invicem,
469 1810 523 1841 sed
539 1809 572 1840 in
588 1814 699 1841 terram
723 1814 904 1851 spargentes
919 1810 1038 1842 semina
1053 1809 1232 1841 cicadarum
1248 1809 1346 1840 instar
1359 1808 1585 1851 concipiebant
1599 1812 1694 1850 atque

226 1865 430 1908 generabant.
475 1864 555 1896 Cum
570 1874 643 1895 vero
659 1864 699 1895 ad
715 1863 869 1896 anteriora
884 1863 1138 1905 transposuisset,
1154 1873 1209 1904 per
1221 1863 1290 1894 haec
1305 1863 1539 1905 generationem
1550 1862 1582 1894 in
1597 1873 1630 1894 se
1643 1862 1695 1894 in-

226 1920 326 1952 vicem
342 1919 418 1950 fecit
431 1919 561 1960 expleri,
577 1929 634 1960 per
658 1919 830 1950 masculum
852 1918 982 1961 quidem
1005 1918 1037 1949 in
1062 1918 1202 1950 semina:
1226 1918 1285 1949 hac
1299 1918 1340 1949 de
1355 1927 1462 1959 causa,
1485 1922 1522 1949 ut
1542 1918 1568 1949 si
1583 1917 1615 1950 in
1631 1928 1696 1950 am-

225 1976 322 2018 plexu
337 1974 384 2005 vir
398 1973 522 2006 feminae
537 1973 801 2011 commisceretur,
818 1974 924 2016 genita
941 1973 1030 2016 prole
1053 1973 1190 2015 speciem
1206 1972 1367 2004 hominum
1389 1977 1622 2015 propagarent3
1646 1972 1696 2005 sin

227 2034 333 2062 autem
349 2028 487 2060 masculo
502 2028 669 2066 masculus,
685 2029 828 2060 satietate
844 2028 884 2059 ab
900 2027 1044 2070 amplexu
1059 2031 1276 2058 amoverentur
1290 2030 1323 2057 et
1338 2027 1378 2058 ad
1393 2036 1441 2058 res
1454 2026 1606 2068 gerendas
1619 2036 1697 2058 con·

228 2087 307 2120 versi
323 2086 440 2119 victum
462 2088 615 2117 curarent.
662 2083 747 2115 Hinc
763 2083 872 2125 utique
887 2093 925 2114 ex
940 2082 996 2113 illo
1013 2086 1154 2123 tempore
1176 2085 1303 2112 mutuus
1316 2080 1495 2112 hominibus
1509 2079 1635 2111 innatus
1650 2085 1700 2112 est

227 2152 324 2180 amor,
340 2141 449 2184 priscae
464 2143 583 2171 naturae
609 2138 802 2175 conciliator,
818 2136 963 2168 annitens
989 2146 1084 2167 unum
1112 2146 1150 2167 ex
1176 2135 1300 2166 duobus
1325 2134 1446 2166 efficere
1470 2134 1697 2177 hominumque

227 2202 346 2229 naturae
376 2195 504 2227 mederi.
551 2194 609 2225 Est
632 2193 726 2235 igitur
751 2192 883 2234 quisque
907 2197 1047 2222 nostrum
1076 2190 1240 2222 dimidium
1266 2189 1413 2228 hominis,
1442 2193 1554 2232 utpote
1582 2193 1698 2228 sectus,

230 2252 494 2295 quemadmodum
512 2248 668 2292 pisciculi,
682 2248 735 2290 qui
751 2247 869 2280 Psettae
886 2251 1047 2282 vocantur,
1064 2245 1151 2277 scissi
1166 2256 1203 2277 ex
1218 2255 1282 2276 uno
1297 2245 1362 2276 duo
1377 2244 1565 2276 efficiuntur.
1586 2243 1698 2286 quaerit

230 2313 335 2339 autem
361 2306 410 2338 sui
426 2305 558 2348 quisque
575 2304 751 2335 dimidium.
796 2302 1007 2340 Quamobrem
1032 2301 1216 2343 quicunque
1230 2312 1267 2332 ex
1291 2299 1362 2331 viris
1387 2298 1556 2342 promiscui
1578 2297 1701 2341 generis

229 2362 334 2405 portio
360 2364 445 2398 sunt,
469 2360 554 2402 quod
581 2358 656 2390 olim
683 2357 914 2400 Androgynum
940 2356 1122 2396 vocabatur,
1150 2354 1308 2386 mulierosi
1328 2358 1412 2391 sunt,
1427 2351 1642 2395 adulteriaque
1663 2357 1700 2384 ut

230 2416 400 2460 plurimum
422 2426 460 2447 ex
475 2414 523 2446 his
540 2418 710 2457 patrantur.
733 2424 770 2444 ex
796 2413 857 2443 hoc
873 2421 947 2442 sane
964 2421 1077 2452 genere
1100 2409 1214 2442 moechi
1236 2410 1358 2440 ducunt
1372 2407 1534 2450 originem.
1577 2405 1699 2438 Rursus

230 2481 427 2515 quaecunque.
442 2470 587 2502 mulieres
603 2469 735 2500 virorum
752 2466 877 2509 cupidae
903 2466 1097 2507 moechaeque
1123 2470 1206 2501 sunt,
1223 2465 1282 2496 hac
1304 2462 1399 2506 stirpe
1425 2466 1605 2495 nascuntur.
1628 2470 1700 2503 qum

228 2535 303 2559 vero
327 2525 470 2557 mulieres
492 2523 632 2555 mulieris
655 2533 726 2566 pars
748 2521 913 2558 exsistunt,
935 2519 1020 2550 haud
1044 2518 1174 2550 multum
1198 2518 1278 2550 viros
1293 2517 1485 2558 desiderant,
1500 2516 1555 2548 sed
1569 2515 1702 2547 feminas

232 2580 332 2623 magis
343 2579 514 2611 affectant:
537 2583 632 2622 atque
647 2578 721 2609 hinc
737 2576 873 2612 femiam,
890 2585 960 2617 quae
975 2574 1108 2606 feminas
1123 2572 1270 2615 cupiunt,
1285 2577 1469 2604 nascuntur.
1506 2569 1552 2602 At
1565 2580 1639 2602 vero
1648 2568 1703 2612 qui

232 2635 325 2668 maris
340 2634 443 2677 portio
459 2638 543 2671 sunt,
567 2642 666 2664 mares
682 2636 863 2674 sequuntur.
886 2635 919 2661 at
933 2630 1007 2660 dnm
1032 2628 1122 2670 pueri
1137 2632 1222 2666 sunt,
1247 2632 1360 2670 utpote
1375 2626 1430 2668 qui
1445 2624 1536 2657 maris
1551 2622 1704 2667 particula

233 2694 318 2727 sunt,
333 2688 417 2720 viros
432 2687 568 2729 diligunt
582 2687 781 2728 virorumque
803 2683 1012 2716 familiaritate
1033 2682 1159 2714 assidua
1174 2690 1403 2723 congressuque
1428 2679 1525 2722 [192]
1550 2678 1702 2721 gaudent-

234 2745 331 2787 hique
346 2747 421 2775 sunt
436 2753 599 2784 puerorum
612 2739 980 2781 adolescentulorumque
992 2737 1131 2769 omnium
1144 2735 1384 2779 generosissimi,
1395 2734 1515 2778 qnippe
1528 2732 1582 2776 qni
1593 2735 1704 2764 natura

235 2809 301 2842 prae
317 2798 428 2830 ceteris
444 2797 587 2828 omnibus
610 2801 683 2827 sunt
698 2794 812 2826 viriles.
855 2793 924 2825 Hos
947 2793 1075 2835 quidam
1099 2790 1279 2834 impudicos
1302 2790 1381 2822 falso
1405 2787 1578 2832 appellant.
1600 2796 1703 2829 nequo

235 2853 320 2886 enim
336 2851 533 2895 impudentia
547 2850 622 2888 ulla,
638 2850 692 2881 sed
710 2847 916 2892 generositate
931 2852 964 2879 et
978 2846 1163 2878 fortitudine
1178 2845 1314 2888 quadam
1337 2842 1475 2875 mascula
1489 2841 1632 2883 virilique
1647 2850 1706 2871 na·

236 2913 306 2940 tura
320 2907 381 2940 hoc
407 2910 527 2949 agunt:
550 2915 622 2937 nam
639 2904 731 2936 simili
747 2914 802 2935 suo
820 2902 1085 2946 congratulantur.
1130 2899 1236 2943 Hujus
1257 2899 1385 2931 evidens
1407 2901 1622 2939 argumentum
1645 2899 1706 2936 est,

238 2962 338 3005 quod,
361 2972 431 2994 cnm
446 2959 651 2998 adoleverint,
675 2959 732 2991 soli
747 2959 787 2990 ad
803 2958 926 2990 civilem
953 2954 1252 2988 administrationem
1278 2951 1431 2990 conversi,
1447 2951 1504 2982 viri
1524 2953 1706 2992 proestautes

242 3017 392 3059 evadunt,
406 3021 438 3048 et
453 3015 484 3048 in
501 3019 592 3047 aetate
608 3013 688 3046 virili
705 3013 868 3047 constituti
884 3012 969 3055 ipsos
984 3011 1200 3044 adolescentes
1214 3008 1373 3051 diligunt3
1391 3004 1705 3061 matrinioniumssvero
