1846 3268
169 275 263 329 149]
712 268 1084 311 PARMENIDES.
1546 277 1622 315 119

156 382 259 414 Estne
284 376 383 411 simile
409 375 611 410 dissimilibus
633 375 849 408 contrarium?
872 373 928 405 Est
954 384 1041 407 sane.
1074 372 1194 406 Nonne
1215 379 1247 406 et
1273 374 1375 417 ipsum
1405 376 1536 410 alterum
1559 381 1620 423 ipsi

163 435 289 469 eidem?
324 433 366 464 Et
380 432 476 463 istud.
508 430 729 462 Verumtamen
744 430 802 460 boc
824 428 916 459 etiam
938 428 1052 470 patuit,
1079 429 1166 470 quod
1188 428 1293 470 ipsum
1315 439 1410 460 unum
1433 431 1502 462 aliis
1527 432 1621 466 idern.

167 487 276 519 Patuit
289 487 394 528 plane.
417 483 580 517 Contraria
594 493 667 514 vero
686 481 789 524 passio
813 486 872 518 est,
895 491 962 513 esse
985 481 1054 513 aliis
1076 481 1172 520 idern,
1194 486 1227 514 et
1247 492 1316 514 esse
1338 483 1378 514 ab
1392 483 1462 515 aliis
1474 484 1618 520 alterum.

159 539 314 572 Nimium.
357 539 430 576 Qua
454 542 558 568 tamen
573 537 715 574 alterurn,
731 535 830 567 simile
845 535 1001 578 apparuit.
1032 535 1075 567 Et
1095 536 1168 569 hoc.
1204 536 1276 573 Qua
1296 536 1391 577 igitur
1405 537 1501 575 idem,
1526 539 1617 573 dissi-

156 593 234 625 mile
248 593 306 624 erit
319 591 490 624 secundum
504 590 684 632 passionem
701 589 884 621 contrariam
907 588 1063 630 passionis
1085 589 1185 631 illius,
1207 597 1286 631 (με
1300 589 1401 621 simile
1426 590 1553 625 fecerat.
1577 594 1619 625 si-

157 646 232 677 mile
246 651 350 677 autem
372 655 478 676 nonne
502 643 639 676 faciebat
661 643 767 685 ipsum
789 641 943 674 alterum?
975 642 1116 674 Prorsus.
1148 642 1258 684 Ipsum
1282 653 1357 684 ergo
1371 643 1455 676 idem
1469 645 1619 679 dissimile

155 699 287 730 reddet:
310 698 450 740 alioquin
464 698 563 739 ipsius
579 697 704 728 alterius
719 696 906 728 contrarium
920 696 1048 728 minime
1064 696 1133 728 erit.
1154 695 1310 738 Apparet.
1340 697 1388 728 Ex
1402 698 1440 729 iis
1454 699 1618 732 concludi—

155 756 216 788 tur,
229 761 323 783 unum
339 751 438 783 simile
454 755 549 792 atque
564 750 714 782 dissimile
735 749 804 781 aliis
819 760 887 781 esse
901 760 910 781 ε
933 759 997 792 qua
1011 760 1086 781 sane
1102 749 1244 786 alterum,
1259 749 1380 791 simile3
1404 761 1507 793 quave
1519 753 1616 792 idem,

154 805 315 838 dissimile.
335 805 457 846 Talem,
471 809 508 835 ut
521 804 657 845 videtur,
671 803 823 835 rationem
838 804 942 834 habet.
976 803 1020 834 Et
1040 804 1122 834 lianc
1136 814 1261 845 quoque
1276 804 1381 836 habet.
1410 805 1514 842 Quam
1527 807 1539 838 ?
1571 808 1617 840 Ut

153 869 218 901 qua
240 859 323 890 idem
347 868 473 900 passum
498 862 559 898 est,
584 868 649 888 non
670 857 805 888 alienum
829 857 870 888 sit
890 866 1040 898 passum:
1065 857 1091 887 si
1115 867 1180 888 non
1203 857 1339 888 alienum
1361 867 1487 899 passum
1511 860 1617 902 fuerit,

154 921 258 954 neque
272 911 419 943 dissimile
433 911 526 942 etiam
541 921 551 943 ς
575 910 602 941 si
625 921 690 941 non
706 910 869 946 dissimile,
886 914 992 947 restat,
1008 913 1044 940 ut
1060 909 1160 941 simile
1175 920 1184 942 τ
1208 911 1258 941 sin
1280 915 1386 942 autem
1407 912 1491 943 aliud
1512 924 1616 946 susce-

153 966 246 1008 perit,
271 971 305 997 et
328 965 466 997 alienum
475 976 488 995 τ
511 964 538 995 si
562 963 712 1001 alienum,
733 963 828 995 etiam
846 962 996 994 dissimile
1016 961 1068 996 sit.
1113 963 1196 995 Vere
1220 963 1310 996 dicis.
1354 964 1460 996 Unum
1482 977 1556 1008 ergo
1583 974 1617 1000 et

153 1019 228 1060 quia
242 1019 352 1051 ceteris
373 1019 471 1056 idem,
497 1022 531 1050 et
561 1017 635 1059 quia
664 1017 805 1054 alterum,
827 1017 1000 1048 secundum
1029 1017 1122 1048 ambo
1145 1018 1213 1049 haec
1242 1022 1276 1048 et
1302 1018 1475 1050 secundum
1504 1021 1614 1054 horum

152 1077 318 1115 utrumque
340 1072 439 1103 simile
468 1076 563 1114 atque
586 1070 737 1103 dissimile
761 1071 830 1102 aliis
854 1070 926 1102 erit.
959 1070 1112 1102 Maxime.
1144 1070 1261 1102 Nonne
1280 1075 1314 1102 et
1333 1071 1393 1102 sibi
1415 1072 1478 1114 ipsi
1500 1076 1612 1108 eodem

154 1125 261 1163 modo,
282 1125 436 1164 siquidem
459 1124 591 1156 alterum
615 1135 634 1156 a
655 1135 689 1156 se
709 1124 791 1167 ipso,
815 1129 848 1155 et
868 1124 927 1155 sibi
951 1123 1011 1166 ipsi
1034 1124 1119 1155 idern
1147 1124 1304 1166 apparuit,
1326 1127 1498 1159 secundum
1520 1131 1613 1162 ambo

152 1183 247 1220 atque
289 1183 454 1220 utrumque
485 1178 588 1209 simile
617 1178 732 1220 pariter
766 1182 862 1219 atque
908 1176 1060 1208 dissimile
1101 1177 1289 1219 apparebit?
1364 1178 1506 1212 Nimium
1555 1189 1614 1215 est.

154 1232 328 1263 Considera
351 1236 511 1273 praeterea,
534 1242 652 1273 quaeso,
677 1241 814 1272 quonam
837 1234 931 1272 pacto
957 1241 1055 1262 unum
1078 1231 1119 1261 ad
1139 1231 1343 1272 tangendum,
1377 1232 1428 1264 vel
1451 1244 1517 1266 non
1540 1240 1610 1268 tan-

152 1285 290 1326 gendum
319 1295 353 1316 se
375 1285 489 1326 ipsum,
518 1290 551 1316 et
574 1284 638 1316 alia
654 1295 722 1316 sese
747 1285 871 1316 habeat.
915 1283 1089 1316 Considero
1115 1284 1273 1326 equidem.
1317 1284 1426 1326 Ipsum
1455 1297 1552 1320 unum
1576 1290 1612 1322 in

149 1348 183 1369 se
207 1338 278 1380 ipso
298 1342 367 1369 toto
392 1347 460 1369 esse
485 1337 638 1370 constitit.
679 1338 794 1369 Probe.
837 1337 891 1369 An
912 1348 976 1368 non
999 1342 1033 1369 et
1070 1338 1104 1369 in
1128 1337 1198 1369 aliis
1228 1338 1350 1370 unum?
1406 1339 1449 1371 Et
1472 1340 1506 1372 in
1530 1342 1612 1376 aliis.

153 1392 318 1428 Quatenus
342 1391 437 1433 igitur
458 1392 491 1422 in
506 1391 588 1430 aliis,
611 1391 673 1423 alia
697 1391 818 1433 tangit:
842 1395 997 1432 quatenus
1021 1390 1054 1421 in
1085 1401 1119 1422 se
1143 1390 1226 1432 ipso,
1249 1395 1376 1433 tangere
1400 1393 1528 1434 quidem
1549 1396 1614 1428 alia.

150 1444 330 1486 impeditur,
353 1456 386 1476 se
400 1445 503 1487 ipsum
519 1455 590 1476 vero
605 1445 717 1486 tangit,
742 1455 812 1476 cum
827 1444 863 1476 in
877 1454 911 1475 se
935 1443 1005 1485 ipso
1030 1444 1083 1476 sit.
1116 1444 1270 1486 Apparet.
1310 1445 1381 1477 Hac
1405 1446 1514 1488 utique
1537 1449 1611 1481 rati.

150 1509 211 1530 oue
225 1509 322 1530 unum
337 1503 369 1530 et
390 1509 436 1536 se,
458 1504 490 1530 et
510 1499 571 1530 alia
586 1498 698 1540 tangit.
728 1498 857 1540 Tangit.
892 1498 979 1535 Quid
995 1508 1069 1529 vero
1093 1498 1132 1530 ad
1156 1499 1248 1529 brec?
1271 1508 1378 1531 nonne
1400 1501 1612 1544 quodcunque

149 1556 303 1583 tactorum
317 1552 436 1594 aliquid
453 1556 513 1592 est,
526 1562 624 1594 prope
639 1552 731 1589 illud,
745 1553 832 1594 quod
845 1557 1001 1584 iacturum
1023 1556 1083 1588 est,
1101 1551 1206 1593 jacere
1222 1556 1357 1594 oportet,
1369 1557 1467 1594 atque
1480 1564 1548 1586 eam
1564 1566 1613 1587 se-

149 1605 220 1636 dem
247 1615 412 1647 occupare,
437 1616 509 1647 quae
537 1605 676 1647 sequitur
699 1605 784 1636 illius
808 1605 929 1641 sedem.
953 1604 989 1635 in
1014 1615 1077 1645 qua
1102 1615 1173 1636 cum
1195 1604 1328 1645 primum
1350 1606 1455 1647 fuerit,
1479 1610 1613 1649 tanget?

149 1658 366 1691 Necessarium
390 1659 451 1690 hoc
475 1663 532 1690 est.
576 1658 656 1689 Ideo
680 1668 776 1689 unum
797 1669 937 1700 quoque,
963 1657 989 1688 si
1005 1668 1038 1689 se
1053 1663 1180 1699 tangere
1194 1658 1301 1700 debet,
1326 1659 1478 1691 continuo
1492 1666 1563 1702 post
1577 1672 1612 1694 se

146 1712 249 1753 ipsum
263 1717 383 1744 exstare
396 1716 534 1754 oportet,
547 1711 718 1753 proximam
733 1711 816 1748 loco,
842 1711 876 1742 in
900 1721 963 1752 quo
978 1711 1080 1752 ipsum
1095 1715 1154 1748 est,
1169 1711 1274 1743 sedem
1289 1721 1461 1754 occupans.
1506 1714 1612 1756 Opor-

149 1770 195 1797 tet
209 1764 348 1797 omnino.
393 1764 511 1796 Nonne
522 1775 630 1802 unum,
645 1765 673 1796 si
688 1765 752 1796 duo
767 1769 860 1805 esset,
875 1765 943 1796 haec
957 1764 1108 1805 efficeret,
1122 1769 1156 1796 et
1171 1765 1294 1796 duobus
1309 1765 1399 1796 simul
1414 1767 1448 1798 in
1463 1767 1541 1799 locis
1554 1780 1610 1801 ex-

150 1818 291 1849 sisteret:
316 1818 413 1861 [149]
437 1819 539 1850 donec
554 1829 626 1850 vero
643 1829 738 1850 unum
753 1824 813 1856 est,
827 1818 978 1849 minime?
1002 1817 1073 1856 Est,
1089 1822 1124 1849 ut
1138 1818 1228 1850 dicis.
1250 1818 1370 1850 Eadem
1385 1830 1458 1861 ergo
1473 1823 1609 1855 necessi-

148 1877 195 1903 tas
209 1872 315 1910 efficit,
330 1876 366 1903 ut
381 1882 476 1903 unum
491 1883 552 1904 nec
565 1872 629 1903 duo
645 1873 697 1910 sit,
721 1882 824 1914 neque
839 1882 907 1903 sese
923 1876 1043 1913 tangat.
1081 1871 1213 1903 Eadem.
1244 1871 1289 1903 At
1309 1871 1410 1904 nihilo
1431 1875 1529 1916 magis
1548 1875 1610 1908 alia

149 1930 267 1967 tanget.
291 1925 501 1962 Quamobrem
514 1926 525 1957 ?
549 1925 707 1963 Quoniam
722 1925 868 1966 diximus,
882 1926 969 1967 quod
984 1929 1140 1957 tacturum
1155 1925 1274 1966 aliquid
1290 1930 1348 1962 est,
1369 1936 1506 1958 seorsum
1523 1930 1609 1970 posi-

147 1983 225 2017 tum,
241 1979 412 2020 proximum
426 1979 487 2019 illi,
511 1981 598 2021 quod
614 1980 806 2021 tangendum
829 1984 890 2017 est,
910 1989 979 2011 esse
995 1984 1150 2021 oportere,
1175 1979 1301 2010 tertium
1317 1990 1388 2012 vero
1415 1986 1527 2023 praeter
1549 1983 1610 2015 ista

146 2033 363 2064 intermedium
379 2033 511 2063 nullum.
532 2033 627 2065 Vera.
653 2034 852 2075 Quapropter
867 2033 932 2064 duo
947 2033 1057 2065 saltem
1075 2033 1183 2064 adesse
1198 2038 1334 2075 oportet,
1349 2034 1472 2075 quoties
1486 2035 1609 2068 futurus

149 2091 197 2117 cst
212 2090 324 2117 tactus.
346 2086 491 2127 Oportet.
523 2086 580 2118 Sin
593 2091 697 2118 antem
713 2092 826 2128 praeter
841 2087 988 2118 terminos
1003 2087 1082 2118 duos
1101 2086 1224 2118 tertium
1239 2087 1388 2128 quiddam
1404 2088 1541 2120 medium
1556 2090 1606 2122 in·

147 2140 324 2178 tervenerit,
339 2140 397 2171 tria
411 2139 541 2182 quidem
558 2151 613 2182 per
626 2141 767 2172 ordinem
783 2142 1024 2183 subsequentur,
1047 2145 1148 2173 tactus
1170 2145 1274 2172 autem
1295 2141 1420 2182 gemini.
1465 2142 1607 2176 Prorsus,

147 2193 254 2235 Atque
265 2194 309 2225 ita
323 2204 445 2236 semper
457 2205 522 2225 uno
536 2196 673 2236 quodam
688 2195 827 2237 adjecto,
855 2206 935 2227 unus
951 2206 1076 2238 quoque
1098 2199 1198 2227 tactus
1219 2195 1376 2237 adjicitur.
1399 2207 1437 2227 ex
1452 2207 1516 2238 quo
1530 2207 1607 2228 con-

146 2246 252 2288 tingit,
269 2247 353 2288 ipsos
369 2252 469 2279 tactus
484 2258 504 2279 a
526 2258 722 2280 numerorum
744 2250 946 2281 multitudine
969 2260 1033 2280 uno
1055 2249 1253 2291 exsuperari:
1274 2254 1392 2291 quanto
1408 2250 1492 2282 enim
1508 2250 1607 2292 prima

148 2301 211 2332 duo
226 2305 327 2332 tactus
342 2301 427 2342 ipsos
441 2307 674 2343 exsuperarunt,
702 2303 745 2334 ita
760 2308 795 2333 ut
810 2303 899 2345 plura
914 2313 1053 2339 numero,
1077 2312 1172 2344 quarn
1188 2307 1290 2333 tactus
1305 2307 1421 2344 essent,
1445 2307 1533 2334 tanto
1548 2303 1606 2334 de·

144 2355 253 2396 inceps
277 2354 438 2386 universus
458 2366 605 2387 numems
630 2357 789 2388 universos
815 2362 917 2388 tactus
943 2356 1077 2388 excedit.
1122 2355 1247 2387 Etenim
1270 2356 1304 2387 in
1327 2361 1482 2398 posterum
1507 2367 1604 2387 unum

147 2407 239 2438 simul
254 2408 380 2439 additur
389 2418 531 2446 numeru,
546 2415 581 2441 et
593 2420 674 2442 unus
689 2415 791 2442 tactus
805 2410 940 2442 tactibus
956 2410 1031 2452 ipsis
1046 2409 1225 2451 apponitur.
1258 2408 1372 2441 Recte.
1410 2410 1499 2446 Quot
1513 2410 1606 2451 igitur

143 2471 192 2497 ea,
203 2471 274 2502 quae
289 2466 373 2498 sunt,
387 2472 515 2493 numero
532 2467 616 2500 sunt,
633 2464 765 2495 totidem
780 2474 902 2505 semper
917 2469 950 2494 et
964 2468 1078 2501 tactus,
1093 2473 1157 2494 uno
1173 2463 1336 2494 dumtaxat
1349 2467 1494 2503 excepto,
1516 2462 1601 2493 Vera

146 2514 295 2555 loqueris.
339 2515 450 2556 Itaque
473 2515 499 2546 si
519 2525 616 2547 unum
640 2521 722 2548 esset
746 2517 859 2554 solum,
886 2527 946 2548 nec
971 2526 1102 2557 usquam
1125 2516 1203 2553 duo,
1229 2520 1329 2547 tactus
1353 2526 1479 2557 quoque
1498 2515 1604 2547 nunus

144 2572 237 2599 esset.
261 2568 408 2604 Quonam
422 2569 540 2599 modo?
562 2569 720 2607 Diximus,
745 2580 817 2611 quae
834 2569 895 2600 alia
911 2574 984 2600 sunt
999 2569 1039 2600 ab
1054 2579 1130 2606 uno,
1151 2579 1211 2600 nec
1233 2579 1301 2600 esse
1322 2579 1431 2606 unum,
1457 2579 1515 2600 nec
1539 2578 1602 2600 uno

146 2621 239 2651 etiam
255 2620 452 2662 participare,
467 2622 569 2654 donec
584 2622 647 2654 alia
661 2623 734 2654 sint.
777 2623 934 2656 Diximus.
977 2622 1025 2653 Ex
1040 2622 1078 2653 iis
1092 2622 1268 2660 conficitur,
1294 2627 1330 2653 ut
1342 2632 1408 2654 non
1423 2622 1464 2654 sit
1477 2622 1512 2653 in
1533 2622 1602 2654 aliis

147 2684 292 2704 numerus
309 2684 401 2715 unus,
415 2674 534 2717 quippe
549 2686 621 2707 cum
635 2687 731 2708 unum
746 2677 809 2708 illis
824 2677 950 2708 minime
973 2676 1066 2708 adsit.
1111 2675 1278 2707 Enimvero
1299 2685 1362 2717 quo
1378 2680 1471 2717 pacto
1487 2675 1520 2706 id
1536 2675 1603 2706 fieri

145 2727 277 2768 posset?
322 2727 416 2759 Unde
431 2727 492 2759 alia
506 2719 651 2760 nee-sunt
665 2741 774 2771 unum,
794 2741 853 2762 nec
876 2731 952 2768 duo,
975 2739 1034 2761 nec
1056 2728 1118 2760 alio
1141 2728 1251 2771 quovis
1273 2738 1402 2760 numero
1425 2728 1601 2770 designata.

145 2779 222 2811 Non
237 2791 322 2812 sane.
343 2781 452 2822 Ipsum
466 2781 559 2823 igitur
573 2780 668 2813 urium
684 2783 879 2814 solummodo
893 2793 989 2814 unum
1005 2787 1064 2824 est,
1084 2782 1148 2814 duo
1169 2786 1273 2814 autem
1294 2792 1359 2813 non
1384 2785 1467 2814 sunt.
1511 2780 1601 2818 Non,

145 2838 181 2863 ut
195 2839 335 2876 apparet.
357 2834 400 2865 Et
414 2835 439 2865 si
454 2835 517 2866 duo
531 2846 595 2866 non
610 2841 695 2876 sunt,
709 2841 810 2868 tactus
824 2847 949 2879 quoque
965 2836 1068 2867 nullus
1083 2836 1150 2867 erit.
1170 2834 1298 2867 Nullus.
1332 2835 1415 2876 Ergo
1430 2844 1488 2866 nec
1503 2844 1600 2865 unum

145 2887 207 2918 alia
221 2888 332 2929 tangit,
356 2899 414 2921 nec
433 2889 487 2920 illa
507 2900 615 2926 unum,
632 2890 718 2920 nullo
742 2890 909 2922 exsistente
923 2895 1020 2922 tactu.
1049 2888 1127 2921 Non
1151 2899 1285 2932 prorsus.
1317 2888 1471 2920 Omnibus
1497 2886 1534 2918 iis
1558 2887 1599 2917 de

145 2940 258 2979 causis,
269 2952 366 2974 unum
382 2953 415 2974 se
429 2947 463 2974 ct
475 2942 537 2975 alia
551 2942 652 2985 tangit
668 2942 794 2985 pariter,
810 2948 841 2976 et
856 2954 919 2976 non
936 2943 1046 2985 tangit.
1079 2942 1130 2976 Sic
1146 2943 1277 2976 videtur·
1308 2941 1362 2974 An
1382 2946 1429 2973 est
1451 2944 1598 2981 praeterea
