1846 3268
240 316 323 355 424
837 314 1103 355 prm-oms
1605 318 1702 372 [220

244 419 391 462 loqueris.
413 431 487 463 ergo
504 422 633 463 posthac
648 420 782 452 invicem
797 421 1010 453 consultantes
1025 433 1164 464 agemus,
1177 423 1261 464 quod
1277 423 1417 466 utrisque
1427 429 1487 455 tam
1503 424 1535 456 in
1548 425 1597 457 his
1609 435 1704 468 quam

242 474 275 505 iu
291 475 402 506 ceteris
416 476 560 506 omnibus
576 475 708 506 maxime
723 475 950 507 conducturum
974 476 1163 518 putabimus.
1209 477 1290 509 Cum
1314 478 1380 509 haec
1401 478 1555 510 audissem
1570 484 1603 511 et
1617 479 1705 520 obje-

243 527 368 568 cissem,
381 529 468 570 quasi
492 529 600 570 jaculo
616 529 752 570 quodam
778 529 917 561 saucium
932 530 1119 568 existimavi,
1145 541 1333 574 surgensque
1359 542 1399 563 ne
1426 532 1552 563 verbum
1576 533 1704 574 quidem
1727 560 1730 563 ,

242 580 371 613 ulterius
387 583 473 624 loqui
489 582 613 624 permisi
629 594 636 613 :
660 587 693 614 et
717 583 802 614 hunc
825 583 983 620 amictum,
1012 594 1104 626 quem
1131 585 1255 622 videtis,
1279 585 1486 621 circumdans,
1511 585 1596 628 <erat
1621 586 1705 618 enim

241 634 358 678 hiems)
375 637 528 667 substrato
543 635 637 678 hujus
651 636 749 679 pallio
764 637 860 668 veteri
875 638 1003 669 recubui
1017 650 1026 669 ε
1050 643 1083 670 et
1097 638 1183 670 hisce
1197 639 1331 671 brachiis
1346 639 1469 671 felicem
1480 640 1564 671 hunc
1579 639 1704 682 sapien-

243 694 370 730 temque
395 690 491 721 virum
519 691 708 732 penitusque
731 690 906 722 mirandum
935 691 1109 734 amplexus,
1131 697 1255 724 noctem
1278 692 1323 724 sic
1339 698 1434 724 totam
1450 692 1566 735 quievi.
1612 693 1704 731 Haec,

241 743 318 781 scio,
334 753 398 774 non
414 745 556 786 negabis,
569 755 588 775 o
600 744 753 776 Socrates.
777 744 841 776 Iste
857 753 961 776 tamen
977 745 1118 783 sormam,
1132 756 1195 788 qna
1210 757 1269 788 ego
1285 746 1416 778 maxime
1431 746 1577 784 fidebam,
1589 747 1706 789 sprevit

243 797 371 829 omnino
387 797 550 830 ridiculam
566 799 760 841 superbeque
775 799 976 841 contempsit.
1020 799 1107 831 Deos
1121 810 1230 831 omnes
1245 799 1394 842 Deasque
1410 805 1518 838 testor,
1533 811 1552 830 o
1563 799 1704 842 judices,

240 851 333 893 (estis
348 851 431 883 enim
445 851 612 884 Socraticae
635 852 788 894 superbiae
800 851 944 896 judices)
969 864 1019 885 me
1034 864 1098 885 non
1114 853 1204 885 aliter
1223 854 1401 896 surrexisse,
1425 863 1462 886 ac
1485 853 1511 885 si
1526 864 1598 885 cum
1614 859 1703 896 patre

240 905 290 936 vel
305 905 397 945 fratre
411 910 487 937 natu
504 905 620 947 majore
631 906 810 948 jacuissem.
856 907 960 944 Quam
974 907 1050 939 mihi
1066 912 1200 939 mentem
1214 913 1287 950 post
1295 907 1366 939 baec
1380 907 1476 939 fuisse
1492 907 1618 949 putatis,
1630 918 1701 939 cum

241 969 291 990 me
305 959 432 1000 quidem
448 965 663 1001 contemptum
687 960 902 997 existimarem,
917 960 985 1002 ejus
1000 967 1103 993 autem
1120 961 1292 1004 ingenium,
1315 960 1552 1003 temperantiam
1569 966 1601 992 et
1614 961 1703 992 sorti-

241 1013 383 1044 tudinem
400 1013 576 1051 admirarer,
591 1014 688 1044 virum
705 1014 796 1045 talem
813 1020 934 1052 nactus,
949 1014 1072 1056 qualem
1096 1025 1147 1046 me
1161 1014 1329 1056 prudentia
1342 1019 1374 1046 et
1389 1014 1552 1046 tolerantia
1566 1019 1705 1056 repertu-

241 1077 307 1098 rum
324 1077 391 1098 esse
405 1067 525 1098 nulium
548 1067 738 1099 credideram
752 1068 763 1098 ?
809 1068 1011 1110 Quapropter
1025 1078 1088 1110 qua
1110 1068 1230 1100 ratione
1253 1068 1300 1099 illi
1314 1078 1525 1100 succenserem
1541 1069 1581 1100 ab
1601 1078 1704 1111 eoque

241 1120 450 1162 discederem,
467 1122 549 1152 haud
566 1121 762 1153 inveniebam
777 1133 787 1162 ;
809 1133 912 1164 neque
928 1133 1040 1160 rursus,
1056 1122 1332 1165 quibusillecebris
1344 1122 1448 1164 ipsum
1463 1122 1542 1154 mihi
1553 1122 1702 1155 coucilia-

240 1185 316 1207 rcm.
340 1185 485 1206 noveram
501 1175 647 1217 equidem
670 1176 827 1208 difficilius
841 1177 925 1208 hunc
942 1177 1083 1218 pecuniis
1097 1187 1190 1219 quam
1205 1175 1336 1218 Ajacem
1359 1177 1438 1208 ferro
1453 1177 1572 1207 domari
1587 1187 1678 1218 posse
1692 1189 1700 1208 ε

241 1235 274 1261 et
289 1229 334 1266 id,
349 1239 413 1270 quo
428 1229 550 1260 facilius
570 1229 683 1261 irretiri
704 1230 790 1261 illum
814 1241 1020 1273 speraveram,
1042 1241 1092 1262 me
1113 1231 1236 1262 fefellit.
1257 1231 1420 1273 ambiguus
1443 1230 1560 1272 itaque,
1577 1237 1609 1262 et
1630 1231 1704 1263 huie

239 1284 305 1315 viro
330 1285 428 1325 magis
443 1294 536 1326 quam
553 1283 631 1315 alius
651 1284 816 1326 quisquam
845 1285 933 1317 alteri
955 1285 1163 1327 mancipatus,
1185 1285 1447 1325 circumvagabar.
1493 1284 1572 1317 Haec
1598 1286 1703 1318 omnia

241 1342 318 1368 tunc
344 1348 362 1368 a
389 1348 437 1368 me
459 1338 543 1369 facta
564 1343 647 1370 sunt.
691 1338 888 1370 Procedente
914 1344 987 1381 post
1010 1339 1079 1371 haec
1101 1344 1242 1381 tempore
1265 1339 1375 1370 militia
1398 1338 1442 1370 illi
1456 1339 1546 1371 simul
1563 1339 1702 1382 mihique

241 1391 370 1422 obvenit
385 1392 531 1422 adversus
546 1391 732 1429 Potidaeam,
750 1392 926 1434 fuimusque
942 1394 1085 1425 Socrates
1100 1401 1133 1425 et
1154 1405 1213 1435 ego
1227 1394 1260 1425 in
1275 1405 1315 1425 eo
1337 1393 1473 1426 exercitu
1493 1395 1703 1426 contuberna-

242 1445 297 1477 les.
344 1444 484 1476 Primum
500 1445 627 1487 quidem
644 1446 781 1477 laborum
798 1446 950 1487 patientia
972 1457 1036 1478 non
1052 1458 1101 1478 me
1116 1448 1228 1485 solum,
1250 1448 1305 1479 sed
1321 1447 1400 1478 alios
1420 1457 1527 1479 omnes
1541 1448 1636 1490 longe
1650 1458 1702 1479 su·-

241 1499 370 1541 perabat
384 1511 391 1530 :
417 1504 450 1531 et
465 1500 490 1530 si
506 1510 569 1541 quo
585 1499 616 1530 in
633 1500 715 1538 loco,
739 1505 774 1531 ut
788 1500 930 1532 accidere
945 1500 1026 1532 solet
1039 1501 1073 1532 in
1091 1501 1185 1539 bello,
1212 1506 1404 1533 commeatus
1418 1501 1577 1539 deficeret,
1600 1502 1699 1544 [220]

240 1554 320 1585 nulli
336 1564 424 1596 pares
440 1554 512 1585 huic
534 1554 767 1595 reperiebantur
790 1555 829 1586 ad
853 1555 967 1586 famem
993 1556 1138 1597 sitimque
1165 1555 1391 1596 perferendam.
1434 1555 1557 1586 Rursus
1578 1556 1701 1587 veroin

239 1608 434 1639 abundantia
449 1618 548 1639 rerum
564 1613 596 1639 et
610 1610 837 1650 comessatione
852 1620 1023 1651 mensaque
1039 1598 1163 1641 militari
1178 1610 1261 1640 solus
1270 1610 1330 1641 iste
1339 1609 1398 1640 frui
1415 1620 1505 1651 posse
1515 1609 1679 1640 videbatur
1692 1620 1702 1642 t

239 1668 272 1693 ct
284 1662 425 1704 quamvis
441 1663 543 1694 bibere
558 1663 668 1703 nollet,
684 1667 801 1700 tamen,
816 1663 842 1694 si
857 1664 1038 1705 cogebatur,
1054 1674 1162 1695 omnes
1178 1664 1318 1706 protinus
1334 1663 1471 1695 bibendo
1487 1662 1582 1704 longe
1597 1662 1702 1694 vince-

241 1716 293 1746 bat
309 1728 316 1747 :
340 1722 382 1752 et,
400 1717 486 1758 quod
512 1717 651 1748 mirabile
667 1722 725 1754 est,
741 1718 859 1749 ebrium
883 1718 1046 1760 quisquam
1073 1729 1145 1749 eum
1161 1728 1320 1760 nunquam
1337 1717 1511 1760 conspexit.
1554 1717 1618 1749 Sed
1640 1717 1701 1748 hoc

240 1770 316 1800 mihi
332 1770 435 1801 adhuc
449 1770 481 1801 in
499 1776 656 1812 posterum
673 1771 813 1813 redargui
830 1782 920 1813 posse
936 1772 1081 1806 videtur„
1115 1772 1273 1803 Adversus
1288 1777 1391 1803 autem
1404 1772 1520 1804 hiemes
1529 1777 1564 1803 et
1577 1771 1702 1814 frigora,

239 1835 310 1866 quae
326 1824 386 1855 illis
402 1825 433 1855 in
450 1825 527 1856 locis
542 1826 710 1867 asperrima
724 1831 808 1864 sunt,
826 1826 978 1858 mirabilia
992 1827 1141 1858 faciebat.
1164 1827 1355 1869 quaudoque
1371 1827 1454 1859 enim
1470 1826 1541 1868 gelu
1566 1825 1700 1857 maximo

239 1878 492 1920 intolerabilique
503 1879 600 1917 sacto,
614 1880 660 1911 ita
676 1886 709 1911 ut
725 1880 802 1911 nulli
817 1881 900 1911 exire
915 1881 956 1912 de
971 1881 1180 1913 tabernaculis
1194 1882 1357 1916 auderent,
1379 1886 1422 1917 et,
1438 1879 1463 1912 si
1486 1879 1540 1923 qui
1563 1879 1704 1917 exibant,

239 1943 303 1964 non
316 1933 377 1964 nisi
392 1933 582 1965 suffarcinati
598 1934 780 1973 admodum,
796 1935 956 1977 pedesque
971 1940 1004 1966 et
1017 1946 1105 1967 crura
1120 1935 1254 1977 pellibus
1267 1935 1441 1977 pannisque
1456 1933 1553 1965 laneis
1568 1933 1702 1975 diligen=
1715 1944 1718 1946 ’

240 1992 287 2018 ter
301 1986 530 2024 circumvoluti,
546 1988 688 2020 Socrates
715 1999 771 2030 per
785 1989 844 2020 boc
860 1989 961 2031 ipsum
979 1995 1104 2031 tempus
1131 1990 1175 2020 ita
1190 1989 1295 2021 exibat
1316 1999 1387 2020 cum
1402 1988 1514 2020 ceteris
1539 1987 1702 2028 militibus,

240 2045 275 2071 ut
303 2040 380 2071 nihil
406 2041 446 2071 ad
472 2051 540 2072 eam
564 2047 683 2073 vestem
709 2042 906 2084 adjungeret,
932 2053 1025 2084 quam
1053 2043 1150 2084 primo
1175 2043 1253 2074 serre
1278 2042 1387 2073 solitus
1403 2046 1468 2072 erat
1481 2053 1490 2072 z
1512 2041 1606 2072 nudis
1627 2051 1700 2072 vero

238 2094 372 2136 pedibus
397 2105 454 2136 per
475 2095 607 2137 glaciem
633 2095 756 2128 facilius
780 2097 947 2128 incedebat
971 2106 1064 2139 quam
1091 2107 1161 2128 cum
1186 2094 1300 2128 calceis
1318 2095 1383 2127 alii.
1406 2093 1519 2126 milites
1538 2104 1611 2125 vero
1633 2094 1701 2125 haec

239 2149 398 2180 intuentes
414 2159 447 2180 se
463 2150 621 2180 contemni
636 2151 676 2180 ab
698 2161 736 2181 eo
759 2150 1006 2192 suspicabantur.
1051 2150 1093 2182 Et
1108 2151 1139 2182 in
1163 2150 1210 2181 his
1232 2149 1358 2192 quidem
1375 2148 1445 2180 talis
1459 2153 1526 2180 erat
1545 2148 1701 2180 Socrates·

240 2203 328 2240 Quid
344 2208 448 2234 autem
464 2203 573 2235 feccrit
587 2204 844 2236 tolerantissimus
859 2205 905 2235 vir
919 2205 952 2236 in
967 2206 1077 2236 eodem
1093 2205 1355 2246 exercitu,operae
1372 2202 1503 2245 pretium
1519 2206 1567 2233 est
1579 2201 1701 2233 audire.

240 2266 312 2287 nam
327 2267 397 2288 cum
425 2257 594 2298 aliquando
609 2258 759 2300 cogitatio
775 2259 919 2300 quaedam
943 2259 1114 2297 incidisset,
1137 2259 1225 2290 stetit
1240 2257 1382 2300 cogitans
1403 2257 1514 2288 eodem
1530 2255 1660 2298 vestigio
1683 2266 1702 2286 a

238 2310 393 2341 matutino
410 2316 570 2352 tempore:
594 2322 728 2353 cumque
752 2312 909 2354 explicare
935 2313 981 2354 id,
1004 2313 1090 2354 quod
1114 2312 1284 2354 cogitabat,
1299 2322 1362 2341 non
1383 2311 1518 2347 daretur,
1543 2309 1703 2352 perstabat

239 2364 383 2405 cogitans
398 2375 457 2396 nec
472 2364 671 2396 dimittebat:
695 2372 728 2397 et
738 2366 804 2408 jam
821 2366 965 2398 meridies
980 2372 1057 2403 erat,
1074 2366 1251 2408 militesque
1272 2365 1304 2396 id
1321 2369 1480 2396 senserant
1494 2373 1530 2395 ac
1546 2363 1700 2394 miraban-

239 2425 300 2459 tur,
315 2418 454 2460 alterque
471 2420 614 2450 narrabat
627 2419 715 2451 alteri
737 2420 896 2451 Socratem
912 2421 951 2451 ab
966 2430 1075 2452 aurora
1089 2420 1212 2451 stetisse
1226 2419 1428 2460 cogitantem.
1474 2417 1611 2448 Demum
1628 2427 1701 2448 vero

239 2473 279 2504 ab
295 2472 386 2503 Ionia
401 2473 528 2514 quidam
544 2473 669 2512 milites,
696 2484 767 2505 cum
782 2484 844 2504 nox
863 2473 931 2515 jam
953 2473 1138 2510 immineret,
1163 2473 1276 2505 coenati
1299 2473 1395 2514 prius,
1421 2471 1506 2515 (erat
1527 2471 1609 2503 enim
1625 2475 1702 2502 tune

240 2525 348 2568 aeatas)
365 2526 446 2558 circa
461 2538 532 2558 eum
549 2532 642 2558 strata
657 2532 829 2568 posuerunt
838 2526 1069 2569 jacueruntque
1085 2527 1143 2557 sub
1158 2527 1243 2563 divo,
1266 2526 1354 2556 illum
1369 2526 1579 2562 observantes,
1593 2535 1632 2555 an
1647 2534 1702 2566 per

238 2585 363 2612 noctem
378 2591 504 2623 quoque
520 2586 739 2623 perseveraret.
783 2581 926 2615 Socrates
941 2591 1013 2612 vero
1028 2581 1115 2612 stetit
1128 2591 1227 2622 usque
1250 2580 1289 2611 ad
1306 2589 1444 2611 auroram
1468 2583 1649 2621 sequentem
1664 2588 1702 2610 ac

238 2633 314 2665 solis
328 2639 468 2667 exortum
482 2646 490 2667 ε
516 2641 625 2676 postea
639 2645 712 2667 vero
727 2635 816 2673 abiit,
831 2645 901 2667 cum
911 2634 979 2677 jam
996 2635 1090 2666 solem
1106 2639 1284 2667 nascentem
1301 2633 1506 2666 salutavisset.
1529 2631 1568 2664 In
1585 2631 1702 2675 proeliis

238 2697 365 2729 quoque
380 2687 479 2730 qualis
493 2688 597 2725 fucrit,
613 2699 676 2720 non
686 2694 737 2720 est
751 2689 876 2720 silentio
891 2689 1153 2730 praetereundum.
1176 2698 1247 2719 nam
1258 2698 1328 2719 eum
1341 2698 1378 2719 ea
1391 2688 1498 2729 pugna
1507 2686 1578 2724 fuit,
1590 2696 1628 2718 ex
1637 2696 1702 2728 qua

238 2750 290 2772 me
304 2741 393 2783 quasi
409 2741 561 2784 optimum
578 2747 781 2784 pugnatorem
797 2743 893 2777 duces
909 2742 1060 2774 exercitus
1074 2743 1282 2780 donaverunt,
1303 2751 1395 2773 nemo
1411 2741 1490 2772 alius
1505 2750 1555 2772 me
1569 2739 1703 2772 servarit

237 2805 330 2837 quam
347 2795 501 2827 Socrates.
522 2796 633 2827 videns
649 2796 732 2827 enim
748 2806 798 2828 me
813 2796 946 2839 graviter
958 2796 1165 2833 vulneratum,
1180 2806 1378 2838 nequaquam
1392 2794 1544 2836 deseruit,
1557 2793 1612 2825 sed
1627 2797 1702 2824 aute

238 2859 289 2880 me
301 2848 469 2891 prosiliens
485 2859 534 2880 me
549 2849 652 2891 ipsum
674 2855 768 2893 atque
783 2860 867 2882 arma
882 2861 951 2882 mea
968 2850 1102 2892 protexit
1124 2851 1164 2882 ab
1179 2850 1383 2892 hostibusque
1405 2847 1548 2880 servavit.
1591 2845 1701 2893 Atque

238 2912 297 2945 ego
314 2908 389 2938 tunc
403 2903 465 2935 ista
480 2903 652 2945 praedicans
668 2910 799 2936 conatus
814 2915 895 2943 sum,
910 2910 946 2936 ut
961 2915 1024 2936 non
1041 2904 1128 2942 mibi,
1144 2905 1198 2936 sed
1218 2903 1338 2936 Socrati
1354 2902 1438 2945 huic,
1453 2913 1471 2934 a
1484 2911 1547 2944 quo
1563 2904 1702 2932 servatus

236 2967 332 2994 eram,
348 2957 434 2988 doua
447 2956 501 2988 illa
517 2957 720 2991 traderentur.
745 2969 849 3001 neque
871 2959 931 2990 ista
946 2958 1167 2996 confutaveris,
1190 2968 1292 3000 neque
1315 2956 1411 2989 veluti
1433 2955 1511 2987 salsa
1526 2953 1700 2997 negaveris,

237 3010 390 3044 Socrates.
411 3010 502 3044 Tunc
515 3021 588 3043 saue
605 3012 712 3052 duces,
727 3013 765 3045 ad
783 3023 881 3045 meam
898 3013 1098 3055 respicientes
1113 3011 1311 3054 dignitatem,
1323 3011 1439 3043 donare
1450 3019 1498 3042 me
1514 3007 1701 3045 maluerunt,
