1846 3268
718 699 1202 752 POLITICU
1233 701 1284 750 S.

380 998 628 1038 socRATES,
651 995 945 1034 Tnssononus,
969 995 1151 1034 nospes
1174 994 1404 1028 soanTEs
1427 994 1596 1028 MINOR.

263 1275 361 1319 [25⁷]
385 1274 552 1316 Ingentem
568 1273 638 1310 tibi,
664 1282 683 1302 o
698 1270 876 1309 Theodore,
893 1270 1021 1312 gratiam
1051 1270 1167 1311 debeo,
1193 1269 1279 1310 quod
1304 1269 1501 1303 Tlreaetetum
1515 1276 1556 1304 et
1578 1272 1734 1315 hospitem

262 1332 348 1363 hunc
364 1329 506 1361 Eleatem
522 1333 614 1359 notos
629 1326 705 1358 mihi
733 1325 856 1357 seceris.
899 1325 1011 1356 Tneo.
1033 1324 1173 1365 Triplam
1197 1323 1277 1354 forte
1294 1324 1369 1356 mihi
1384 1325 1528 1368 debebis,
1543 1336 1562 1357 o
1577 1325 1735 1363 Socrates,

264 1389 431 1428 postquam
457 1383 583 1415 civilem
613 1381 669 1412 tibi
691 1380 849 1411 hominem
876 1384 908 1411 et
934 1379 1156 1420 philosophum
1183 1378 1492 1420 circumscripserint.
1537 1379 1594 1413 So.
1617 1379 1668 1412 An
1690 1380 1737 1412 ita

263 1439 404 1472 dicemus
419 1447 500 1478 esse,
516 1429 694 1472 Theodoro,
710 1435 796 1476 quod
813 1445 847 1465 ex
867 1444 905 1465 eo
929 1432 1150 1473 audiverimus,
1172 1431 1227 1473 qui
1253 1432 1285 1462 in
1301 1434 1472 1474 geometria
1491 1433 1737 1476 computationi-

264 1494 385 1535 busque
402 1490 579 1534 praecellit?
623 1489 733 1520 Tnno.
757 1489 832 1526 Quo
848 1492 955 1529 pacto,
982 1498 1000 1518 ο
1028 1486 1196 1518 Socrates?
1242 1485 1299 1518 So.
1323 1487 1419 1524 Quod
1446 1486 1599 1519 videlicet
1622 1497 1737 1518 unum-

264 1557 422 1590 quemque
436 1545 596 1576 hominum
613 1542 756 1585 ejusdem
772 1553 839 1573 esse
856 1541 947 1583 pretii
964 1540 1170 1582 posuerimus,
1186 1541 1241 1582 qui
1253 1545 1358 1572 tamen
1369 1541 1488 1574 honore
1503 1541 1626 1583 longius
1641 1551 1736 1584 quam

264 1601 437 1634 secundum
454 1597 722 1641 comparationem
738 1601 869 1627 vestram
884 1595 964 1626 inter
978 1605 1011 1626 se
1026 1595 1157 1627 distant.
1180 1595 1230 1626 Tu
1238 1605 1292 1627 Eo.
1316 1595 1418 1633 Bene,
1433 1606 1453 1627 o
1468 1595 1626 1637 Socrates,
1642 1600 1738 1638 atque

261 1657 348 1699 juste
365 1665 420 1697 per
434 1653 540 1686 Deum
555 1657 694 1684 nostrum
719 1650 908 1682 Ammonem
932 1649 1080 1691 loqueris,
1108 1660 1145 1681 ac
1168 1649 1344 1681 memoriter
1367 1650 1537 1681 admodum
1551 1660 1682 1682 errorem
1704 1649 1738 1681 in

266 1709 480 1752 computando
497 1717 601 1739 meum
618 1704 693 1738 mihi
710 1715 794 1736 nunc
811 1703 956 1746 objecisti
970 1715 980 1743 ;
995 1714 1091 1746 quare
1107 1703 1258 1745 deinceps
1274 1707 1304 1734 te
1321 1714 1376 1745 pro
1391 1703 1459 1735 istis
1474 1704 1580 1736 adibo.
1603 1703 1650 1736 Te
1664 1713 1738 1736 vero

265 1774 362 1801 nunc,
373 1763 512 1805 Hospes,
523 1771 564 1792 ne
575 1760 683 1802 pigeat
696 1759 786 1790 nobis
803 1758 981 1801 gratificari,
994 1758 1090 1789 immo
1105 1762 1176 1799 post
1187 1757 1254 1789 haec
1267 1768 1321 1789 seu
1332 1757 1456 1797 civilem
1470 1757 1627 1793 hominem
1641 1757 1738 1799 prius,

266 1819 331 1850 sive
344 1816 566 1860 philosophum
579 1814 681 1857 eligis,
697 1814 832 1846 electum
848 1813 999 1844 describe.
1024 1812 1133 1844 Hosru
1150 1811 1202 1844 Sic
1214 1812 1383 1854 agendum,
1399 1816 1435 1842 ut
1439 1811 1545 1854 jubes,
1559 1811 1740 1850 Theodore,

267 1878 435 1915 postquam
451 1869 544 1901 semel
561 1868 697 1911 aggressi
713 1878 830 1905 sumus,
855 1877 959 1909 neque
981 1866 1066 1908 prius
1083 1876 1175 1908 quam
1192 1866 1232 1897 ad
1248 1865 1367 1897 calcem
1383 1865 1625 1908 pervenerimus,
1640 1866 1742 1897 desis-

267 1926 410 1957 tendum.
455 1924 574 1956 Verum
590 1922 667 1965 quid
694 1932 768 1965 erga
792 1921 990 1952 Theaetetum
1018 1921 1102 1952 hunc
1125 1931 1215 1962 agere
1241 1920 1358 1951 decet?
1403 1919 1514 1951 Tneo.
1538 1919 1611 1957 Qua
1625 1920 1666 1951 de
1681 1919 1739 1951 re?

269 1980 379 2012 How.
401 1977 557 2020 Nunquid
585 1977 778 2019 requiescere
799 1976 889 2007 illurn
909 1975 976 2017 jam
1000 1974 1205 2012 dimittemus,
1229 1973 1361 2016 ejusque
1376 1974 1445 2006 loco
1462 1974 1622 2006 Socratem
1637 1973 1743 2011 istum,

268 2038 444 2067 consortem
459 2033 493 2064 in
509 2031 711 2064 exercitando
727 2041 830 2071 suum,
845 2029 1058 2070 accipiemus?
1106 2028 1192 2066 Quid
1220 2028 1384 2060 consulis?
1426 2027 1538 2059 Taso.
1562 2027 1609 2059 Ut
1630 2028 1740 2059 Socra-

269 2093 332 2120 tem
349 2097 497 2119 assumaS.
522 2097 594 2117 nam
617 2095 688 2117 cum
710 2084 846 2127 juvenes
868 2083 993 2125 utrique
1017 2082 1091 2120 sint,
1114 2093 1222 2114 omnes
1247 2082 1367 2113 labores
1391 2081 1485 2113 facile
1500 2081 1668 2123 praesertim
1687 2091 1743 2123 per

269 2141 530 2174 intermissionem
545 2140 657 2171 ferent.
703 2139 759 2170 So.
783 2138 884 2180 Atqui
899 2137 1035 2179 utrique,
1051 2136 1187 2178 Hospes,
1204 2135 1330 2177 cognati
1342 2135 1574 2178 quodammodo
1585 2134 1662 2166 mihi
1673 2145 1741 2166 esse

272 2197 429 2229 videntur.
473 2194 668 2226 Theaetetum
684 2193 812 2236 quidem
828 2203 882 2223 vos
898 2192 997 2233 figura
1010 2191 1114 2222 vultus
1130 2190 1205 2222 mihi
1220 2189 1412 2222 consimilem
1425 2188 1586 2231 judicatis.
1623 2188 1744 2220 Socrati

274 2262 401 2295 quoque
417 2250 507 2282 istius
531 2249 629 2291 [258]
653 2257 768 2279 nomen
785 2257 856 2278 cum
880 2246 964 2278 idern
979 2245 1020 2276 sit
1042 2256 1080 2277 ac
1097 2244 1456 2289 meumhcognationem
1479 2243 1636 2285 quandam
1651 2242 1745 2274 nobis

273 2311 413 2338 mutuam
438 2305 567 2345 praebet.
611 2302 718 2334 Decet
743 2306 848 2333 autem
871 2311 928 2332 nos
950 2305 1061 2331 natura
1083 2300 1218 2341 quadam
1239 2298 1416 2331 consimiles
1431 2297 1567 2330 vicissim
1593 2296 1743 2328 sermoni-

275 2362 334 2392 bus
348 2368 528 2402 agnoscere.
575 2357 656 2389 Cum
679 2356 842 2388 Theaeteto
858 2354 986 2398 quidem
1002 2354 1068 2386 heri
1084 2354 1275 2395 disputando
1292 2351 1439 2389 conveni,
1454 2356 1488 2383 et
1507 2350 1602 2382 hodie
1626 2342 1744 2392 hospiti

274 2414 350 2446 huic
365 2413 609 2455 respondentem
623 2410 741 2443 audivi.
766 2421 837 2442 cum
861 2410 988 2441 Socrate
1003 2419 1077 2439 vero
1093 2412 1235 2439 neutrum
1258 2407 1362 2438 adhuc
1377 2411 1481 2438 actum
1507 2410 1565 2437 est.
1608 2405 1744 2447 Oportet

275 2471 381 2500 autem
397 2472 429 2498 et
440 2467 524 2498 hunc
534 2466 723 2498 examinare.
747 2464 822 2495 mihi
836 2474 910 2495 sane
922 2463 1011 2500 alias,
1023 2462 1081 2493 tibi
1092 2472 1175 2493 nunc
1185 2461 1384 2503 respondeat.
1409 2460 1517 2492 Hose.
1540 2459 1592 2491 Sic
1603 2469 1743 2501 agemus,

274 2521 460 2553 oSocrates.
495 2519 599 2551 Audis
609 2518 790 2551 Socratem?
825 2518 881 2550 So.
906 2528 987 2550 mm.
1012 2515 1132 2549 Audio.
1164 2515 1272 2548 Hosr.
1296 2514 1466 2546 Assentiris
1478 2513 1545 2546 illi?
1577 2514 1633 2545 So.
1658 2523 1741 2544 nun.

277 2575 452 2607 Assentior.
498 2574 606 2606 Hosxn
632 2574 795 2611 Quantum
811 2572 906 2615 igitur
918 2572 958 2603 ad
975 2575 1006 2603 te
1021 2570 1145 2608 attinet,
1162 2569 1239 2601 nihil
1255 2569 1412 2611 prohibet,
1428 2579 1491 2610 quo
1507 2567 1609 2599 minus
1624 2566 1741 2599 edisse-

274 2639 388 2661 ramus.
411 2629 575 2670 multoque
590 2627 693 2659 minus
709 2626 935 2669 impedimento
951 2623 1157 2668 disputationi
1172 2623 1246 2656 huic
1261 2634 1330 2654 esse
1344 2633 1392 2654 me
1408 2623 1511 2654 decet.
1547 2621 1634 2659 Quin
1649 2620 1744 2652 immo

275 2688 350 2726 post
373 2683 475 2725 ipsum
503 2682 683 2724 Sophistam
709 2680 918 2712 necessarium
943 2690 1010 2712 esse
1035 2679 1171 2717 videtur,
1194 2682 1231 2709 ut
1253 2677 1375 2710 civilem
1400 2676 1498 2708 virum
1510 2675 1746 2717 investigemus.

277 2737 454 2779 Responde
468 2736 587 2777 itaque,
610 2735 724 2767 Utrum
746 2735 832 2767 hunc
853 2736 887 2766 in
903 2745 1033 2771 eorum,.
1046 2733 1101 2775 qui
1117 2733 1251 2767 scientes
1273 2732 1433 2768 dicuntur,
1458 2739 1620 2762 numerum
1636 2727 1747 2760 referre

276 2791 413 2823 deceat?
458 2790 514 2821 So.
533 2800 612 2820 mm.
637 2790 754 2822 Decet.
800 2789 907 2821 Hose.
932 2789 1015 2831 Ergo
1025 2788 1172 2820 scientias
1186 2786 1291 2829 partiri
1305 2786 1467 2823 debemus,
1480 2782 1743 2826 quemadmodum

273 2847 307 2878 in
322 2844 470 2888 Sophista
484 2845 654 2886 quaerendo
670 2844 811 2876 fecimus.
858 2844 914 2876 So.
941 2853 1019 2875 mm.
1043 2842 1147 2875 Forte.
1193 2842 1298 2873 Hosr.
1322 2840 1398 2872 Non
1424 2844 1528 2870 tamen
1549 2837 1658 2869 eadem
1674 2847 1746 2879 par-

278 2899 378 2931 tiendi
393 2898 481 2930 ratio.
528 2897 584 2930 So.
610 2908 690 2930 mm.
716 2898 801 2930 Non.
848 2898 955 2930 HosP.
979 2897 1041 2929 Sed
1063 2896 1137 2928 alia.
1182 2896 1237 2928 So.
1263 2906 1346 2927 um.
1370 2893 1455 2925 Alia.
1501 2891 1608 2923 Hosr.
1633 2890 1747 2923 Diver-

277 2953 408 2986 ticulum
434 2952 540 2995 itaque
566 2951 668 2984 civilis
694 2953 833 2984 scientim
861 2953 988 2984 ubinam
1014 2951 1228 2994 reperiemus?
1252 2948 1392 2980 invenire
1412 2945 1532 2988 quippe
1554 2949 1691 2988 oportet,
1715 2950 1748 2976 et

278 3008 346 3040 aliis
358 3006 503 3040 omnibus
517 3006 698 3049 segregatis,
712 3006 813 3039 ideam
829 3006 858 3039 ci
876 3017 968 3039 unam
986 3005 1156 3049 praefigere,
1172 3004 1302 3047 aliisque
1315 3002 1406 3035 aliam
1424 3011 1516 3033 unam
1532 2999 1667 3043 speciem
1683 3010 1690 3030 ι
1714 3004 1746 3030 et
