1846 3268
184 264 262 307 166
376 260 383 271 ’
643 263 869 304 INCERTI
897 263 1173 305 AUCTORIS
1542 269 1637 323 [371

181 367 279 409 paulo
295 371 368 410 post
381 367 491 401 addit:

356 456 421 478 non
437 445 513 477 mihi
525 450 666 478 versutus
682 446 816 487 posthac
832 445 979 478 suadebit
993 445 1118 490 Ulixes,

355 510 420 532 non
435 499 671 542 Agamemnon,
685 499 831 542 Trojanis
845 500 987 532 insistere
1001 501 1100 536 terris.

354 555 409 586 sed
425 565 492 586 cras
507 555 575 596 ipse
590 554 611 586 J
613 554 664 585 ovi
678 553 869 597 reliquisque
885 554 942 586 ubi
957 565 1044 586 sacra
1059 565 1168 598 parato

353 608 518 647 coelicolis,
533 619 629 640 curvo
641 609 791 641 collectas
807 609 898 640 litore
912 619 1008 640 naves

353 663 387 695 in
401 674 484 695 mare
496 664 663 705 deducam,
681 664 778 705 prima
793 674 870 706 quas
885 664 956 695 luce
971 663 1094 696 videbis

351 728 427 750 nare
443 729 498 760 per
512 718 807 760 Hellespontiacum
824 728 907 749 mare
920 718 1060 760 piscibus
1072 723 1193 760 aptum.

354 771 390 804 in
405 772 519 815 quibus
534 772 677 814 aspicies,
692 772 803 814 cupias
818 773 912 804 modo
929 771 1040 813 visere,
1054 773 1150 805 fortes

353 827 548 869 edoctusque
563 826 644 858 viros
657 828 749 858 remis
763 826 956 858 incumbere.
980 837 1053 858 narn
1069 827 1096 858 si

352 880 524 923 Neptunus
539 881 642 912 ventis
656 880 801 922 implebit
817 880 887 912 vela
901 881 1063 919 secundis,

352 935 444 966 tertia
458 935 614 977 frugiferis
629 935 755 966 Phthiae
771 935 823 966 lux
839 934 929 966 sistet
941 934 975 966 in
992 935 1064 966 oris.

175 1009 262 1042 *Item
276 1020 370 1054 supra
384 1011 532 1043 adversus
546 1010 816 1053 Agamemnonem
829 1010 960 1053 jurgans
975 1011 1034 1053 ait,

351 1087 484 1120 navibus
498 1098 573 1120 ecce
588 1088 716 1119 domum
732 1087 840 1130 nigris,
855 1087 931 1130 quia
942 1092 1083 1130 praestat,
1098 1087 1194 1120 abibo

350 1142 387 1174 in
402 1142 534 1185 patriam
551 1142 711 1180 Phthiam,
727 1152 830 1184 neque
846 1141 930 1173 enim
945 1152 1033 1173 mens
1047 1147 1149 1184 optat,
1162 1147 1198 1174 ut
1211 1142 1262 1175 hic
1279 1148 1310 1175 te

351 1195 472 1229 divitiis
483 1196 632 1240 repleam,
643 1195 758 1228 validis
772 1195 922 1239 inglorius
937 1196 1039 1230 armis.

178 1271 260 1304 Haec
273 1271 369 1310 satus,
384 1278 450 1303 tum
475 1283 578 1304 coram
602 1273 690 1305 omni
713 1271 863 1310 exercitu,
878 1277 944 1304 turn
967 1273 1008 1304 ad
1024 1272 1094 1315 ejus
1110 1273 1240 1311 amicos,
1266 1284 1422 1317 nusquam
1444 1280 1576 1318 apparet
1597 1275 1649 1309 vel

178 1336 212 1358 se
227 1326 268 1358 ad
282 1336 362 1368 opus
377 1327 554 1368 accingere,
569 1327 618 1359 vel
633 1337 728 1359 naves
743 1328 875 1365 trahere,
890 1332 926 1358 ut
941 1328 1068 1358 domum
1085 1338 1260 1359 reversurus
1274 1339 1282 1359 ι
1305 1328 1400 1360 immo
1414 1339 1523 1371 parum
1537 1331 1650 1362 admo-

177 1380 254 1412 dum
266 1390 384 1419 curare,
401 1385 436 1411 ut
449 1390 522 1412 vera
535 1380 597 1412 sint
612 1391 683 1423 quae
697 1381 845 1423 loquitur.
890 1380 1059 1423 Equidem,
1076 1381 1208 1424 Hippia,
1224 1382 1264 1413 ab
1278 1382 1371 1414 initio
1387 1388 1419 1415 te
1433 1384 1553 1426 rogavi,
1574 1395 1647 1417 cum

177 1433 380 1476 ambigerem,
395 1439 465 1466 uter
478 1436 589 1467 horum
602 1436 688 1478 apud
703 1435 832 1478 poetam
847 1436 1046 1478 praestantior
1071 1436 1234 1479 habeatur,
1260 1442 1466 1480 putaremque
1481 1444 1648 1482 utrumque

175 1488 277 1519 virum
292 1488 446 1531 optimum
462 1500 542 1528 esse,
557 1495 591 1521 et
614 1489 742 1522 difficile
767 1490 911 1532 cognitu,
937 1495 1006 1522 uter
1021 1491 1132 1521 horum
1147 1491 1281 1522 excellat
1303 1491 1401 1533 magis
1425 1493 1591 1525 mendacio
1615 1498 1649 1525 et

175 1541 305 1574 veritate
316 1543 441 1585 aliaque
455 1544 579 1576 virtute.
601 1544 695 1576 ambo
710 1544 795 1575 enim
811 1545 842 1575 in
858 1545 919 1576 hoc
934 1554 1027 1586 quam
1050 1544 1182 1586 proximi
1208 1550 1292 1576 sunt.
1336 1545 1419 1577 Hrr.
1441 1546 1538 1578 Haud
1562 1553 1648 1580 recte

176 1597 339 1634 discernis,
354 1608 374 1629 o
387 1589 543 1631 Socrates}
565 1609 639 1630 narn
654 1609 724 1640 quae
737 1597 885 1630 mentitur
899 1598 1051 1635 Achilles,
1067 1609 1131 1630 non
1147 1609 1185 1631 ex
1201 1599 1335 1638 insidiis,
1350 1600 1405 1631 sed
1419 1600 1536 1632 invitus
1550 1611 1646 1644 prop·

176 1656 224 1683 ter
237 1651 390 1684 exercitus
404 1663 512 1684 casum
527 1653 651 1684 mentiri
665 1653 789 1684 videtur
804 1658 934 1685 coactus
949 1658 1063 1685 restare
1078 1658 1173 1695 atque
1189 1664 1365 1686 succurrere
1380 1665 1388 1685 ε
1411 1654 1521 1686 Ulixes
1541 1661 1646 1688 autem

176 1711 292 1748 sponte
320 1717 358 1739 ac
381 1707 466 1739 dolo.
513 1708 569 1740 So.
591 1707 725 1750 Decipis
753 1718 816 1748 me,
845 1708 1003 1739 carissime
1034 1707 1167 1750 Hippia,
1194 1708 1325 1750 ipseque
1349 1708 1480 1740 imitaris
1507 1709 1646 1744 Ulixem.

171 1759 255 1792 ΗΠ».
277 1761 413 1793 Minime
445 1762 553 1804 [3⁷1]
576 1762 728 1800 omnium,
754 1762 910 1794 Socrates.
941 1762 1094 1804 quidnam
1118 1762 1197 1794 dic-is
1213 1763 1225 1794 ?
1257 1767 1290 1794 et
1314 1773 1378 1805 qua
1399 1763 1519 1796 ratione
1532 1764 1544 1796 ?
1589 1764 1646 1797 So.

174 1814 336 1853 Quoniam
351 1815 510 1848 Achillem
525 1817 572 1848 ais
586 1827 649 1848 non
661 1828 698 1848 ex
713 1816 834 1848 insidiis
849 1817 971 1848 mentiri
984 1827 994 1849 z
1018 1817 1074 1858 qui
1089 1827 1188 1859 usque
1203 1817 1284 1848 adeo
1299 1817 1445 1849 seductor
1457 1822 1535 1856 erat,
1550 1823 1645 1862 atque

173 1868 340 1900 insidiator
353 1874 467 1912 praeter
480 1871 580 1912 ipsam
591 1870 793 1913 jactantiam,
807 1871 889 1902 sicut
903 1871 994 1912 fingit
1011 1871 1178 1909 Homerus,
1193 1876 1230 1902 ut
1245 1876 1334 1902 tanto
1351 1877 1433 1903 esset
1446 1871 1542 1904 Ulixe
1556 1873 1645 1904 calli-

172 1922 254 1966 dior,
263 1928 301 1954 ut
314 1924 375 1966 ipsi
390 1925 559 1955 vanitatem
575 1925 783 1956 absconderet
803 1935 903 1965 suam,
922 1926 996 1956 dum
1023 1935 1127 1957 eoram
1155 1935 1193 1956 eo
1217 1925 1373 1956 contraria
1395 1925 1455 1956 sibi
1479 1925 1543 1968 ipsi
1557 1926 1644 1969 loqui

172 1978 315 2020 auderet,
331 1978 520 2021 Ulixemque
545 1979 672 2011 celaret.
716 1979 874 2016 Quocirca
889 1979 1037 2010 adversus
1052 1989 1123 2010 eum
1139 1978 1218 2010 nihil
1243 1978 1357 2011 inferre
1373 1979 1497 2011 videtur
1524 1979 1643 2020 Ulixes,

171 2036 286 2073 utpote
300 2033 353 2074 qui
366 2033 563 2065 mendacium
578 2043 643 2064 non
658 2033 803 2066 advertit.
849 2033 933 2066 Hir.
959 2033 1114 2070 Quaenam
1129 2032 1190 2064 ista
1211 2033 1304 2071 dicis,
1329 2043 1348 2064 o
1375 2033 1541 2066 Socrates?
1586 2035 1645 2067 So.

171 2084 298 2124 Nescis,
314 2087 400 2129 quod
417 2088 457 2118 ad
471 2087 595 2120 Ulixem
610 2087 716 2129 inquit
739 2087 839 2129 prima
865 2087 936 2119 luce
962 2097 995 2118 se
1013 2087 1238 2119 discessurum:
1265 2088 1305 2119 ad
1330 2086 1465 2130 Ajacem
1479 2098 1553 2120 vero
1577 2099 1642 2121 non

169 2139 226 2180 ita,
238 2141 292 2173 sed
309 2140 422 2174 aliter?
467 2141 549 2174 ΗΠ».
573 2141 735 2174 Ubinam?
780 2141 836 2174 So.
859 2141 921 2173 His
934 2141 969 2173 in
984 2141 1186 2179 carminibus,

345 2219 406 2251 diri
421 2219 508 2251 nulla
523 2220 607 2262 prius
621 2219 697 2252 belli
711 2231 760 2252 me
773 2230 847 2252 cura
861 2219 994 2261 tenebit,

343 2274 484 2306 Hectora
498 2285 591 2317 qnam
607 2274 724 2306 Priami
738 2279 846 2306 natum
862 2274 984 2310 venisse
999 2273 1057 2306 sub
1073 2274 1178 2316 armis,

343 2328 587 2371 Myrmidonum
602 2339 709 2367 naves,
725 2329 858 2360 tentoria
874 2329 980 2371 longa,
998 2333 1169 2370 petentem,

343 2383 485 2425 audiero,
500 2389 622 2425 premat
636 2383 771 2426 Argivos
787 2384 840 2426 qui
855 2383 960 2415 Marte
976 2384 1134 2420 subactos,

344 2438 463 2480 quique
476 2443 558 2470 rates
573 2438 678 2480 ignem
694 2439 832 2481 posthaec
843 2437 1001 2480 jaculetur
1016 2438 1048 2468 in
1064 2438 1160 2479 ipsas.

344 2490 482 2523 Hectora
494 2502 630 2535 namque
643 2503 726 2524 meas
741 2503 836 2525 naves
850 2498 905 2524 aut
919 2498 1019 2524 castra
1034 2492 1189 2524 furentem

341 2546 426 2578 haud
443 2557 510 2579 reor
525 2557 671 2579 ausurum
682 2548 781 2580 dubio
797 2548 978 2590 contingere
994 2547 1088 2579 bello.

168 2623 222 2656 An
237 2633 358 2666 censes,
373 2622 509 2666 Hippia,
525 2634 624 2667 usque
639 2625 719 2656 adeo
741 2625 926 2657 obliviosum
942 2625 1038 2657 fuisse
1053 2624 1197 2656 Thetidis
1222 2624 1333 2662 filium,
1359 2635 1377 2655 a
1393 2623 1530 2656 Chirone
1554 2623 1639 2668 sapi-

170 2677 331 2710 entissimo
346 2678 514 2716 eruditum,
530 2683 576 2715 ut,
602 2689 673 2710 cum
699 2685 792 2711 antea
807 2690 904 2711 vanos
930 2680 1014 2722 ipsos
1030 2679 1194 2722 variosque
1216 2678 1387 2720 jactatores
1401 2677 1638 2716 effulminasset,

170 2732 240 2775 ipse
255 2732 420 2764 confestim
436 2732 521 2764 Ulixi
536 2733 678 2775 quidem,
693 2735 782 2776 quasi
798 2734 846 2766 sui
862 2735 962 2777 ipsius
978 2735 1105 2772 oblitus,
1119 2733 1232 2765 dixerit
1246 2733 1463 2776 navigaturum
1479 2742 1524 2770 se,
1540 2731 1638 2774 Ajaci

168 2797 242 2818 vero
259 2791 540 2818 commoraturum:
566 2789 671 2829 potius
687 2800 780 2832 quarn
803 2789 979 2831 insidiatus,
1004 2800 1075 2821 cum
1100 2789 1224 2821 Ulixem
1245 2792 1450 2831 cognosceret
1470 2786 1637 2826 seniorem,

170 2841 456 2883 commentitiisque
473 2841 729 2874 machinamentis
744 2848 778 2874 et
792 2843 874 2875 dolis
890 2853 922 2874 se
938 2843 1032 2885 longe
1059 2843 1290 2885 potentiorem?
1336 2841 1418 2873 Hrr’.
1439 2840 1535 2872 Haud
1560 2841 1636 2873 dolo

170 2896 285 2927 dixisse
295 2895 354 2927 ista
366 2895 440 2926 mihi
456 2895 578 2926 videtur
595 2895 748 2938 Achilles,
758 2897 852 2928 immo
868 2897 937 2939 ipsa
952 2897 1155 2939 simplicitate
1171 2897 1261 2928 aliter
1275 2905 1451 2939 persuasus,
1465 2894 1634 2927 alitercum

166 2950 194 2982 A
195 2949 269 2992 jace
283 2960 376 2993 quam
393 2960 462 2982 cum
478 2949 572 2982 Ulixe
588 2950 683 2982 fuisse
699 2951 834 2984 locutus.
879 2950 989 2984 Ulixes
1005 2956 1122 2990 autem,
1146 2961 1202 2983 seu
1217 2961 1289 2982 vera
1304 2950 1368 2981 sive
1384 2950 1462 2981 falsa
1477 2949 1635 2991 loquatur,

136 2997 141 2999 “
169 3015 290 3048 semper
311 3004 439 3037 insidias
464 3005 575 3039 tendit.
622 3005 677 3038 So.
701 3006 819 3039 Melior
842 3017 927 3050 crgo,
953 3011 987 3039 ut
1013 3005 1146 3044 videtur,
1168 3010 1217 3037 est
1242 3004 1352 3038 Ulixes
1372 3003 1508 3038 Achille.
1552 3003 1636 3044 Hir.
