1846 3268
227 258 309 304 212
838 252 1106 295 PLAToms
1444 288 1447 290 .
1479 290 1482 293 .
1604 253 1702 310 [403

228 371 305 404 ergo
321 359 408 398 milii,
425 357 616 402 cupiditates
631 357 676 390 ais
692 366 756 389 non
771 368 840 389 esse
855 357 1096 395 coiircendas,si
1110 356 1180 399 quis
1195 361 1286 400 optet
1299 367 1368 390 esse
1378 356 1461 395 talis,
1474 356 1601 400 qualem
1610 366 1703 401 opon-

230 419 279 447 tet
292 416 382 447 esse?
405 415 501 446 immo
517 413 776 456 permittendum,
796 412 866 447 illas
886 423 1083 454 summopere
1107 412 1215 454 augeri
1229 424 1237 444 z
1263 416 1357 454 atque
1372 422 1478 444 earum
1493 411 1705 455 expletionem

231 469 362 507 aliunde
376 467 646 509 comparandam?
671 467 766 507 idque
789 465 835 497 ais
850 476 919 497 esse
932 466 1075 503 virtutem
1092 466 1103 497 ?
1148 466 1234 498 Car..
1259 466 1322 498 Aio
1334 466 1492 508 equidem.
1535 466 1589 499 So.
1612 466 1646 498 Si
1661 466 1707 500 ita

229 529 325 560 esset,
342 534 406 554 non
423 528 505 554 recte
520 521 699 560 diceremur
723 520 808 551 beati
833 530 915 557 esse,
929 520 983 562 qui
1006 520 1123 551 nullius
1145 521 1321 562 indigeant.
1367 520 1519 562 Alioquin
1537 515 1706 562 lapides‘et

231 577 346 609 mortui
361 576 532 608 felicissimi
545 576 659 608 forent.
703 573 918 614 Veruntamen
931 578 965 605 et
975 574 1043 610 illa,
1059 585 1152 616 quam
1169 580 1202 605 tu
1219 574 1309 612 dicis,
1327 575 1426 616 gravis
1441 582 1491 606 est
1502 574 1577 606 vita.
1602 585 1706 617 neque

231 631 408 668 admirarer,
435 630 461 660 si
476 629 509 660 in
525 640 564 661 eo
579 639 650 660 vera
666 629 753 661 dicat
776 628 945 669 Euripides
960 628 1084 668 dicens,
1101 629 1184 665 Quis
1205 629 1307 666 novit,
1322 632 1430 666 utrum
1453 629 1559 661 vivere
1581 629 1708 670 quidem

231 685 313 717 mori
326 685 385 724 sit,
396 684 478 716 mori
492 687 598 719 autem
609 683 739 721 vivere?
759 688 793 713 et
808 693 891 714 nunc
906 683 987 715 forte
1003 693 1035 713 re
1049 693 1122 720 vera
1137 682 1248 714 mortui
1261 694 1378 716 sumus.
1401 682 1508 713 audivi
1518 682 1586 724 jam
1609 682 1706 725 [493]

231 739 380 780 equidem
397 749 416 769 a
431 738 575 779 sapiente
592 737 742 779 quodam,
758 747 816 768 nos
829 747 914 768 nunc
929 742 1065 771 mortuos
1078 748 1157 774 esse,
1168 747 1343 778 corpusque
1355 742 1492 774 nostrum
1508 737 1707 778 sepulchrum

231 803 301 825 esse
317 792 431 825 nobis:
454 796 637 834 partemque
652 791 739 831 illam
756 790 881 827 animae,
896 790 929 821 in
945 801 1007 832 qua
1023 791 1212 832 cupiditates
1227 797 1312 828 sunt,
1329 791 1458 832 perinde
1473 801 1506 826 se
1522 791 1648 827 habere,
1670 799 1708 827 ac

233 847 259 879 si
274 847 497 889 persuadendo
514 845 716 887 vicissimque
732 845 946 876 dissuadendo
962 855 1079 875 sursum
1095 845 1303 886 deorsumque
1324 844 1471 886 agitetur.
1515 843 1629 885 Itaque
1643 843 1708 875 elev

233 911 311 942 gans
327 896 456 942 quidam
477 899 534 936 vir,
565 899 690 930 Siculus
714 899 846 930 fortasse
863 898 911 930 vel
927 898 1039 935 Italus,
1057 899 1086 929 in
1103 898 1151 929 his
1166 899 1400 936 confabulatus,
1420 899 1502 930 hanc
1525 897 1622 929 animi
1637 907 1709 939 par-

234 960 311 992 tern,
328 959 456 996 propter
470 953 647 985 suasionem
663 951 945 994 credulitatemque
961 953 1111 994 lubricam
1128 952 1270 983 alludens
1285 952 1417 989 nomini,
1428 952 1549 983 dolium
1565 951 1708 993 appellas

232 1009 279 1041 vit
293 1021 300 1040 z
325 1009 488 1040 dementes
503 1018 588 1047 vero,
604 1006 753 1049 profanos
773 1011 868 1048 atque
884 1008 1061 1045 damnatos.
1106 1006 1226 1046 Horum
1242 1011 1346 1045 autem
1362 1006 1442 1037 hanc
1465 1005 1560 1036 animi
1575 1010 1708 1046 partem,

231 1074 304 1106 quae
320 1061 503 1103 libidinibus
517 1061 664 1103 agitatur,
681 1066 829 1103 tanquam
847 1060 967 1096 sutilem
985 1061 1026 1091 ob
1042 1061 1301 1095 incontinentiam
1322 1058 1555 1101 inexplebilem,
1571 1058 1710 1100 perfora-

233 1123 301 1149 tum
318 1128 385 1149 esse
401 1117 522 1148 dolium
538 1111 654 1158 inquit.
700 1115 914 1154 Quamobrem
930 1115 981 1146 hic
996 1114 1053 1152 vir,
1066 1125 1085 1146 o
1101 1114 1261 1151 Callicles,
1275 1114 1462 1155 contrarium
1476 1113 1535 1152 tibi
1547 1112 1709 1144 ostendit:

233 1182 340 1204 eorum
356 1171 411 1213 qui
433 1171 519 1212 apud
548 1171 695 1201 obscuros
711 1174 785 1200 sunt
814 1168 942 1210 inferos,
957 1179 1012 1199 eos
1037 1179 1105 1200 esse
1128 1168 1325 1206 miserrimos,
1340 1167 1396 1210 qui
1412 1172 1562 1208 tanquam
1578 1165 1708 1197 omnino

232 1225 357 1268 profani
381 1225 522 1264 damnati
547 1229 632 1261 sunt,
647 1227 741 1265 atque
760 1233 872 1266 aquam
895 1223 930 1254 in
945 1233 998 1254 vas
1023 1222 1215 1264 perforatum
1239 1233 1311 1255 curn
1336 1223 1399 1254 alio
1423 1222 1519 1254 etiam
1545 1220 1703 1263 perforato

233 1290 308 1312 vase
323 1279 448 1315 inferre.
492 1278 569 1310 Esse
585 1282 689 1309 autern
717 1278 777 1309 hoc
802 1277 888 1308 aliud
906 1287 960 1308 ras
985 1276 1050 1312 sive
1078 1276 1253 1314 cribellum,
1276 1282 1312 1318 ut
1326 1276 1495 1314 dicebatis
1510 1274 1566 1317 qui
1581 1285 1631 1306 rue
1646 1274 1706 1311 doe

232 1333 312 1371 cuit,
324 1333 518 1374 dementium
533 1331 681 1364 animum.
693 1342 787 1374 quem
805 1332 876 1370 ideo
895 1331 1050 1373 perforato
1064 1331 1128 1367 vasi
1141 1331 1425 1373 assimilavit,quod
1439 1333 1566 1372 propter
1575 1328 1709 1364 infidam

236 1387 439 1420 affectionem
455 1385 710 1428 oblivionemque
738 1391 876 1428 nequeat
901 1385 1038 1426 infusum
1062 1385 1184 1427 aliquid
1207 1385 1379 1417 continere.
1425 1384 1628 1418 Videbuntur
1640 1382 1710 1414 haec

236 1442 333 1482 alicui
348 1441 584 1484 quodammodo
599 1440 697 1480 mira:
723 1441 939 1479 demonstrant
962 1445 1066 1471 tamen
1093 1440 1125 1471 id
1153 1440 1239 1482 quod
1265 1450 1324 1481 ego
1344 1439 1430 1477 volo,
1455 1438 1482 1477 si
1505 1447 1567 1480 qua
1587 1436 1710 1476 ratione

234 1497 356 1539 yaleam
373 1496 559 1539 persuadere
574 1495 644 1536 tibi,
661 1500 696 1526 ut
710 1506 767 1537 pro
783 1494 964 1536 inexplebili
980 1499 1013 1526 et
1028 1494 1236 1534 incontinenti
1248 1494 1344 1525 vitam
1366 1493 1555 1533 moderatam
1573 1499 1709 1533 praesens

237 1551 386 1593 tibusque
401 1560 525 1592 semper
538 1554 719 1593 contentam
734 1549 824 1580 rebus
839 1549 948 1590 eligas.
994 1548 1058 1583 Sed
1074 1553 1175 1579 utrum
1201 1558 1255 1589 per
1281 1548 1360 1579 hanc
1375 1547 1433 1586 tibi
1448 1545 1566 1588 aliquid
1582 1553 1711 1587 persnas

238 1605 313 1650 deo,
329 1609 424 1647 atque
439 1609 472 1645 tu
490 1608 609 1642 mutata
624 1603 781 1642 sententia
799 1603 951 1641 beatiores
976 1602 1031 1644 qui
1055 1607 1226 1644 temperate
1242 1602 1360 1640 vivant,
1375 1611 1468 1643 quam
1484 1600 1540 1642 qui
1554 1599 1711 1640 intempe-

236 1663 315 1700 rate,
332 1658 448 1701 putas?
471 1669 511 1689 an
537 1657 617 1696 nibil
644 1657 787 1700 proficio,
803 1663 897 1698 atque
926 1656 1002 1700 licet
1028 1656 1126 1696 multa
1150 1655 1243 1696 simili
1270 1655 1390 1686 ratione
1404 1651 1711 1691 confabuler,niltil0

238 1713 339 1756 magis
355 1723 388 1744 es
404 1712 593 1753 sententiam
616 1710 813 1750 mutaturus?
860 1711 948 1742 Cn..
972 1710 1057 1747 Hoc,
1074 1721 1093 1741 o
1119 1709 1274 1747 Socrates,
1288 1709 1388 1743 verius
1413 1707 1614 1750 subjunaisti.
1657 1706 1712 1749 So,

237 1765 400 1809 Agedum,
428 1766 484 1798 tibi
510 1765 750 1798 similitudinem
775 1763 914 1806 aliquam
945 1775 983 1796 ex
1014 1765 1126 1796 eodem
1153 1764 1318 1807 gymnasio
1344 1764 1513 1805 adducam.
1555 1761 1714 1802 Attende,

237 1826 342 1864 utrum
357 1820 488 1863 perinde
504 1829 632 1861 censeas
648 1820 689 1850 de
704 1819 865 1860 utriusque
882 1818 960 1860 vita,
976 1818 1141 1860 temperati
1163 1818 1284 1857 scilicet
1299 1822 1393 1860 atque
1407 1815 1620 1860 intemperati,
1634 1825 1671 1848 ac
1686 1814 1714 1852 εἰ

239 1872 300 1906 viri
325 1875 389 1905 duo
417 1873 516 1917 multa
541 1874 693 1905 haberent
708 1883 793 1914 vasa,
817 1877 851 1904 et
874 1873 953 1904 alter
978 1873 1106 1914 quidem
1128 1873 1249 1915 integra
1267 1877 1363 1914 atque
1387 1871 1494 1913 plena,
1509 1870 1621 1913 partim
1635 1869 1714 1908 vini.

239 1928 354 1974 partim
371 1928 483 1965 mellis,
499 1927 611 1973 partim
627 1926 728 1966 lactis,
745 1927 870 1969 aliaque
886 1926 1028 1969 similiter
1050 1927 1203 1958 aliorum:
1228 1926 1291 1963 sint
1304 1936 1377 1957 vero
1391 1924 1507 1967 singuli
1522 1924 1555 1955 hi
1578 1923 1716 1965 liquores

240 1983 300 2026 rari
315 1982 443 2025 quidem
458 1986 491 2013 et
505 1981 634 2025 inventu
651 1981 793 2013 difficiles
809 1981 979 2023 multisque
995 1986 1028 2019 et
1043 1981 1186 2023 gravibus
1202 1980 1358 2012 laboribus
1369 1978 1552 2021 comparati.
1597 1977 1629 2009 Is
1640 1987 1715 2019 ergo

239 2036 290 2069 cui
307 2036 404 2079 plena
418 2040 491 2072 sunt
507 2045 590 2073 vasa,
605 2035 684 2067 nihil
707 2035 967 2078 superinfundere
981 2036 1109 2066 omnino
1125 2039 1233 2077 curet:
1257 2035 1312 2065 sed
1334 2039 1485 2076 quantum
1501 2033 1541 2064 ad
1556 2032 1624 2064 haec
1638 2031 1712 2063 atti-

241 2096 310 2128 net,
325 2089 464 2132 quietem
481 2094 566 2132 agat.
609 2089 713 2120 Alteri
728 2099 801 2121 vero
826 2089 962 2132 liquores
987 2089 1048 2120 sint
1074 2089 1340 2131 quemadmodum
1354 2088 1456 2129 alteri,
1471 2087 1524 2130 qui
1540 2084 1715 2128 comparari

241 2144 385 2189 quidem,
400 2143 455 2175 sed
473 2149 576 2175 tamen
592 2154 664 2176 cum
689 2143 873 2182 difficultate
895 2144 1037 2186 possint:
1063 2154 1136 2180 vasa
1150 2154 1222 2175 vero
1242 2142 1399 2186 perforata
1423 2147 1518 2185 atque
1541 2141 1652 2183 fracta,
1681 2145 1718 2172 ut

242 2198 296 2248 die
311 2203 467 2241 nocteque
482 2198 697 2231 continueilla
718 2198 816 2241 [494]
841 2198 972 2240 implere
994 2202 1134 2240 cogatur,
1150 2203 1204 2229 aut
1225 2197 1368 2229 extremis
1395 2196 1546 2229 molestiis
1565 2196 1714 2238 agitetur.

243 2263 316 2285 curn
341 2252 412 2284 talis
437 2253 532 2294 igitur
558 2253 600 2284 sit
617 2253 778 2295 utriusque
798 2253 877 2289 vita,
898 2253 985 2287 aisne
1001 2253 1095 2291 vitam
1119 2252 1317 2294 intemperati
1337 2251 1508 2290 beatiorem
1529 2260 1597 2282 esse
1620 2259 1716 2292 quam

243 2307 434 2350 =temperati?
483 2306 535 2338 An
548 2307 721 2348 persuadeo
737 2307 794 2338 tibi
810 2307 857 2348 bis
872 2307 984 2344 verbis,
1000 2311 1036 2342 ut
1050 2307 1145 2338 vitam
1160 2306 1296 2349 hominis
1308 2304 1460 2342 moderati
1472 2303 1631 2338 meliorem
1645 2313 1716 2339 esse

244 2371 340 2404 quam
360 2360 559 2404 immoderati
582 2361 763 2397 concedas?
785 2361 834 2403 vel
855 2362 995 2402 nondum
1022 2361 1218 2404 persuadeo?
1264 2360 1350 2397 Car..
1373 2359 1596 2402 Nequaquam,
1610 2369 1631 2390 o
1655 2357 1715 2394 So,-

244 2419 357 2457 crates.
402 2411 486 2454 Nam
511 2415 559 2458 illi
581 2415 632 2447 cui
647 2416 743 2458 plena
758 2420 832 2447 sunt
847 2415 964 2457 omnia,
976 2415 1065 2456 nulla
1080 2415 1215 2458 amplius
1229 2419 1277 2447 est
1292 2414 1459 2456 voluptas:
1483 2413 1551 2453 sed,
1565 2412 1717 2455 quemad·

244 2468 374 2513 niodum
390 2469 484 2511 modo
501 2469 657 2507 dicebam,
672 2470 762 2512 quasi
777 2470 858 2512 lapis
874 2470 962 2508 vivit,
978 2475 1142 2513 postquam
1157 2470 1253 2502 semel
1269 2468 1464 2511 impleverit;
1485 2477 1590 2510 neque
1602 2466 1718 2510 volup,-

244 2525 343 2562 tatem
358 2523 454 2554 sentit
471 2523 607 2566 amplius
622 2534 725 2567 neque
741 2524 927 2566 molestiam.
949 2525 1086 2563 dulcedo
1107 2530 1214 2556 autem
1229 2524 1302 2555 vitae
1328 2524 1360 2555 in
1381 2522 1480 2554 multa
1503 2521 1718 2564 continuaque

244 2574 403 2617 infusione
427 2576 582 2611 consistit.
628 2577 686 2616 So*-
709 2578 764 2610 An
785 2590 850 2611 non
875 2590 1005 2615 necesse
1030 2585 1090 2618 est,
1103 2579 1129 2611 si
1146 2580 1276 2611 multum
1294 2578 1418 2616 influat,
1433 2577 1565 2610 multum
1581 2575 1718 2609 vicissim

245 2627 399 2674 effluere?
423 2631 550 2673 lataque
575 2632 704 2673 effluxui
729 2639 837 2675 patere
861 2633 1034 2666 foramina?
1080 2633 1166 2667 Cat..
1189 2633 1332 2665 Prorsus.
1375 2632 1434 2664 So.
1464 2629 1629 2665 Charadrii
1651 2629 1719 2663 avis

245 2685 269 2719 ἱ.
294 2696 324 2718 e.
358 2685 515 2727 voraginis
539 2686 704 2728 cujusdam
726 2679 761 2730 tu
788 2698 891 2721 rursus
905 2689 1000 2721 vitam
1024 2689 1125 2728 dicis3
1148 2699 1214 2719 non
1239 2693 1343 2719 autem
1373 2685 1487 2718 mortui
1515 2690 1574 2722 aut
1591 2683 1719 2727 lapidis.

247 2738 356 2781 Atque
371 2739 446 2770 mihi
463 2741 632 2782 responde,
648 2752 722 2772 num
737 2742 800 2773 tale
815 2742 934 2785 aliquid
951 2743 1049 2780 dicas,
1065 2743 1152 2774 velut
1173 2742 1288 2774 esurire
1303 2746 1398 2783 atque
1413 2739 1598 2772 esurientem
1613 2748 1720 2770 come·

248 2793 346 2825 dere?
402 2793 489 2826 Cn„
513 2794 596 2826 Dico
614 2796 782 2838 equidem.
838 2797 894 2829 So.
917 2797 960 2829 Et
988 2797 1072 2829 sitire
1100 2797 1323 2839 sitientemque
1351 2794 1480 2832 bibere?
1524 2793 1611 2826 Cu..
1633 2791 1718 2824 Dico

247 2847 395 2889 equidem
409 2858 418 2880 ε
445 2853 540 2891 atque
555 2849 683 2892 reliquis
698 2850 841 2884 similiter
856 2852 1083 2894 cupiditatibus
1099 2852 1247 2885 affectum
1263 2861 1342 2889 esse,
1358 2849 1548 2892 explereque
1562 2857 1616 2880 eas
1627 2857 1719 2888 posse

249 2910 320 2933 cum
337 2901 512 2945 voluptate,
530 2903 654 2935 beatam
681 2914 749 2936 esse
765 2905 860 2936 vitam
887 2906 1016 2937 affirmo.
1061 2906 1117 2938 So.
1143 2905 1244 2948 Euge,
1260 2904 1394 2936 virorum
1413 2902 1544 2945 optime,
1559 2911 1667 2945 Perge·
1680 2906 1717 2935 ΙΙ*

232 2954 371 2999 ,οωρίεῖί
385 2966 397 2997 ;
420 2966 479 2989 nec
494 2961 525 2988 te
541 2957 671 3000 pudeat.
697 2963 822 3001 oportet
837 2964 954 2998 autem,
970 2964 1005 2990 ut
1020 2959 1155 2998 videtur,
1171 2969 1220 2991 rue
1233 2968 1358 3001 quoque
1369 2957 1489 3001 pudore
1501 2966 1566 2988 non
1573 2955 1718 2990 detineri·
