1846 3268
199 274 296 326 222]
770 271 1101 313 CONV1V1UM.
1588 281 1669 319 425

200 386 231 412 te
246 381 279 412 in
296 381 414 423 primis,
430 392 448 413 o
465 381 618 417 Socrates,
646 380 839 422 obsecrante,
863 387 898 411 ut
924 381 1012 418 mihi,
1035 391 1097 412 non
1122 381 1191 420 tibi,
1215 382 1316 414 honor
1331 383 1536 417 exhiberetur.
1581 385 1667 417 Illud

197 447 325 478 quoque
338 436 468 478 dignum
484 441 532 468 est
545 439 728 472 memoratu,
744 436 1006 476 quemadmodum
1023 436 1099 478 fuga
1115 441 1287 468 nostrorum
1303 438 1387 479 apud
1414 437 1512 482 [221]
1535 438 1667 472 Delium

199 491 282 523 faeta
307 501 341 522 se
364 490 507 522 Socrates
530 489 636 532 gessit.
660 499 732 520 nam
758 489 886 521 interfui
913 500 1040 532 quoque
1066 491 1140 522 huic
1166 490 1288 532 proelio,
1313 496 1347 522 et
1370 492 1497 534 quidem
1525 502 1562 524 ex
1584 504 1668 535 equo

200 551 356 588 pugnans,
371 555 441 577 cum
468 545 610 576 Socrates
636 544 704 586 ipse
730 544 827 586 pedes
842 549 934 576 esset.
981 544 1159 586 Profligatis
1187 544 1284 587 igitur
1308 546 1421 577 nostris
1445 556 1482 578 ac
1507 546 1581 589 fuga
1600 546 1668 588 jam

199 599 336 630 omnium
351 599 446 636 facta,
461 599 604 630 Socrates
617 609 682 630 una
706 603 739 629 et
753 598 876 630 Laches
899 599 1013 640 pedem
1036 599 1223 631 referebant.
1247 604 1342 641 atque
1365 611 1436 642 ego,
1459 610 1531 632 cum
1554 601 1588 632 in
1610 601 1668 632 hos

196 662 272 684 casn
288 651 480 689 incidissem,
495 652 579 684 bono
594 652 698 684 animo
712 663 780 684 esse
791 651 884 693 jussi,
900 663 1014 694 meque
1030 663 1189 695 nunquam
1205 654 1399 685 deserturum
1415 665 1469 686 eos
1485 655 1562 687 dixi.
1605 654 1668 687 Hic

198 706 294 749 igitur
307 717 347 738 eo
362 707 472 738 melius
499 707 638 749 aspicere
654 707 745 749 potui
760 707 919 739 Socratem
942 717 1036 749 quam
1052 707 1137 749 apud
1162 706 1351 745 Potidaeam,
1371 718 1435 749 quo
1449 708 1517 751 ipse
1533 709 1670 740 confisus

197 771 282 804 equo
296 761 398 792 minus
424 761 639 794 fonnidabam.
685 761 826 793 Primum
840 760 881 802 igi
888 765 937 791 tur
952 760 1068 793 intueri
1090 761 1217 803 licebat,
1241 766 1360 802 quanta
1376 762 1521 793 cautione
1537 773 1573 803 ac
1589 762 1671 805 praess

197 815 281 846 senti
293 815 398 846 animo
414 814 551 847 Lachem
567 820 727 857 superaret
741 826 748 846 ε
766 814 882 846 deinde
899 814 976 845 mihi
991 814 1077 847 visus
1092 819 1152 853 est,
1168 825 1187 846 ο
1206 813 1446 857 Aristophanes,
1457 815 1542 857 quod
1555 815 1671 858 etipse

198 869 261 905 ais,
270 868 314 900 ibi
329 879 393 900 non
409 869 500 901 aliter
512 880 605 912 quarn
621 869 674 902 hic
685 869 830 901 incedere
844 869 1007 911 superbus,
1018 874 1052 901 et
1063 869 1162 901 oculis
1173 869 1279 912 quiete
1291 869 1395 900 omnia
1408 869 1670 908 circumlustrans,

198 928 354 965 cauteque
367 924 547 955 examinans
562 923 698 965 singula.
723 925 828 955 hostes
851 923 1006 966 siquidem
1027 924 1174 966 civesque
1197 924 1333 955 vicissim
1358 923 1555 966 respiciebat,
1570 923 1670 956 oculis

197 982 230 1008 et
241 981 368 1019 aspectu
383 978 549 1020 praeserens
561 978 794 1020 ostendensque
806 979 856 1010 vel
869 978 1097 1020 remotioribus,
1110 979 1135 1009 si
1150 978 1220 1020 quis
1235 988 1307 1009 eum
1322 978 1463 1016 invadat,
1478 988 1542 1009 non
1559 988 1625 1009 esse
1638 978 1671 1009 id

200 1032 330 1073 impune
344 1031 510 1063 facturum.
545 1032 662 1075 Itaque
674 1037 740 1065 tute
757 1033 864 1064 abibat
878 1037 910 1063 et
925 1033 993 1074 ipse
1009 1038 1041 1064 et
1056 1032 1143 1064 alter.
1166 1033 1263 1064 ferme
1278 1032 1362 1064 enim
1378 1031 1432 1074 qui
1448 1032 1491 1062 ita
1505 1032 1671 1070 incedunt,

200 1095 294 1117 nemo
319 1095 376 1117 eos
401 1086 533 1123 invadit,
563 1087 618 1118 sed
644 1097 710 1124 eos,
735 1087 791 1129 qui
816 1087 916 1118 effusa
935 1087 1011 1129 suga
1037 1086 1231 1119 deferuntur.
1274 1085 1315 1117 In
1337 1084 1444 1117 multis
1458 1086 1586 1128 quidem
1603 1085 1673 1117 aliis

200 1139 331 1172 mirifice
346 1139 464 1171 laudari
488 1140 631 1172 Socrates
654 1144 773 1183 potest,
797 1141 852 1172 sed
875 1140 950 1171 talia
972 1145 1058 1182 sunt,
1082 1146 1117 1171 ut
1142 1139 1236 1172 ceteri
1259 1150 1386 1182 quoque
1409 1139 1511 1170 forsan
1526 1139 1672 1170 nonnulli

202 1194 337 1225 eandem
354 1193 478 1225 laudem
495 1200 692 1226 mereantur:
717 1205 823 1226 verum
850 1194 902 1225 illa
918 1195 1077 1236 praecipua
1100 1194 1131 1225 in
1148 1195 1221 1236 isto,
1242 1205 1299 1236 per
1313 1203 1383 1236 quae
1406 1193 1524 1225 nemini
1540 1191 1671 1224 aliorum

201 1248 377 1289 hominum,
400 1258 504 1290 neque
520 1249 718 1290 antiquorum
750 1259 853 1290 neque
875 1258 1040 1285 novorum,
1066 1259 1134 1279 esse
1157 1247 1264 1278 similis
1286 1246 1448 1289 reperitur.
1471 1257 1543 1278 narn
1569 1246 1672 1288 qualis

202 1302 343 1334 Achilles
350 1302 423 1344 fuit,
430 1303 523 1334 talem
536 1302 696 1344 conjectet
705 1302 810 1333 forsan
821 1301 934 1344 aliquis
942 1301 1038 1333 fuisse
1045 1300 1208 1333 Brasidam
1218 1306 1251 1332 et
1259 1301 1336 1333 alios
1344 1301 1495 1342 quosdam
1510 1313 1517 1331 :
1531 1299 1672 1342 ctqualis

202 1356 352 1394 Pericles,
367 1356 446 1388 tales
461 1355 656 1387 Antenorem
674 1361 771 1398 atque
790 1355 968 1387 Nestorem.
993 1360 1065 1386 sunt
1080 1355 1132 1386 alii
1143 1365 1280 1396 quoque,
1296 1354 1350 1396 qui
1362 1354 1421 1386 hoc
1431 1355 1526 1385 modo
1539 1353 1673 1386 conferri

198 1411 332 1442 invicem
348 1415 491 1453 possunt.
512 1410 567 1441 sed
583 1410 684 1452 qualis
711 1409 856 1441 Socrates
882 1414 930 1440 est
945 1408 1110 1451 qualisque
1134 1408 1203 1450 ejus
1228 1408 1304 1439 mira
1326 1408 1453 1440 dicendi
1469 1408 1560 1445 ratio,
1576 1419 1669 1439 nemo

201 1467 301 1508 'prope
316 1465 356 1496 ad
372 1463 441 1507 ejus
455 1464 692 1496 similitudinem
716 1462 853 1501 accedit,
872 1473 977 1505 neque
992 1468 1131 1494 veterum
1154 1472 1256 1504 neque
1272 1473 1390 1500 eorum,
1406 1463 1459 1505 qui
1474 1473 1558 1494 nunc
1575 1465 1648 1493 sunt
1662 1473 1669 1492 z

199 1519 260 1550 nisi
286 1524 323 1551 ut
347 1529 407 1561 ego
432 1528 521 1550 nunc
545 1518 607 1550 dixi
635 1523 730 1560 atque
759 1516 937 1550 assimilavi.
970 1517 1090 1559 quippe
1115 1517 1193 1548 nulli
1219 1517 1392 1554 hominnm,
1418 1517 1472 1548 sed
1500 1515 1614 1548 Silenis
1639 1519 1674 1547 et

198 1573 318 1616 Satyris
331 1572 441 1604 similis
454 1572 523 1615 ipse
545 1578 594 1604 est
616 1572 748 1614 ejusque
770 1581 937 1604 sermones.
983 1571 1070 1602 Nam
1093 1575 1126 1602 et
1149 1571 1210 1602 hoc
1232 1581 1252 1602 a
1277 1581 1326 1602 me
1342 1569 1579 1612 praetermissum
1602 1574 1670 1601 erat

199 1627 296 1669 prius,
319 1632 475 1659 sermones
501 1626 569 1669 ejus
596 1625 768 1669 persimiles
797 1635 865 1657 esse
890 1625 1079 1668 imaginibus
1107 1623 1282 1656 Silenorum
1307 1625 1346 1656 ab
1371 1625 1541 1656 artificibus
1563 1624 1668 1662 factis,

199 1681 317 1714 deinde
331 1682 458 1724 apertis.
502 1682 535 1713 Si
561 1681 631 1724 quis
653 1680 736 1712 enim
764 1680 858 1723 hujus
879 1690 1036 1712 sermones
1066 1679 1185 1717 audiat,
1209 1679 1355 1711 videntur
1376 1678 1488 1720 prima,
1512 1683 1546 1709 ut
1561 1678 1668 1716 fertur,

196 1735 278 1768 facie
292 1735 422 1770 nimium
437 1746 505 1768 esse
520 1737 657 1768 absurdi.
673 1735 801 1767 nomina
823 1735 944 1777 quippe
967 1739 1000 1766 et
1025 1734 1118 1765 verba
1133 1733 1279 1766 exteriori
1295 1737 1425 1776 aspectu
1441 1732 1545 1775 Satyri
1559 1732 1667 1775 cujus-

200 1791 272 1822 dam
285 1790 506 1822 contumeliosi
520 1790 662 1822 habitum
677 1801 741 1832 prae
757 1800 790 1821 se
812 1789 926 1822 ferunt.
950 1788 1053 1820 asinos
1067 1787 1151 1820 enim
1176 1788 1341 1830 fabrusque
1359 1787 1481 1819 aerarios
1497 1792 1530 1819 et
1544 1792 1665 1819 sutores

199 1845 374 1877 calceorum
389 1844 597 1887 coriariosque
621 1855 744 1886 semper
766 1844 862 1875 habet
875 1843 910 1874 in
937 1852 1002 1880 ore,
1025 1842 1198 1884 eademque
1222 1852 1343 1883 semper
1365 1841 1468 1874 dicere
1491 1841 1532 1873 de
1547 1841 1666 1873 eisdem

200 1899 335 1937 videtur,
350 1904 386 1930 ut
400 1909 508 1931 ornnes
523 1899 599 1937 fere,
614 1899 667 1940 qui
683 1899 787 1930 minus
803 1898 922 1939 experti
938 1897 1068 1939 peritive
1085 1897 1160 1938 sint,
1176 1897 1268 1928 verba
1283 1895 1367 1927 illius
1383 1895 1542 1928 irrideant.
1567 1895 1668 1938 [222]

200 1953 318 1985 Verum
333 1954 358 1985 si
373 1954 456 1985 intus
471 1953 603 1995 aspiciat
617 1953 688 1995 quis
702 1953 771 1995 ejus
785 1962 953 1990 sermones,
969 1952 1068 1993 primo
1084 1952 1213 1993 quidem
1229 1951 1363 1992 reperiet
1377 1961 1522 1982 sensuum
1537 1949 1666 1991 profun-

201 2008 330 2040 ditatem
354 2008 468 2039 habere
493 2008 576 2040 solos
601 2008 732 2039 aliorum
757 2007 907 2045 omnium,
933 2012 966 2038 et
988 2006 1116 2048 insuper
1137 2004 1347 2036 divinissimos
1369 2015 1449 2046 esse,
1464 2014 1501 2035 ac
1517 2003 1665 2046 plurimas

195 2062 342 2094 virtutum
357 2062 601 2105 speciosissimas
622 2062 775 2103 imagines
790 2061 962 2097 continere,
977 2065 1072 2101 atque
1092 2060 1131 2091 ad
1152 2059 1285 2101 plurima
1300 2069 1366 2090 sese
1379 2057 1666 2099 extendere‚immo

200 2116 306 2148 omnia
333 2121 492 2159 praecepta
513 2117 788 2158 comprehendere,
812 2116 926 2158 quibus
948 2114 1057 2145 instrui
1079 2114 1175 2145 debet
1201 2113 1238 2152 is,
1254 2113 1309 2154 qui
1324 2111 1365 2143 sit
1378 2113 1508 2143 honeste
1522 2112 1667 2152 beneque

202 2171 350 2202 victurus.
396 2170 475 2203 Haec
490 2176 574 2208 sunt.
589 2181 607 2202 o
623 2170 681 2202 viri
696 2170 849 2207 convivae,
865 2170 896 2200 in
921 2169 1034 2211 quibus
1049 2168 1208 2200 Socratem
1224 2167 1319 2198 laudo
1333 2178 1341 2196 ε
1365 2177 1402 2197 ac
1417 2166 1522 2203 etiam,
1539 2165 1579 2196 de
1595 2164 1665 2206 qui-

205 2225 262 2256 bus
275 2217 459 2267 conqueror.
482 2225 611 2256 audistis
626 2225 710 2256 enim
725 2224 859 2262 interim,
876 2233 954 2265 quas
969 2222 1045 2254 mihi
1060 2221 1188 2264 injurias
1203 2221 1319 2253 intulit.
1364 2219 1434 2251 Nec
1455 2219 1602 2250 adversus
1617 2227 1667 2248 me

203 2278 304 2310 solum
318 2278 364 2309 ira
378 2289 411 2310 se
426 2278 520 2320 gessit
533 2290 539 2309 :
565 2289 671 2310 verum
687 2278 781 2309 etiam
796 2278 943 2309 adversus
967 2276 1179 2313 Charmidem,
1195 2275 1292 2306 filium
1309 2273 1494 2310 Glauconis,
1510 2277 1542 2304 et
1557 2272 1668 2303 adver-

203 2343 254 2364 sus
277 2332 512 2375 Euthydemum
538 2332 653 2365 Diocle
676 2338 797 2369 natum,
822 2331 963 2374 aliosque
986 2331 1159 2373 permultos
1188 2330 1297 2361 eadem
1322 2328 1409 2365 fecit,
1425 2327 1588 2370 quos'ipse
1610 2326 1667 2357 sub

202 2387 308 2428 specie
323 2387 467 2418 amatoris
482 2387 604 2419 fefellit.
626 2397 698 2418 narn
713 2397 769 2428 pro
785 2391 922 2417 amatore
944 2390 1065 2416 amatus
1091 2384 1199 2416 evasit.
1247 2383 1458 2421 Quamobrem
1482 2387 1512 2413 te
1527 2390 1667 2423 quoque,

203 2441 366 2483 Agathou,
382 2442 549 2480 admoneo,
565 2447 601 2473 ut
616 2441 708 2483 hujus
724 2441 938 2473 simulationes
949 2439 1275 2480 dissimulationesque
1286 2447 1407 2474 caveas,
1423 2441 1455 2468 et
1470 2447 1508 2467 ex
1523 2435 1582 2472 his,
1597 2444 1668 2476 quae

202 2506 262 2537 ego
276 2506 342 2526 sum
360 2505 479 2537 passus,
501 2496 584 2528 hunc
609 2506 802 2537 cognoscens
826 2506 889 2527 rem
913 2501 998 2526 tuam
1022 2504 1134 2533 cures;
1155 2503 1259 2534 neque
1282 2491 1454 2523 secundum
1471 2488 1666 2531 proverbium

203 2554 276 2590 post
298 2559 434 2591 poenam,
457 2549 623 2581 infantium
648 2550 754 2587 instar,
780 2550 898 2581 delicta
922 2549 1049 2580 tandem
1075 2557 1237 2590 agnosca-³3.
1281 2546 1444 2577 Hactenus
1473 2543 1667 2578 Alcibiades,

205 2602 297 2644 cujus
311 2603 441 2635 audacia
457 2603 648 2645 etloquendi
662 2604 786 2635 libertas
796 2604 890 2635 risum
904 2603 1048 2634 omnibus
1059 2600 1242 2638 concitavit,
1255 2599 1403 2642 quoniam
1417 2598 1500 2629 visus
1510 2602 1558 2628 est
1567 2605 1670 2627 amore

204 2656 340 2688 Socratis
356 2667 424 2688 esse
441 2662 564 2699 captus.
607 2658 663 2690 So.
685 2658 814 2688 Sobrius
837 2658 912 2688 mibi
935 2657 1062 2694 videris,
1079 2667 1098 2687 o
1116 2655 1318 2687 Alcibiades:
1343 2652 1485 2694 alioquin
1509 2659 1669 2691 nunquam

205 2711 250 2742 ita
275 2710 454 2749 artificiose,
475 2710 570 2752 longo
592 2712 754 2742 verborum
778 2710 908 2743 circuitu
935 2711 1034 2748 facto,
1054 2709 1197 2741 occulere
1213 2709 1246 2739 id
1261 2707 1445 2742 studuisses,
1461 2704 1550 2746 cujus
1574 2702 1670 2744 gratia

204 2769 309 2796 cetera
323 2764 428 2795 omnia
443 2764 563 2796 dixeras
579 2776 587 2795 ε
612 2765 698 2807 quod
723 2765 754 2795 in
780 2765 931 2796 orationis
956 2763 1055 2802 calce,
1071 2768 1107 2794 ut
1122 2766 1232 2804 praeter
1258 2760 1452 2804 propositum
1475 2757 1609 2800 proferre
1625 2755 1672 2786 vi-

204 2819 332 2860 dereris,
350 2818 476 2849 tandem
505 2818 692 2860 apposuisti,
707 2819 796 2860 quasi
819 2829 882 2849 non
906 2818 1012 2850 omnia
1034 2817 1149 2849 iccirco
1175 2815 1300 2853 dixeris,
1323 2820 1359 2846 ut
1376 2824 1424 2844 me
1446 2813 1485 2843 ab
1501 2810 1671 2852 Agathone

209 2871 413 2913 disjungeres.
438 2871 602 2908 arbitraris,
627 2882 676 2902 me
702 2871 857 2903 neminem
881 2877 991 2913 praeter
1015 2876 1044 2902 te
1067 2880 1163 2901 unum
1187 2879 1290 2901 amare
1310 2867 1447 2904 debere3
1470 2863 1671 2905 Agathonem

210 2934 282 2956 vero
297 2935 317 2955 a
339 2924 426 2956 nullo
442 2925 504 2956 alio
527 2935 620 2967 quam
643 2925 743 2956 abste
767 2925 872 2958 amari.
894 2932 1000 2956 verum
1015 2934 1079 2955 non
1095 2923 1186 2954 latuit
1208 2933 1277 2960 nos,
1293 2921 1370 2963 quid
1394 2919 1451 2950 sibi
1469 2917 1561 2948 vellet
1583 2920 1670 2946 tuum

215 2976 293 3009 illud
309 2978 485 3020 Satyricum
513 2979 744 3021 Silenicumque
769 2979 962 3020 figmentum.
1009 2978 1083 3016 Sed,
1107 2989 1125 3009 υ
1149 2977 1247 3009 amice
1270 2975 1433 3017 Agathou,
1454 2971 1675 3054 dandaHopera

293 3032 383 3064 Plat.
400 3033 454 3064 Tr.
996 3032 1022 3064 Ι.
1511 3027 1529 3055 3
