1846 3268
245 265 320 304 120
614 270 616 273 ·
836 259 1103 301 PLATONIS
1605 262 1703 315 [150

244 365 366 409 aequate
380 365 493 408 pariter
505 369 537 396 et
551 363 718 406 inaequale,
733 366 799 394 tum
815 363 886 406 sibi,
901 368 967 396 tum
982 364 1078 396 etiam
1092 364 1227 397 ceteris?
1265 365 1309 397 At
1324 371 1388 408 quo
1404 366 1520 408 pacto?
1555 363 1588 399 Si
1604 367 1704 409 majus

243 425 337 457 esset,
352 419 400 451 vel
417 419 518 450 minus
530 429 638 456 unum,
654 428 748 459 qnam
764 418 838 455 alia,
853 423 908 449 aut
922 418 982 449 alia
998 429 1099 450 rursus
1116 418 1244 460 majora,
1270 420 1335 451 sive
1355 420 1484 462 minora5
1504 430 1598 462 quam
1613 421 1704 459 illud,

244 484 307 504 non
322 473 430 515 utique
444 483 540 504 unum
555 483 592 503 ex
604 483 643 503 eo
658 472 744 513 quod
758 482 869 512 unum,
881 477 915 503 et
927 472 990 504 alia
1004 483 1041 504 ex
1057 483 1095 504 co
1118 474 1203 515 quod
1226 473 1298 510 alia,
1322 484 1415 515 quam
1437 484 1548 515 unum,
1570 478 1625 506 aut
1639 484 1703 506 ma-

240 526 312 568 jora
327 531 382 558 aut
395 526 514 557 minora
528 526 663 557 invicem
690 535 728 556 ex
753 525 830 567 ipsis
849 525 913 557 suis
934 526 1076 558 essentiis
1101 532 1206 558 essent
1226 528 1237 558 ἒ
1261 538 1365 558 verum
1389 527 1415 559 si
1438 533 1550 569 praeter
1570 529 1706 560 rationes

243 591 315 612 suas
331 585 460 622 utraque
476 579 689 621 aequalitatem
710 579 839 622 insuper
860 580 1021 618 haberent,
1043 581 1177 622 aequalia
1192 581 1327 612 invicem
1349 581 1543 613 exsisterent.
1565 581 1613 612 sin
1634 582 1704 614 haec

244 635 371 677 quidem
385 633 644 675 magnitudinem,
659 633 712 664 illa
727 633 922 675 parvitatem,
937 640 991 665 aut
1003 634 1108 676 ipsum
1124 645 1219 666 unum
1239 634 1501 676 magnitudinem,
1524 635 1586 666 alia
1600 635 1705 676 parvi-

244 693 340 719 tatem
354 689 525 719 haberent:
549 686 726 729 cuicunque
742 687 859 730 speciei
879 688 1062 730 magnitudo
1085 689 1222 726 adesset,
1247 689 1348 730 major
1369 689 1550 730 exsisteret;
1572 688 1702 720 cuicun-

244 753 307 784 que
320 742 464 784 parvitas,
479 741 592 773 minor.
615 741 766 773 Necesse.
789 741 906 773 Nonne
921 746 995 773 sunt
1007 742 1078 773 duae
1099 743 1243 784 quaedam
1267 741 1447 783 hujusmodi
1466 742 1600 783 species,
1619 753 1703 784 mag-

245 796 359 828 nitudo
373 801 407 827 ct
418 795 575 837 parvitas?
597 795 712 826 etenim
729 795 788 826 nisi
803 800 919 832 essent,
934 806 1094 837 nunquam
1109 796 1271 827 contrarias
1294 796 1427 827 invicem
1451 795 1646 832 exsisterent,
1667 804 1704 826 ac

245 851 336 882 rebus
350 849 426 891 ipsis
440 849 589 880 inessent.
634 849 703 885 Est,
727 853 763 879 ut
785 849 876 881 dicis.
902 848 999 890 [150]
1023 849 1123 890 Igitur
1144 848 1170 880 si
1191 849 1245 880 uni
1268 849 1402 890 parvitas
1423 849 1557 886 accedit,
1571 848 1621 880 vel
1648 848 1707 879 toti

246 905 314 942 uni,
330 903 380 935 vcl
396 896 476 944 parti
490 901 626 943 cuipiam
641 902 768 934 insidet.
791 901 1025 934 Necessarium.
1047 902 1081 933 Si
1100 902 1158 932 toti
1178 902 1339 940 insederit,
1353 902 1403 933 vel
1418 912 1508 943 aequa
1522 901 1705 933 extensione

245 969 301 1000 per
320 957 474 998 integrum
503 966 599 986 unum
624 954 710 986 intus
732 955 985 997 amplificabitur,
1010 955 1060 986 vel
1084 956 1218 987 externis
1247 955 1400 987 limitibus
1423 955 1705 996 circumplectetur.

245 1012 357 1043 Plane.
401 1009 450 1040 Ex
465 1019 555 1051 aequo
571 1009 712 1051 profecto
729 1010 782 1040 uni
796 1008 900 1040 infusa
915 1008 1062 1050 parvitas,
1080 1009 1209 1051 aequalis
1225 1009 1334 1051 procul
1354 1009 1451 1040 dubio
1466 1008 1523 1039 uni
1537 1008 1597 1040 erit
1611 1020 1619 1039 ε
1643 1008 1702 1040 cir-

245 1063 460 1106 cumplectens
476 1068 592 1103 autem,
606 1062 717 1104 major.
738 1062 883 1100 Quidni?
906 1061 992 1093 Num
1008 1062 1092 1104 potis
1107 1067 1155 1094 est
1169 1063 1305 1105 parvitas
1321 1062 1450 1104 aequalis
1464 1061 1608 1104 cuiquam
1623 1073 1704 1100 esse,

244 1120 295 1151 vel
307 1117 460 1159 amplior?
482 1116 676 1158 effectusque
689 1116 913 1158 magnitudinis
928 1121 960 1148 et
976 1116 1164 1158 aequalitatis
1179 1116 1304 1158 inferre,
1317 1121 1350 1148 et
1364 1116 1404 1147 ab
1419 1115 1522 1147 officio
1535 1125 1592 1147 suo
1607 1116 1704 1148 desis—

246 1179 310 1205 tere
323 1173 335 1204 ?
357 1172 520 1213 Impotens
534 1170 642 1212 procul
657 1170 767 1203 dubio.
792 1170 886 1203 Unde
901 1170 1111 1212 concluditur,
1133 1170 1167 1201 in
1182 1175 1249 1202 toto
1275 1180 1339 1202 uno
1360 1168 1543 1212 parvitatem
1558 1179 1625 1201 esse
1639 1180 1706 1201 non

247 1237 351 1270 posse.
373 1230 470 1257 restat
491 1224 634 1266 forsitan,
654 1229 690 1255 ut
706 1224 747 1255 sit
768 1224 801 1255 in
819 1229 916 1266 parte.
954 1223 1078 1256 Restat.
1110 1223 1185 1256 Non
1213 1228 1317 1255 tamen
1343 1223 1376 1255 in
1391 1228 1458 1255 tota
1472 1227 1572 1265 parte.
1594 1223 1704 1255 eadem

247 1291 338 1322 porro
353 1279 488 1311 efficeret
501 1278 647 1310 adversus
660 1283 791 1319 partem,
807 1288 878 1320 quae
893 1282 927 1309 et
943 1278 1090 1310 adversus
1105 1282 1205 1310 totum
1221 1278 1380 1310 effecerat.
1402 1276 1522 1319 quippe
1534 1276 1583 1308 vel
1599 1287 1705 1319 equa-

246 1335 285 1366 lis
299 1334 369 1371 erit,
383 1333 433 1364 vel
448 1331 547 1375 major
559 1331 615 1363 illa
635 1331 703 1374 ipsa
717 1336 819 1374 parte,
839 1331 1017 1374 cuicunque
1031 1331 1117 1363 insit.
1150 1331 1338 1364 Necessario
1357 1330 1507 1372 sequitur.
1538 1329 1631 1362 Nulli
1643 1330 1703 1372 igi-

247 1394 296 1421 tur
309 1397 447 1429 unquam
463 1386 507 1418 rei
522 1386 657 1428 parvitas
672 1386 845 1424 inhaerebit,
867 1396 939 1418 cum
958 1396 1061 1428 neque
1081 1385 1173 1427 parti,
1198 1395 1300 1427 neque
1323 1384 1382 1416 toti
1400 1385 1563 1416 inhaereat.
1582 1394 1621 1416 ex
1641 1394 1706 1426 quo

246 1442 294 1480 fit,
307 1447 342 1473 ut
355 1441 434 1473 nihil
449 1440 586 1472 futurum
609 1440 649 1471 sit
664 1450 804 1482 parvum,
819 1444 930 1482 praeter
944 1439 1110 1482 ipsammet
1123 1439 1317 1482 parvitatem.
1337 1437 1484 1470 Videtur.
1515 1438 1580 1469 Sed
1601 1448 1706 1480 neque

247 1496 341 1528 etiam
357 1494 542 1537 magnitudo
556 1493 673 1526 inerit:
698 1494 818 1536 quippe
841 1494 927 1526 aliud
948 1494 1119 1536 quidquam
1139 1498 1251 1536 praeter
1272 1493 1438 1535 ipsammet
1458 1491 1707 1534 magnitudinem

245 1548 348 1590 majus
362 1553 454 1585 esset,
470 1552 583 1594 utputa
598 1548 642 1588 id,
657 1547 709 1579 cui
723 1548 815 1580 inerit
828 1548 1024 1590 magnitudo.
1046 1553 1258 1579 verumtamen
1284 1546 1362 1578 nihil
1386 1551 1434 1577 est
1456 1556 1598 1588 parvum,
1619 1545 1706 1588 quod

247 1603 374 1645 quidem
389 1601 527 1644 superari
541 1605 665 1642 oportet
679 1612 697 1632 a
712 1611 837 1643 magno,
863 1602 888 1632 si
904 1601 980 1643 quid
996 1612 1144 1643 magnum
1159 1601 1211 1632 sit.
1232 1599 1349 1631 etenim
1372 1610 1435 1642 quo
1457 1604 1552 1641 pacto
1574 1609 1706 1641 parvum

245 1656 373 1697 aliquod
389 1654 535 1696 reperies,
550 1664 620 1686 cum
636 1653 770 1695 parvitas
785 1654 818 1685 in
832 1653 920 1685 nullo
935 1654 1067 1686 resideat
1082 1655 1094 1685 ?
1127 1654 1211 1686 Vera
1232 1653 1377 1696 loqueris.
1411 1652 1498 1690 Quin
1511 1651 1606 1684 etiam
1621 1662 1707 1694 mag·

248 1711 360 1742 nitudo
376 1710 444 1751 ipsa
458 1708 546 1739 nullo
562 1708 620 1739 erit
642 1707 705 1740 alio
729 1707 838 1750 major,
861 1718 954 1750 quam
977 1708 1152 1749 parvitatez
1176 1718 1280 1749 neque
1301 1706 1438 1750 parvitas
1451 1707 1523 1748 ipsa
1543 1706 1605 1738 alio
1626 1716 1706 1748 quo-

245 1765 342 1807 piam,
365 1773 459 1805 quam
473 1761 544 1804 ipsa
558 1761 788 1804 magnitudine,
814 1761 923 1793 minor.
952 1761 1063 1793 Nullo.
1098 1761 1310 1800 Quamobrem
1335 1765 1440 1792 cetera
1463 1764 1575 1801 praeter
1594 1769 1704 1798 unum,

245 1829 350 1860 nequa
365 1817 494 1859 majora,
509 1826 612 1858 neque
632 1816 763 1854 minora,
778 1826 872 1858 quam
885 1826 996 1857 unum,
1018 1820 1120 1854 eruut,
1143 1826 1214 1848 cum
1237 1813 1462 1856 magnitudinis
1481 1813 1707 1856 puritatisque

247 1872 386 1914 expertia
401 1871 473 1904 sint.
495 1880 599 1912 neque
613 1870 774 1902 habebunt
787 1871 856 1903 haec
871 1871 934 1902 duo
950 1870 1097 1901 adversus
1113 1869 1215 1911 ipsum
1229 1879 1328 1900 unum
1343 1868 1406 1899 vim
1421 1866 1570 1909 aliquam,
1578 1877 1642 1909 qua
1655 1867 1705 1899 vel

245 1927 411 1962 excedant,
424 1924 474 1956 vel
486 1924 689 1965 excedantur,
703 1923 758 1955 sed
771 1923 852 1955 inter
862 1924 907 1955 'se
925 1923 994 1966 ipsa
1015 1923 1049 1955 id
1068 1923 1214 1955 efficient.
1236 1932 1339 1964 neque
1361 1922 1455 1953 etiam
1472 1921 1573 1963 ipsum
1596 1931 1706 1958 unum,

247 1986 302 2012 aut
317 1979 402 2011 hisce
425 1978 560 2016 duobus,
581 1982 635 2008 aut
655 1977 724 2008 aliis
743 1976 936 2020 quibuslibet
956 1976 1072 2018 majus,
1094 1976 1144 2007 vel
1167 1976 1267 2007 minus
1288 1975 1368 2008 erit:
1392 1979 1504 2016 utpote
1529 1974 1614 2016 quod
1641 1978 1706 2005 tam

246 2032 482 2076 magnitudinis,
496 2042 589 2074 quam
605 2030 778 2074 parvitatis,
792 2035 840 2062 est
855 2041 975 2073 expers.
1019 2030 1072 2063 Sic
1088 2030 1197 2072 utique
1213 2034 1353 2072 apparet.
1397 2028 1539 2071 Ideoque
1554 2038 1626 2060 cum
1645 2038 1706 2060 nec

246 2088 347 2130 majus
361 2097 420 2118 nec
436 2086 537 2117 minus
551 2085 591 2117 sit
606 2095 714 2123 unum,
729 2095 822 2127 quam
838 2089 954 2127 cetera,
975 2094 1034 2116 nec
1057 2084 1216 2126 superabit
1231 2084 1303 2121 alia,
1326 2093 1430 2125 neque
1443 2083 1484 2114 ab
1498 2081 1566 2113 aliis
1580 2092 1706 2124 supera-

245 2142 339 2174 bitur.
385 2141 515 2182 Absque
529 2139 639 2172 dubio.
684 2138 802 2171 Nonne
816 2140 900 2182 quod
917 2149 977 2171 nec
992 2144 1128 2181 superat,
1143 2149 1202 2170 nec
1217 2143 1390 2180 superatur,
1412 2135 1587 2168 necessario
1602 2135 1707 2178 sequi-

245 2201 307 2238 tur,
330 2199 366 2226 ut
389 2204 479 2237 aeque
505 2203 537 2225 se
553 2193 691 2224 habeat?
713 2193 785 2224 etsi
808 2202 910 2235 aeque,
931 2197 968 2223 ut
988 2192 1108 2234 aequale
1129 2192 1194 2223 sit?
1226 2192 1340 2224 Immo.
1373 2190 1529 2222 Praeterea
1551 2194 1584 2221 et
1606 2189 1646 2221 ad
1672 2199 1706 2221 se

248 2251 351 2292 ipsum
367 2248 396 2280 si
410 2258 443 2279 se
458 2247 561 2290 ipsum
577 2257 673 2278 unum
689 2247 796 2289 habet,
810 2251 846 2278 ut
860 2257 969 2289 expers
984 2251 1017 2278 et
1029 2245 1254 2288 magnitudinis
1273 2250 1306 2276 et
1327 2244 1498 2287 parvitatis,
1520 2254 1580 2276 nec
1601 2253 1636 2275 se
1657 2242 1706 2285 ip-

247 2314 314 2335 sum
330 2306 506 2344 exsuperet,
522 2311 580 2333 nec
595 2311 614 2332 a
636 2311 668 2332 se
684 2301 753 2343 ipso
769 2304 981 2343 exsuperetur,
1008 2301 1063 2332 sed
1078 2310 1166 2342 aeque
1181 2310 1212 2331 se
1227 2300 1360 2340 habens,
1377 2298 1497 2340 aeqnale
1512 2307 1634 2338 semper
1647 2295 1707 2328 sibi

246 2357 298 2389 sit.
343 2357 386 2388 Et
410 2355 543 2387 maxime
563 2354 702 2397 quidem.
746 2354 859 2397 Itaque
881 2365 978 2386 unum
1005 2355 1065 2386 sibi
1083 2354 1257 2396 ceterisque
1279 2351 1412 2395 aequale.
1454 2350 1600 2383 Videtur.
1643 2349 1708 2382 Ve·

246 2415 419 2441 rumtamen
434 2419 504 2440 cum
520 2419 617 2439 unum
631 2407 665 2439 in
690 2419 723 2439 se
747 2408 817 2451 ipso
833 2408 886 2452 sit,
898 2408 1089 2441 extrinsecus
1103 2418 1169 2440 sese
1192 2406 1314 2448 circuit,
1333 2411 1428 2448 atque
1443 2404 1487 2436 ita
1501 2414 1534 2436 se
1547 2403 1706 2445 complec-

247 2468 328 2500 tens,
341 2474 374 2494 se
389 2462 460 2504 ipso
475 2461 610 2503 amplius
623 2466 744 2495 exstat:
769 2472 903 2504 cumque
924 2462 1018 2494 etiam
1034 2461 1328 2504 comprehendatur,
1350 2458 1512 2501 angustius
1526 2462 1584 2491 est.
1606 2457 1705 2500 [1⁵1]

246 2526 311 2558 quo
323 2516 370 2554 fit,
384 2519 421 2546 ut
434 2525 529 2546 unum
546 2520 611 2545 tum
623 2514 735 2556 majus,
751 2519 815 2546 tum
832 2515 927 2547 etiam
942 2515 1045 2546 minus
1066 2525 1099 2546 se
1123 2514 1192 2556 ipso
1214 2514 1265 2545 sit.
1295 2513 1347 2544 Fit
1360 2513 1483 2555 utique.
1514 2511 1631 2543 Nonne
1645 2512 1707 2544 hoc

246 2579 374 2611 quoque
388 2567 595 2600 necessarium
609 2572 669 2605 est,
682 2567 759 2599 nihil
774 2567 895 2600 scilicet
917 2572 1027 2610 praeter
1042 2579 1138 2600 unum
1161 2573 1194 2599 et
1216 2567 1276 2598 alia
1297 2565 1444 2608 reperiri?
1476 2564 1706 2598 Necessarium.

245 2621 340 2659 Item,
355 2621 509 2664 quidquid
525 2627 584 2663 est,
609 2631 649 2652 an
664 2631 729 2653 non
743 2632 866 2664 semper
885 2622 1003 2654 alicubi
1023 2633 1092 2654 esse
1117 2621 1265 2664 oportet?
1288 2620 1436 2663 Oportet.
1458 2619 1603 2662 Insuper,
1619 2620 1706 2661 quod

244 2675 280 2707 in
295 2675 401 2717 aliquo
416 2682 474 2712 est,
489 2685 596 2706 nonne
610 2685 731 2717 semper
745 2676 777 2707 in
793 2675 904 2717 majori
919 2676 1044 2707 minus?
1067 2686 1170 2718 neque
1186 2674 1269 2707 enim
1283 2674 1371 2706 aliter
1385 2673 1473 2705 aliud
1486 2677 1569 2705 esset
1582 2673 1615 2704 in
1630 2672 1703 2706 alio.

245 2728 316 2769 Est,
337 2729 422 2771 quod
439 2727 529 2759 dicis.
552 2728 721 2771 Postquam
738 2740 810 2762 vero
825 2730 904 2762 nihil
919 2735 966 2761 est
987 2734 1099 2772 praeter
1120 2740 1216 2761 unum
1239 2717 1363 2766 euna.
1387 2731 1573 2770 oportetque
1597 2726 1657 2758 ista
1671 2725 1705 2758 in

245 2782 352 2824 aliquo
366 2792 446 2819 esse,
461 2791 567 2814 nonne
582 2782 614 2813 in
629 2793 662 2814 se
677 2783 810 2815 invicem
826 2785 894 2816 haec
913 2783 1049 2815 vicissim
1065 2794 1132 2815 esse
1150 2792 1276 2815 necesse
1294 2782 1365 2814 est?
1387 2781 1510 2824 aliaque
1525 2780 1559 2811 in
1572 2789 1650 2821 uno,
1672 2784 1706 2812 et

245 2835 280 2867 in
294 2835 364 2867 aliis
378 2835 499 2867 unum?
521 2841 575 2866 aut
596 2847 748 2879 nusquam
770 2847 893 2879 prorsus
913 2837 1084 2870 exsistere?
1119 2837 1262 2869 Constat.
1295 2835 1380 2874 Quia
1401 2843 1475 2876 ergo
1498 2843 1597 2864 unum
1610 2832 1706 2865 estin

248 2889 329 2927 aliis,
351 2888 469 2921 idcirco
491 2889 553 2920 alia
570 2889 687 2931 majora
709 2896 793 2932 sunt,
813 2902 907 2933 quam
924 2902 1033 2929 unum,
1059 2896 1171 2933 utpote
1198 2901 1268 2933 quae
1290 2899 1386 2920 unum
1401 2886 1585 2920 continent:
1607 2896 1704 2918 unum

249 2947 351 2976 autem
367 2942 435 2976 aliis
450 2942 563 2983 minus,
580 2954 617 2976 ex
633 2954 671 2977 eo
686 2945 770 2987 quod
786 2945 986 2981 continetur:
1012 2945 1086 2989 quia
1102 2955 1174 2978 vero
1192 2944 1253 2978 alia
1267 2943 1302 2976 in
1325 2952 1388 2975 uno
1411 2945 1495 2980 sunt,
1518 2950 1615 2974 unum
1637 2940 1706 2974 aliis
