1846 3268
269 257 321 295 92
866 255 1134 296 PLATOle
1636 259 1735 313 [1⁷0

265 359 418 403 quiddam
430 369 468 392 ac
482 360 598 393 bonum
613 370 682 392 esse
697 359 862 393 vaticinor.
907 359 956 392 Tu
972 360 1079 403 igitur,
1094 355 1276 393 Callaeschri
1295 360 1353 399 fili,
1381 356 1639 404 quandoquidem
1654 367 1738 395 tem—

266 412 439 456 perantiam
455 414 548 456 ponis
564 414 704 446 scientiae
718 413 915 456 inscitiaeque
931 415 1108 452 scientiam,
1121 416 1252 447 ostende
1270 416 1414 457 primum,
1428 415 1577 458 possibile
1593 417 1653 449 hoc
1668 426 1736 448 esse

263 469 351 511 qnod
366 479 459 511 supra
473 469 640 501 dicebam:
666 474 786 511 postea,
814 474 926 510 praeter
941 469 973 500 id
989 469 1075 511 quod
1091 469 1255 510 possibile,
1281 480 1349 502 esse
1370 476 1403 502 et
1426 471 1612 502 conferens:
1638 475 1734 513 atque

263 522 310 555 ita
335 522 521 555 mihi-circa
536 523 753 565 temperantiae
769 523 866 564 ipsius
891 522 1109 554 definitionem
1134 523 1265 554 forsitan
1289 524 1487 555 satisfeceris.
1532 524 1646 556 Critias
1664 534 1739 555 vero

265 588 339 610 cum
354 578 423 609 haec
439 577 574 617 audiret,
591 588 703 619 meque
718 577 915 608 dubitantem
931 576 1064 618 videret,
1079 587 1185 608 eorum
1199 587 1294 614 more,
1321 578 1375 619 qui
1389 588 1493 609 coram
1507 578 1675 609 oscitantes
1689 577 1740 609 in-

266 631 340 664 tuiti
355 632 502 670 oscitant,
518 632 586 673 ipse
602 631 729 673 quidem
747 631 831 662 visus
852 635 900 662 e'st
924 631 1089 662 haesitante
1105 641 1154 662 me
1169 631 1312 663 similiter
1327 632 1481 663 haesitare.
1525 631 1599 669 Sed,
1626 638 1738 675 utpote

262 685 428 727 gloriosus,
455 690 623 727 praesentes
634 685 750 717 veritus
765 690 823 722 est,
848 694 951 726 neque
971 684 1114 716 confiteri·
1126 685 1238 722 voluit,
1268 696 1300 716 se
1316 686 1356 716 ad
1372 696 1410 716 ea
1425 685 1643 728 discernenda,
1665 697 1737 728 quae

262 740 447 777 obtuleram,
459 749 523 771 non
540 739 693 780 sufficere,
717 749 820 780 neque
846 744 954 780 aperte
975 739 1149 780 quidquam
1171 740 1315 781 protulit,
1336 750 1488 782 suamque
1502 739 1738 781 ambiguitatem

261 794 412 826 occuluit.
458 793 504 825 At
525 804 596 836 ego,
623 799 657 824 ut
681 793 854 834 disputatio
881 798 986 824 nostra
1013 794 1209 835 procederet,
1230 794 1263 824 Si
1293 794 1363 832 tibi,
1391 794 1532 837 inquam,
1555 794 1690 832 videtur,
1717 804 1738 825 o

265 848 376 886 Critia,
403 847 548 880 dabimus
571 858 668 893 nun—c,
692 847 832 879 scientiae
857 848 1019 879 scientiam
1042 858 1110 879 esse
1134 858 1238 890 posse.
1261 853 1365 879 utrum
1393 859 1464 885 vero
1491 848 1599 890 possit,
1623 858 1736 886 necne,

260 902 339 934 alias
354 897 587 944 indagabimus.
631 902 870 940 Verumtamen,
886 902 911 933 si
925 912 1018 944 quam
1038 902 1168 933 maxime
1185 902 1216 933 id
1233 902 1384 944 possibile
1399 903 1451 940 sit,
1477 903 1532 944 qui
1552 902 1650 944 magis
1663 913 1736 944 pos-

260 956 352 988 sibile
367 961 416 988 est
430 967 632 999 cognoscere,
659 967 731 998 quae
745 957 835 989 novit
856 957 984 998 aliquis,
1011 962 1044 988 et
1058 967 1129 999 quae
1146 967 1211 987 non
1227 957 1316 988 novit
1330 957 1342 988 ἓ
1366 957 1425 988 hoe
1450 957 1560 999 utique
1574 967 1642 988 esse
1656 955 1738 988 dixi-

259 1021 329 1044 mus
345 1021 378 1043 se
393 1011 496 1053 ipsum
512 1021 713 1054 cognoscere,
739 1016 1009 1054 temperatumque
1032 1022 1112 1043 esse.
1155 1011 1298 1043 Nonne?
1344 1011 1423 1043 Car.
1446 1011 1611 1044 Maxime:
1634 1021 1672 1043 ae
1687 1021 1735 1042 se-

258 1065 365 1108 quitur
387 1066 632 1108 quodammodo,
660 1066 815 1098 Socrates.
839 1075 911 1096 nam
934 1066 959 1096 si
987 1066 1056 1107 quis
1080 1076 1148 1096 eam
1174 1066 1269 1096 habet
1284 1064 1463 1107 scientiam,
1487 1075 1558 1107 quae
1582 1075 1616 1096 se
1631 1065 1732 1106 ipsam

259 1119 435 1162 cognoscit,
450 1119 520 1151 talis
536 1125 568 1150 et
583 1120 652 1162 ipse
667 1119 714 1156 fit,
739 1119 832 1162 quale
844 1119 878 1150 id
896 1123 954 1156 est,
971 1120 1055 1161 quod
1073 1119 1191 1151 habet:
1216 1119 1481 1160 quemadmodum
1498 1129 1570 1151 cum
1585 1118 1737 1150 velocita-

258 1178 322 1205 tem
338 1173 435 1205 habet
449 1173 531 1216 quis,
553 1173 666 1205 velox:
690 1179 723 1205 et
747 1174 875 1215 quando
901 1173 1183 1215 pulchritudinem,
1209 1173 1359 1215 pulcher:
1384 1178 1417 1205 et
1436 1174 1564 1216 qnando
1579 1173 1737 1215 cognitio-

257 1237 343 1265 nem,
359 1237 564 1270 cognoscens.
588 1238 684 1270 quare
710 1238 781 1259 cum
807 1228 1021 1269 cognitionem
1047 1228 1146 1270 ipsam
1173 1228 1334 1269 suiipsius
1349 1227 1419 1270 quis
1441 1228 1547 1265 habet,
1573 1238 1607 1260 se
1630 1227 1734 1270 ipsum

257 1285 335 1312 tunc
360 1291 555 1323 cognoscens
578 1282 722 1314 efficitur.
768 1282 823 1313 So.
848 1281 1103 1324 Haudquaquam
1127 1282 1159 1312 id
1186 1281 1323 1323 ambigo,
1350 1282 1428 1324 quin
1442 1282 1468 1313 si
1482 1282 1552 1324 quis
1566 1282 1599 1312 in
1614 1292 1647 1313 se
1661 1281 1735 1323 ipso

255 1335 354 1367 habet
368 1335 488 1378 aliquid
514 1346 581 1367 sese
605 1346 811 1378 cognoscens,
835 1335 904 1378 ipse
931 1346 1058 1378 quoque
1085 1346 1118 1367 se
1143 1335 1287 1368 noverit:
1311 1336 1367 1366 sed
1392 1345 1538 1378 quaenarn
1563 1337 1736 1368 necessitas

256 1389 343 1431 cogit
364 1390 524 1422 hominem
551 1390 597 1421 sic
623 1391 784 1426 affectum,
812 1401 882 1432 quae
907 1390 1007 1428 novit,
1044 1390 1142 1431 [1⁷0]
1178 1400 1288 1432 quaeve
1311 1401 1375 1421 non
1395 1390 1495 1428 novit,
1521 1390 1734 1432 cognoscere?

257 1443 338 1476 Car.
361 1443 441 1476 Haec
458 1444 616 1486 videlicet,
631 1444 706 1487 quia
720 1444 805 1475 idem
820 1450 869 1475 est
883 1445 943 1476 hoc
958 1449 990 1476 et
1014 1444 1104 1476 illud.
1150 1444 1206 1476 So.
1230 1444 1322 1476 Forte
1338 1445 1383 1476 sic
1399 1450 1465 1476 est:
1491 1445 1546 1476 sed
1569 1455 1630 1486 ego
1651 1454 1733 1476 sem-

256 1508 314 1540 per
329 1497 438 1529 similis
454 1508 522 1530 esse
536 1498 655 1530 videor.
678 1508 783 1540 neque
798 1509 900 1530 rursus
916 1498 1071 1539 intelligo,
1086 1499 1247 1541 quomodo
1271 1498 1355 1530 idem
1382 1498 1433 1535 sit,
1459 1509 1530 1540 quae
1553 1498 1643 1530 novit
1655 1508 1732 1540 cug-a

254 1562 398 1594 noscere,
421 1556 454 1584 et
478 1563 666 1594 cognoscere
689 1563 759 1595 quae
785 1563 849 1584 non
877 1553 976 1586 novit.
1021 1554 1101 1585 Cur.
1125 1553 1190 1591 Qui
1213 1553 1296 1584 istuc
1322 1553 1390 1584 ais?
1435 1553 1492 1585 So.
1515 1552 1577 1584 Ita.
1601 1551 1734 1584 scientia

253 1606 325 1649 ipsa
336 1606 476 1638 scientiae
491 1606 654 1644 exsistens,
667 1607 819 1649 numquid
836 1607 917 1638 ultra
933 1607 1107 1639 discernere
1123 1607 1251 1649 poterit,
1263 1617 1357 1649 quam
1373 1608 1458 1649 quod
1473 1618 1511 1639 ex
1526 1607 1574 1638 his
1588 1607 1648 1638 hoc
1663 1608 1733 1650 qui-

254 1661 328 1694 dem
339 1661 470 1694 scientia
482 1666 541 1699 est,
555 1661 634 1692 illud
648 1661 798 1693 inscitia?
845 1661 925 1693 Ciu.
950 1661 1025 1692 Non
1042 1661 1133 1698 ultra,
1157 1663 1213 1693 sed
1241 1667 1382 1694 eatenus.
1425 1662 1483 1694 So.
1504 1661 1594 1694 Idem
1610 1666 1658 1694 est
1672 1662 1731 1704 igi-

252 1721 306 1749 tur
334 1716 467 1748 scientia
494 1721 526 1748 et
549 1715 675 1748 inscitia
701 1715 780 1753 sani,
808 1721 903 1758 atque
928 1716 1003 1747 item
1026 1716 1157 1747 scientia
1183 1722 1216 1747 et
1236 1717 1361 1748 inscitia
1379 1715 1483 1758 justi?
1528 1716 1608 1748 Cur.
1631 1715 1731 1747 Nullo

251 1777 361 1815 pacto.
408 1771 462 1803 So.
485 1770 533 1802 At
547 1781 620 1802 vero
647 1771 708 1802 hoc
734 1770 862 1813 quidem
890 1770 1059 1808 medicina,
1085 1771 1146 1802 hoe
1173 1776 1277 1803 autem
1300 1771 1401 1803 civilis
1416 1769 1549 1813 peritia:
1573 1770 1634 1802 hoc
1654 1770 1732 1802 nihil

252 1827 353 1868 aliud,
378 1837 471 1869 quam
498 1826 644 1857 scientia.
689 1825 770 1858 ΟΜ.
793 1825 942 1863 Quidni?
988 1826 1045 1857 So.
1068 1825 1140 1857 Nisi
1168 1827 1239 1868 quis
1262 1826 1385 1858 noverit
1408 1835 1518 1857 sanum
1541 1825 1669 1866 insuper
1691 1834 1731 1856 ac

247 1881 385 1923 justum,
399 1881 456 1912 sed
468 1880 566 1912 solam
582 1880 758 1918 scientiam,
784 1885 895 1923 utpote
919 1880 1013 1922 hujus
1038 1880 1136 1912 solius
1159 1881 1322 1912 scientiam
1344 1881 1474 1918 habens,
1499 1880 1584 1922 quod
1600 1880 1730 1922 quidem

252 1936 326 1977 scit,
337 1935 463 1978 quodve
479 1935 640 1967 scientiam
663 1935 822 1977 quandam
846 1935 952 1972 habet,
975 1939 1126 1976 agnoscet
1150 1941 1213 1966 tarn
1229 1935 1314 1966 circa
1328 1945 1362 1966 se
1386 1935 1506 1977 ipsum,
1530 1944 1624 1976 quam
1646 1933 1730 1966 circa

250 1990 342 2022 alios.
365 1990 493 2021 nonne?
540 1989 627 2026 Quid
645 2000 717 2021 vero
732 1995 904 2031 cognoscat
917 1990 977 2022 hac
991 1989 1133 2027 scientia,
1148 2000 1285 2032 quanam
1301 1989 1422 2020 ratione
1445 1988 1602 2031 intelliget
1617 1988 1628 2019 ?
1652 1998 1731 2030 cogn

250 2044 356 2077 noscit
377 2044 462 2076 enim
482 2054 591 2076 sanum
616 2049 650 2076 et
674 2044 796 2075 salubre
821 2044 990 2081 medicina,
1019 2055 1083 2076 non
1107 2044 1333 2086 temperantia:
1357 2043 1570 2076 harmonicum
1597 2041 1730 2091 musica,

250 2109 316 2131 non
342 2099 570 2142 temperantia:
592 2098 762 2130 aedificium
790 2099 1010 2137 architectura,
1037 2110 1101 2130 non
1132 2098 1361 2141 temperantia:
1386 2104 1419 2130 et
1449 2097 1590 2130 similiter
1611 2097 1731 2130 omnia.

249 2154 380 2186 nonne?
426 2153 507 2187 Clu.
529 2152 686 2196 Apparet.
732 2154 789 2186 So.
812 2153 1035 2196 Temperantia
1049 2164 1135 2191 vero,
1151 2153 1176 2185 si
1191 2153 1390 2184 scientiarum
1415 2152 1546 2184 scientia
1569 2157 1618 2184 est
1637 2152 1730 2183 dum-

249 2213 347 2246 taxat,
364 2205 428 2251 quo
444 2208 538 2239 modo
555 2208 723 2250 intelliget,
739 2208 826 2250 quod
843 2219 952 2239 sanum
967 2208 1152 2250 salubreque
1169 2207 1346 2250 cognoscit,
1362 2207 1410 2239 vel
1427 2208 1512 2250 quod
1529 2206 1697 2239 aediticium
1714 2207 1728 2238 ?

250 2262 331 2295 Car.
355 2262 468 2296 Nullo.
514 2262 568 2295 So.
591 2262 666 2293 Non
684 2273 757 2304 ergo
773 2262 941 2303 intelliget,
958 2261 1034 2304 quid
1051 2269 1235 2309 cognoscat,
1252 2262 1312 2293 hoc
1328 2262 1485 2303 ignorans,
1497 2261 1551 2292 sed
1563 2261 1729 2303 quia-cog-

249 2322 359 2349 noscat
374 2322 508 2348 tantum.
555 2317 635 2349 Ciu.
658 2316 804 2348 Videtur.
851 2317 908 2348 So.
934 2316 1007 2347 Non
1032 2316 1127 2358 igitur
1142 2321 1349 2358 temperatum
1365 2326 1434 2347 esse
1449 2315 1508 2347 erit
1523 2315 1595 2353 hoo,
1622 2325 1726 2357 neque

248 2372 469 2413 temperantia,
484 2371 659 2414 intelligere
675 2381 746 2413 quae
769 2371 870 2413 novit,
886 2381 998 2413 quaeve
1020 2381 1082 2402 non
1103 2370 1210 2402 novit:
1234 2371 1301 2409 sed,
1326 2376 1362 2402 ut
1376 2370 1510 2407 videtur,
1536 2369 1612 2412 quia
1625 2369 1726 2407 novit,

248 2430 282 2456 et
297 2425 371 2467 quia
385 2436 449 2456 non
475 2426 576 2468 novit,
598 2426 712 2458 solum.
758 2425 842 2458 Car.
871 2425 1026 2468 Apparet.
1073 2425 1130 2457 So.
1153 2425 1268 2467 Neque
1294 2425 1410 2468 poterit
1433 2424 1529 2456 etiam
1554 2425 1605 2456 hic
1629 2424 1727 2456 alium

248 2479 439 2519 examinare,
460 2479 594 2522 alicujus
609 2481 772 2512 scientiam
788 2480 998 2522 profitentem,
1013 2485 1116 2511 utrum
1130 2480 1208 2512 sciat
1222 2480 1307 2522 quod
1331 2479 1510 2521 pollicetur,
1536 2489 1577 2510 an
1594 2479 1727 2511 nesciat.

246 2533 343 2565 immo
359 2534 420 2565 hoc
435 2535 548 2576 solum,
564 2541 600 2567 ut
613 2535 747 2573 videtur,
774 2539 936 2577 agnoscet,
951 2535 1036 2577 quod
1053 2534 1216 2566 scientiam
1233 2534 1391 2576 quandam
1419 2534 1517 2565 habet
1532 2545 1539 2565 :
1563 2532 1655 2575 cujus
1669 2543 1726 2566 au-

248 2593 311 2620 tem
327 2587 372 2620 rei
387 2588 564 2630 scientiam,
580 2589 788 2632 temperantia
802 2600 866 2620 non
878 2590 1035 2621 ostendet.
1082 2588 1162 2621 cm.
1185 2588 1260 2620 Non
1277 2589 1410 2620 videtur.
1455 2589 1512 2621 So.
1534 2587 1650 2630 Neque
1664 2587 1726 2630 igi-

249 2647 300 2673 tur
311 2641 508 2674 simulantem
524 2644 682 2676 medicum
697 2654 716 2675 a
732 2655 804 2676 vero
820 2644 996 2676 discernet:
1022 2654 1126 2685 neque
1149 2643 1246 2674 aliurn
1270 2643 1449 2685 quempiam
1469 2642 1654 2674 scientem-a
1668 2652 1725 2673 ue-

250 2696 382 2730 sciente.
429 2697 483 2728 Sic
498 2703 602 2729 autem
615 2699 860 2730 consideremus.
880 2697 907 2736 si
919 2703 1122 2740 temperatus,
1144 2702 1199 2729 aut
1213 2697 1292 2728 alius
1307 2697 1421 2739 quivis,
1435 2695 1664 2738 dijudicaturus
1677 2699 1727 2728 est

250 2761 358 2782 verum
385 2755 418 2783 et
437 2751 550 2782 falsum
568 2753 737 2790 medicum,
762 2763 803 2784 an
821 2763 886 2784 non
911 2752 955 2784 sic
970 2752 1088 2784 faciet?
1114 2752 1154 2783 de
1181 2751 1331 2783 medendi
1358 2751 1485 2793 quidem
1500 2755 1566 2782 arte
1579 2760 1651 2782 cum
1666 2749 1725 2782 illo

247 2804 327 2836 nihil
353 2805 494 2838 disseret.
517 2805 596 2837 nihil
623 2808 708 2838 enim
733 2807 834 2845 aliud,
859 2813 896 2838 ut
920 2807 1115 2848 dicebamus,
1140 2806 1289 2848 intelligit
1316 2806 1471 2842 medicus,
1493 2814 1587 2846 quam
1611 2814 1727 2836 sanum*

246 2864 342 2902 atque
365 2865 528 2902 aegrotum,
551 2860 735 2902 salubreque
761 2867 794 2893 et
820 2862 958 2894 noxium.
981 2872 1020 2893 an
1043 2872 1107 2892 non
1133 2861 1197 2892 ita?
1243 2860 1323 2893 ΟΜ.
1345 2860 1398 2892 Ita
1410 2869 1544 2901 prorsus.
1588 2858 1646 2891 So.
1669 2857 1725 2890 De

247 2913 379 2946 scientia
404 2924 494 2956 porro
518 2914 598 2946 nibil
624 2915 736 2947 novit:
762 2916 822 2947 hoc
844 2916 928 2948 enim
953 2916 1012 2948 soli
1037 2915 1199 2947 tribuimus
1215 2913 1440 2956 temperantias.
1485 2912 1566 2944 Clu.
1589 2911 1642 2943 Sic
1659 2917 1722 2944 est.

247 2968 305 3001 So.
330 2967 444 3011 Neque
473 2970 513 3001 de
539 2969 697 3002 medicina
721 2969 816 3012 igitur
841 2971 982 3004 medicus
1009 2970 1181 3014 quidquam
1207 2969 1318 3002 novit:
1341 2966 1597 3012 quandoquidem
1621 2965 1722 3009 [171]
