1846 3268
244 258 329 296 254
839 250 1106 293 *PLAToNJs
1611 257 1709 309 [iss

246 363 302 407 qui
316 362 410 394 etiam
426 358 600 392 immobilia
623 365 760 390 movent.
805 358 852 391 At
865 359 890 391 si
906 360 1008 392 neutri
1019 359 1184 392 verisimile
1198 360 1319 403 aliquid
1334 357 1491 394 adducere
1504 361 1596 393 nobis
1609 371 1711 404 oppa·

247 422 350 454 reant,
363 414 487 447 ridiculi
512 413 643 445 nimium
669 413 850 456 evademus,
865 419 1013 456 putantes
1035 424 1093 446 nos
1106 414 1183 446 viles
1204 415 1411 447 homunculos
1427 425 1572 458 magnum
1587 414 1712 459 aliquid

246 480 369 512 sapere,
391 467 502 512 priscis
516 473 620 499 autem
633 466 696 498 illis
711 477 748 498 ac
759 467 832 498 viris
843 467 1037 510 sapientibus
1052 469 1250 511 derogantes.
1297 469 1380 501 Vide
1389 469 1493 511 igitur,
1504 481 1523 501 o
1532 469 1711 510 Theodoro,

249 529 351 555 utrum
368 527 505 565 praestet,
521 531 633 558 necne,
649 526 769 552 tantum
793 522 897 553 subire
918 522 1102 564 periculum.
1145 522 1256 556 Timo.
1278 523 1378 554 Nullo
1402 524 1496 555 modo
1511 525 1710 557 committen-

247 577 324 608 dum
339 582 399 613 est,
411 587 431 606 o
447 576 602 615 Socrates,
617 575 694 617 quin
709 581 910 618 utrorumque
925 585 1016 608 sensa
1030 576 1109 618 quid
1125 576 1201 614 veri,
1217 577 1292 619 quid
1306 577 1377 608 falsi
1396 578 1545 615 habeant,
1561 577 1712 614 discutia-

246 643 326 665 mus.
373 631 431 662 So.
455 628 697 660 Discutiendum
714 633 762 659 est
771 628 850 670 jam,
867 633 1032 671 postquam
1047 634 1079 661 et
1092 635 1128 660 tu>
1140 630 1172 660 id
1189 631 1314 672 probas.
1356 630 1493 663 Videtur
1509 631 1618 674 utique
1632 631 1712 664 milii

247 683 469 728 disputationis
483 682 576 725 liujus
593 682 782 725 principium
798 694 815 714 a
831 688 919 714 motu
935 684 1132 721 sumendum,
1147 694 1210 726 quo
1234 684 1355 716 scilicet
1369 691 1455 717 motu
1471 685 1588 717 moveri
1603 686 1711 718 omnies

246 740 368 771 dicant.
413 737 509 775 Quod
525 742 629 769 autem
643 737 746 769 dicere
763 738 845 774 volo,
860 738 894 769 id
922 743 981 775 est,
995 743 1099 770 utrum
1112 737 1248 780 speciem
1265 749 1356 770 unam
1373 744 1475 771 motus
1489 740 1642 772 inducant
1655 751 1709 779 an,

246 790 512 837 quemadmodum
527 791 603 823 mihi
618 791 752 833 videtur,
770 792 891 834 species
906 793 996 824 duas.
1038 792 1154 835 Neque
1170 793 1200 824 id
1218 798 1320 824 tamen
1337 793 1411 824 mihi
1422 793 1480 824 soli
1492 793 1591 825 videri
1600 793 1711 836 cupio,

244 848 304 879 sed
330 847 388 878 tibi
411 856 559 888 quoque3
582 850 618 876 ut
643 846 764 888 pariter>
783 847 887 886 ambo,
912 846 1065 888 quidquid
1093 848 1275 888 oportuerit,
1303 847 1468 889 patiamur.
1514 847 1582 880 Die>
1601 847 1710 889 igitur,

244 901 402 942 Nunquid
420 900 536 931 moveri
552 899 644 941 dicis,
657 900 785 941 qnando
811 900 912 931 locum
941 900 1078 942 quidex
1104 900 1175 932 loco
1193 905 1302 938 mutat,
1318 901 1365 932 vel
1382 901 1414 932 iu
1429 901 1541 933 eodem
1557 901 1708 933 vertitur?

242 955 357 986 Taso.
383 953 552 996 Equidem.
596 954 652 984 So.
675 953 758 995 Ergo
775 964 836 985 una
858 955 926 990 liaec
954 955 1076 996 species
1092 959 1172 986 esto.
1221 953 1270 985 At
1284 965 1354 985 cum
1370 951 1483 986 eodem
1498 954 1531 986 in
1547 955 1616 987 loco
1632 955 1710 998 quid

246 1017 432 1049 permanens
447 1006 593 1046 senescit,
606 1007 655 1037 vel
671 1007 793 1048 nigrum
808 1019 847 1039 ex
861 1009 933 1039 albo
948 1009 1000 1044 vel
1023 1019 1061 1040 ex
1087 1008 1172 1039 molli
1193 1009 1302 1039 durum
1329 1008 1474 1050 efficitur,
1489 1013 1544 1039 aut
1557 1008 1618 1040 alin
1631 1018 1710 1051 qua-

245 1063 319 1094 dam
335 1061 518 1093 alteratione
534 1063 680 1096 mutatur,
690 1070 796 1090 nonne
811 1061 938 1092 alteram
956 1063 1038 1093 hanc
1047 1067 1150 1092 motus
1161 1061 1298 1103 speciem
1313 1063 1422 1093 merito
1434 1061 1709 1103 nuncupabimus?

245 1118 357 1151 Taso.
382 1114 510 1146 Merito.
554 1113 611 1144 So.
635 1113 683 1143 Ex
707 1113 755 1143 his
775 1115 982 1144 necessarium
1002 1119 1051 1144 est
1067 1114 1206 1154 geminas
1221 1115 1342 1154 species
1357 1121 1458 1147 motus
1474 1115 1617 1154 existere,
1631 1116 1711 1148 alte-

247 1171 399 1202 rationem
426 1168 546 1200 scilicet
562 1171 745 1208 motumque
763 1167 923 1198 localems
949 1167 1060 1198 Timo.
1083 1167 1198 1198 Probe.
1240 1167 1296 1198 So.
1320 1167 1391 1199 Effe
1406 1169 1608 1200 distinctione
1631 1175 1714 1212 pres

249 1225 355 1262 missa,
371 1224 411 1255 nd
427 1233 494 1258 eos,
510 1222 564 1263 qui
580 1221 697 1252 moveri
710 1221 817 1251 omnia
832 1220 954 1260 volunt,
964 1220 1030 1262 jam
1047 1231 1224 1262 pergamus,
1240 1225 1273 1251 et
1286 1221 1369 1252 hunc
1390 1220 1423 1251 in
1441 1223 1566 1254 modum
1581 1221 1714 1255 intorro-

242 1288 377 1321 -gemus:
403 1277 515 1308 Utrum
532 1275 698 1318 quodlibet
712 1275 855 1306 fatemini
873 1279 1007 1316 utroque
1029 1275 1127 1306 modo
1151 1274 1279 1312 moveri,
1295 1275 1458 1306 alteratum
1481 1276 1597 1318 pariter
1617 1282 1712 1320 atque

247 1331 409 1363 delatum?
433 1335 487 1361 aut
501 1329 620 1371 aliquid
642 1334 775 1370 utroque
797 1327 902 1365 modu,
917 1327 1038 1369 aliquid
1055 1328 1149 1359 unico
1163 1329 1174 1359 ?
1218 1328 1327 1360 Trito.
1350 1328 1506 1371 Equidem
1522 1332 1606 1372 quod
1622 1340 1707 1363 asse-²

248 1395 397 1433 ramlnon
423 1385 536 1415 liabeo.
581 1383 637 1415 So.
659 1383 802 1414 Arbitror
823 1387 927 1414 tamen
951 1381 1022 1413 illos
1046 1386 1179 1427 utroque
1201 1383 1296 1413 modo
1311 1383 1460 1416 dicturos.
1506 1382 1711 1427 Alioquin‚0

244 1439 360 1477 amice,
376 1439 492 1480 agitata
508 1437 598 1468 simul
614 1442 649 1468 et
662 1436 864 1468 consistentia
880 1435 1016 1478 sibiipsis
1027 1436 1171 1467 nimirum
1184 1437 1382 1479 apparebunt
1395 1449 1403 1467 :
1419 1447 1478 1469 nec
1487 1436 1587 1480 magis
1595 1438 1711 1471 moveri

247 1493 353 1525 omnia
369 1503 462 1534 quam
480 1497 561 1522 stare
576 1491 682 1522 omnia
697 1491 806 1522 licebit
828 1501 976 1522 asserere.
1017 1491 1129 1523 Tuto.
1155 1491 1240 1522 Vera
1264 1491 1411 1533 loqueris.
1455 1490 1512 1524 So.
1537 1492 1710 1535 Postquam

247 1548 366 1580 moveri
389 1547 456 1588 ipsa
470 1550 606 1587 oportet,
623 1545 796 1576 absentiam
809 1555 883 1575 vero
905 1549 1008 1575 motus
1033 1544 1111 1575 nulli
1134 1550 1324 1586 competere,
1345 1545 1451 1576 omnia
1467 1545 1576 1588 utique
1590 1556 1712 1589 semper

247 1601 334 1633 omni
358 1601 455 1642 [182]
480 1604 573 1631 motu<
582 1604 754 1630 moventur.
799 1598 909 1629 Tmzo.
932 1597 1117 1629 Necessario
1133 1599 1281 1640 sequitur.
1327 1598 1383 1630 So.
1406 1598 1544 1641 Hocage
1555 1610 1593 1630 ex
1604 1610 1710 1632 eorum

247 1656 341 1687 dictis
353 1655 528 1691 considera,
545 1653 655 1685 caloris
670 1653 792 1684 scilicet
806 1653 855 1684 vel
870 1652 1026 1684 albedinis
1042 1652 1090 1684 vel
1113 1651 1283 1693 cujuslibet
1306 1653 1551 1693 generationem.
1593 1652 1711 1686 Nonne

247 1711 382 1741 diximus
399 1719 454 1740 eos
482 1715 602 1749 putare,
618 1707 866 1749 unumquodque
891 1707 1019 1738 istorum
1044 1705 1116 1737 ferri
1141 1706 1232 1737 simul
1259 1716 1329 1738 cum
1354 1716 1446 1738 sensu
1470 1706 1554 1738 inter
1565 1713 1714 1749 agenset

249 1764 394 1806 patiens?
410 1768 457 1794 «et
473 1762 597 1804 patiens
609 1762 735 1803 quidem
751 1761 896 1792 sensibile
907 1771 985 1798 esse,
1001 1771 1066 1791 non
1090 1771 1213 1793 sensum
1227 1771 1237 1801 ;
1260 1771 1356 1802 agens
1371 1759 1475 1792 antem
1492 1761 1630 1793 efficiens
1642 1771 1714 1794 esse

248 1819 381 1860 aliquid,
396 1828 459 1848 non
476 1821 579 1847 tamen
595 1816 778 1858 qualitatem
794 1826 860 1847 esse
874 1816 885 1847 ?
930 1815 1022 1846 Forte
1037 1815 1171 1857 qualitas
1187 1820 1367 1846 extraneum
1383 1814 1441 1846 tibi
1452 1825 1566 1847 nomen
1577 1815 1712 1854 videtur,

248 1883 352 1914 neque
367 1871 459 1902 sicin
475 1881 588 1912 genere
603 1869 723 1901 dictum
740 1870 895 1911 percipis:
921 1869 954 1900 in
978 1870 1120 1912 partibus
1144 1869 1238 1911 igitur
1257 1869 1342 1900 audi.
1385 1868 1494 1911 Agens
1508 1869 1712 1912 enim-neque

248 1927 333 1960 calor
347 1935 450 1974 neque
465 1925 590 1961 albedo,
607 1925 661 1956 sed
682 1925 820 1956 calidum
844 1925 949 1966 potius
973 1924 1153 1966 albumque,
1169 1929 1334 1965 ceteraque
1361 1924 1472 1954 eodem
1495 1927 1599 1965 paeto..
1643 1922 1711 1955 Re-

248 1980 386 2013 cordaris
412 1980 457 2010 ita
481 1988 538 2010 nos
565 1989 656 2021 supra
683 1979 811 2015 dixisse,
831 1979 907 2009 nibil
926 1979 1099 2010 secundum
1116 1978 1251 2020 seipsum
1268 1987 1362 2008 unum
1379 1977 1498 2019 aliquid
1514 1987 1592 2014 esse,
1608 1987 1713 2020 nequo

248 2035 375 2077 insuper
389 2044 485 2075 agens
500 2038 554 2064 aut
569 2032 704 2074 patienS,
720 2033 774 2063 sed
790 2043 828 2064 ex
844 2032 983 2074 utrisque
999 2032 1132 2063 vicissim
1149 2031 1424 2073 congredientibus
1438 2041 1546 2062 sensus
1566 2034 1599 2062 et
1613 2031 1711 2062 sensi-

248 2089 324 2120 bilia
339 2087 518 2119 emanantia
538 2087 649 2128 partim
665 2085 731 2117 fieri
755 2086 860 2128 qualia
879 2087 1036 2127 qua’dam,
1052 2087 1162 2128 partim
1179 2096 1250 2117 vero
1274 2085 1410 2116 sentire?
1454 2085 1564 2117 Tnzo.
1587 2083 1711 2121 Quidni

247 2142 463 2174 meminerim?
509 2141 564 2172 So.
587 2141 699 2172 Cetera
726 2140 1008 2181 praetermittamus,
1035 2141 1121 2178 sicne
1145 2150 1186 2170 an
1213 2140 1302 2170 aliter
1326 2138 1446 2171 dicant.
1468 2138 1502 2170 id
1519 2148 1602 2175 vero,
1617 2138 1710 2180 cujus

249 2196 348 2237 gratia
362 2196 551 2236 disputatur,
562 2194 743 2235 diligentius
755 2196 963 2236 exquiramus.
1010 2194 1194 2230 Moventur,
1211 2198 1246 2224 ut
1260 2193 1377 2233 dicitis,
1399 2193 1564 2234 fluuntque
1579 2193 1684 2224 omnin
1697 2192 1711 2225 ἓ

247 2259 353 2280 nonne
367 2249 378 2280 ?
422 2248 532 2280 Τιηο.
557 2247 663 2281 Certe.
707 2248 765 2279 So.
788 2247 843 2278 An
870 2259 934 2278 non
961 2248 1100 2290 utrisque
1127 2248 1200 2285 illis,
1223 2258 1302 2289 quos
1329 2246 1538 2282 distinximus.
1563 2245 1710 2282 motibus,

246 2303 352 2334 delata
368 2302 459 2333 simul
474 2307 507 2332 et
522 2301 650 2332 alterata
663 2300 675 2330 ?
717 2301 828 2332 Tru-20.
851 2301 994 2338 Quidni?
1019 2301 1044 2332 si
1061 2302 1154 2332 modo
1167 2302 1303 2343 perfecte
1316 2301 1430 2331 moveri
1445 2299 1500 2331 illa
1515 2309 1642 2331 necesse
1656 2299 1708 2332 sit.

247 2356 304 2387 So.
328 2356 361 2387 Si
387 2356 480 2397 igitur
502 2355 654 2386 ferrentur
677 2355 774 2386 solum
799 2365 902 2396 neque
929 2361 1032 2385 tamen
1057 2355 1272 2391 alterarentur,
1290 2363 1449 2395 possemus
1475 2353 1711 2394 dicen-,qualia

246 2410 392 2451 quaedam
417 2410 533 2449 fluunt,
548 2419 619 2450 qnae
647 2409 796 2440 seruntur,
818 2419 858 2439 an
887 2409 1047 2450 quomodo
1075 2408 1230 2439 dicimus?
1273 2407 1383 2440 Taso.
1406 2406 1479 2437 Hoc
1503 2411 1608 2448 pacto.
1653 2406 1711 2438 So.

247 2464 407 2500 Quoniam
424 2473 495 2494 vero
512 2473 616 2504 neque
639 2462 673 2493 id
695 2467 868 2504 permanet,
882 2467 918 2492 ut
939 2462 1045 2493 albuni
1067 2462 1156 2502 fluat,
1172 2461 1255 2502 quod
1280 2461 1361 2501 fluit,
1377 2461 1431 2491 scd
1449 2464 1641 2501 permutatur
1653 2459 1716 2498 in,

246 2521 283 2548 ut
308 2516 401 2557 hujus
425 2517 524 2557 ipsius
551 2516 591 2546 sit
612 2517 711 2547 fluxus
727 2515 892 2552 albedinis,
908 2521 941 2547 et.
963 2516 996 2546 in
1022 2515 1116 2546 aliurn
1143 2515 1279 2546 colorem
1303 2514 1462 2552 transitus,
1477 2524 1518 2545 ne
1532 2513 1598 2544 ullu
1613 2503 1709 2544 modo

248 2579 431 2615 permanere
445 2570 638 2611 deprehendi
655 2571 753 2611 possit
768 2582 776 2600 ι
801 2581 874 2601 num
892 2579 1055 2611 possumus
1079 2569 1250 2610 aliquando
1264 2567 1398 2599 colorem
1415 2567 1551 2609 aliquem
1572 2575 1713 2609 pronunq¹

247 2627 324 2657 tiare
341 2625 397 2661 ita,
414 2630 448 2654 ut
462 2630 545 2654 recte
562 2624 819 2656 denominemus?
863 2622 974 2653 Timo.
997 2622 1095 2664 Atqui
1112 2633 1175 2664 quo
1191 2626 1297 2663 pacto,
1319 2633 1338 2652 ο
1364 2622 1518 2657 Socrates,
1533 2625 1590 2652 aut
1603 2620 1635 2651 in
1649 2620 1711 2652 hoo

247 2685 302 2712 aut
316 2679 349 2710 in
373 2678 434 2710 alio
450 2678 516 2708 ullo
528 2678 561 2708 id
579 2678 643 2708 fieri
659 2683 774 2719 potest,
790 2678 817 2708 si
832 2677 972 2719 quidem,
988 2677 1062 2707 dum
1078 2676 1330 2718 pronuntiamus,
1346 2675 1498 2706 continuo
1512 2673 1710 2715 subterfugit,

250 2739 363 2776 utpote
380 2732 464 2774 quod
481 2742 605 2773 semper
618 2731 711 2762 fluit?
756 2733 813 2764 So.
837 2731 922 2768 Quid
939 2741 1030 2772 porro
1045 2731 1085 2761 de
1102 2730 1213 2772 quovis
1226 2740 1318 2760 sensu
1336 2729 1519 2765 dicendum¹
1531 2726 1714 2758 ut-videndi

247 2787 298 2819 vel
315 2786 489 2818 audiendi?
513 2786 654 2826 nunquid
670 2786 704 2816 in
718 2786 842 2817 visione
857 2790 913 2816 aut
939 2785 1048 2816 auditu
1076 2784 1246 2826 aliquando
1269 2781 1471 2825 permanere?
1514 2780 1624 2812 Tuo.
1644 2779 1712 2811 Mi-

247 2841 332 2873 nime
354 2839 506 2876 omnium,
537 2839 690 2880 siquidem
716 2845 830 2871 cuncta
853 2846 1028 2871 moventur.
1073 2838 1129 2869 So.
1151 2829 1266 2880 Neque
1290 2837 1386 2879 igitur
1409 2835 1515 2866 videre
1540 2832 1711 2876 quicquam

247 2895 354 2937 potius
368 2904 461 2936 quam
477 2904 540 2924 non
557 2893 660 2924 videre
676 2893 857 2931 dicendum,
873 2903 976 2935 neque
990 2893 1052 2924 alio
1067 2892 1134 2924 ullo
1158 2902 1251 2923 sensu
1280 2891 1324 2922 uti
1347 2889 1444 2930 magis
1459 2897 1551 2930 quarn
1566 2887 1712 2925 nonuti,

246 2959 317 2981 curn
334 2948 440 2981 omnin
465 2948 589 2989 penitus
616 2952 869 2979 transmutentur.
913 2947 1024 2979 Tum.
1047 2946 1122 2979 Non
1147 2951 1242 2986 certe.
1288 2945 1344 2976 So.
1368 2943 1588 2981 Verumtamen
1601 2950 1713 2972 sensus
