1846 3268
196 271 296 322 5278]
726 265 1117 306 EU‘I‘HYDEMUS.
1579 267 1656 306 2ffl

183 375 371 407 disturbatis.
405 371 539 404 'Annuit
554 370 751 403 adolescens.
794 371 841 402 Ex
858 371 916 402 hoc
933 371 1085 412 sequitur,
1105 375 1138 401 ut
1154 370 1331 410 ignorantes
1348 368 1484 405 discant,
1501 379 1520 400 o
1536 368 1652 405 Clinia,

182 439 261 461 ¹non.
278 429 447 470 sapientes,
463 431 499 457 ut
523 425 591 467 ipse
613 424 758 466 putabas.
803 424 883 456 Cum
909 425 976 455 haec
999 424 1054 456 ille
1077 424 1218 460 dixisset,
1240 427 1389 464 tanquam
1406 423 1518 453 chorus
1534 422 1654 462 signifi-

186 487 284 514 cante
306 481 464 521 magistro,
488 489 608 509 summo
638 477 792 518 applausu
824 479 1062 509 conclamarunt
1090 478 1284 518 riseruntque
1314 476 1361 507 illi
1391 475 1587 517 Euthydemi
1620 481 1654 506 et

188 534 412 577 Dionysodori
425 536 605 564 sectatores,
650 530 698 561 Ac
715 529 797 571 prius
812 541 905 571 quam
922 531 1083 572 respiraret
1098 541 1186 572 puer,
1204 531 1283 561 bene
1299 534 1393 571 atque
1406 529 1554 570 praeclare
1570 528 1654 560 exci-

191 589 280 630 piens
301 597 471 619 sermonem
495 585 738 627 Dionysodorus
763 585 830 615 ait:
854 585 940 621 Quid
965 595 1069 626 porro,
1085 595 1104 614 0
1128 584 1254 616 Clinia?
1278 584 1405 625 quando
1422 583 1528 624 aliqua
1544 582 1655 614 recitat

188 641 418 683 grammaticus,
431 639 558 682 quinam
577 638 662 680 pueri
678 638 730 668 illa
745 637 951 679 perdiscunt?
974 639 1184 679 sapientesne,
1196 648 1236 668 an
1249 637 1450 679 ignorantes?
1473 637 1653 678 Sapientes,

173 691 292 737 'inquit
314 694 442 727 Clinias.
490 693 572 734 Ergo
596 692 752 732 sapientes
775 692 914 729 discunt,
930 703 992 722 non
1015 692 1205 732 ignorantes.
1228 702 1324 732 quare
1348 702 1411 722 non
1431 696 1513 722 recte
1529 690 1654 732 Euthyo-

188 750 282 781 demo
299 748 392 790 paulo
408 752 480 778 ante
497 746 698 788 respondisti.
742 745 805 777 Hic
821 745 913 776 altius
927 745 1139 777 exclamarunt
1152 745 1347 786 riseruntque
1363 745 1483 775 illorum
1500 745 1653 786 astipula-

190 808 284 839 tores,
305 800 500 844 Euthydemi
515 796 795 842 Dionysodorique
819 799 1004 841 sapientiam
1020 798 1175 830 admirati.
1220 798 1290 830 Nos
1309 803 1412 829 autem
1429 798 1516 839 quasi
1533 798 1655 839 stupidi

189 856 408 888 conticuimus.
453 856 533 887 Cum
549 864 622 896 ergo
637 864 695 885 nos
710 853 931 896 Euthydemus
947 853 987 884 ad
1003 854 1071 884 haec
1085 853 1228 894 stupidos
1244 852 1383 883 redditos
1399 863 1466 883 esse
1481 862 1652 893 cognosce⁴

188 915 247 948 ret,
263 916 298 942 ut
311 911 344 940 in
361 909 505 952 majorem
519 919 646 951 quoque
661 907 707 938 sui
722 907 958 939 admirationem
974 909 1121 947 traheret,
1137 907 1276 938 nondum
1290 906 1409 937 dimisit
1432 916 1573 947 puerum,
1597 906 1651 936 sed

188 964 318 996 ulterius
344 974 415 994 eum
437 962 649 1004 interrogavit,
675 967 770 1003 atque
793 961 917 998 illorum
945 971 1028 993 more
1052 961 1107 1003 qui
1132 960 1167 991 in
1190 962 1286 992 choro
1311 966 1385 991 sunt
1408 961 1447 991 ad
1474 960 1653 991 saltandum

190 1016 597 1059 promptissimi„duplicem
614 1016 696 1047 circa
713 1026 775 1047 rem
790 1016 923 1047 eandem
939 1015 1144 1056 quaestionem
1161 1014 1286 1046 invertit
1301 1015 1432 1046 dicens:
1456 1014 1570 1046 Utrum
1586 1014 1653 1046 dis-

189 1076 297 1103 centes
321 1081 390 1113 quae
415 1071 530 1108 sciunt,
546 1070 684 1106 discunt,
709 1080 748 1100 an
771 1079 842 1111 quae
861 1069 1030 1101 nesciunt?
1075 1069 1166 1100 Tunc
1189 1069 1433 1111 Dionysodorus
1447 1068 1560 1100 iterum
1579 1068 1655 1099 mihi

190 1135 349 1156 susurrans
363 1126 402 1156 ad
419 1135 518 1162 aures,
534 1124 624 1160 Tale,
640 1124 755 1165 inquit,
770 1135 789 1154 o
805 1123 962 1160 Socrates,
977 1128 1024 1154 est
1038 1128 1071 1155 et
1085 1124 1157 1160 hoc,
1185 1123 1278 1165 quale
1301 1123 1386 1164 quod
1403 1133 1495 1164 supra
1511 1122 1571 1154 fuit
1586 1122 1656 1154 illa-

190 1184 269 1210 turn.
314 1180 398 1210 Proh
412 1179 572 1221 Juppiter,
588 1178 730 1220 inquam,
745 1188 838 1219 quam
855 1177 1023 1220 praeclara:
1048 1177 1143 1209 etiam
1163 1177 1305 1218 superior
1318 1177 1408 1208 nobis
1424 1176 1489 1207 visa
1505 1181 1554 1208 est
1567 1187 1654 1219 quae·

188 1233 265 1264 stio.
307 1233 359 1264 Ita
382 1243 516 1275 semper,
537 1232 594 1274 ait,
621 1231 816 1262 inevitabiles
845 1232 1036 1272 quaestiones
1062 1231 1277 1272 proponimus.
1321 1230 1465 1272 Ideoque
1490 1230 1652 1268 videmini,

189 1287 333 1328 inquam,
359 1288 446 1329 apud
470 1286 642 1327 discipulos
668 1290 783 1316 vestros
804 1286 1022 1317 auctoritatem
1048 1286 1162 1316 habere
1185 1295 1249 1316 non
1277 1286 1476 1317 mediocrem.
1522 1284 1654 1316 Interim

189 1340 310 1373 Clinias
326 1340 527 1382 Euthydemo
543 1339 715 1380 respondit,
731 1349 785 1370 eos
807 1339 862 1380 qui
887 1339 1025 1375 discunt,
1041 1350 1113 1380 quae
1138 1339 1284 1380 ignorant
1309 1339 1495 1380 perdiscere.
1540 1337 1654 1370 Statim

187 1393 243 1425 ille
257 1405 340 1430 eum,
355 1394 618 1435 quemadmodum
642 1398 674 1424 et
698 1398 783 1429 ante,
799 1393 1014 1434 interrogavit.
1037 1393 1134 1435 [277]
1159 1392 1269 1425 Scisne
1295 1393 1364 1434 ipse
1391 1392 1520 1424 literas?
1565 1392 1653 1424 Scio.

188 1447 306 1479 Nonne
322 1448 451 1479 omnes?
498 1447 540 1478 Et
555 1458 674 1478 omnes.
721 1447 860 1484 Quando
877 1447 991 1488 aliquis
1007 1447 1128 1483 recitat,
1144 1457 1250 1478 nonne
1266 1447 1369 1478 literas
1385 1446 1519 1478 recitat?
1565 1447 1652 1478 Con·

187 1501 294 1533 cessit.
338 1501 421 1543 Ergo
436 1501 490 1533 illa
506 1511 576 1542 quae
593 1501 653 1532 scis
665 1500 794 1532 recitat:
819 1500 1077 1542 quandoquidem
1101 1500 1167 1542 ipse
1183 1511 1292 1532 omnes
1304 1501 1364 1532 scis
1380 1500 1494 1532 literas.
1539 1499 1655 1532 Admi-

188 1555 229 1586 sit
241 1561 273 1587 et
287 1554 383 1587 istud.
428 1555 547 1586 Nonne
562 1554 656 1586 discis
671 1565 742 1596 qua:
757 1553 827 1596 quis
849 1555 1012 1586 recenset?
1058 1554 1215 1586 Assensus
1230 1559 1289 1587 est.
1338 1554 1390 1586 An
1406 1564 1480 1585 vero
1505 1554 1651 1596 ignorans

184 1609 293 1641 literas
308 1609 425 1640 discis?
470 1609 618 1641 Minime.
641 1609 736 1639 immo
761 1608 862 1639 sciens
889 1608 989 1639 disco.
1033 1607 1150 1639 Nonne
1178 1609 1271 1649 igitur
1292 1619 1363 1650 quae
1388 1609 1460 1649 scis,
1484 1608 1602 1640 discis?
1625 1609 1653 1640 si

187 1663 439 1704 quidemomnes
466 1663 526 1694 scis
549 1662 663 1693 literas.
707 1661 844 1693 Annuit.
890 1662 965 1695 Non
990 1667 1072 1694 recte
1093 1662 1202 1704 itaque
1229 1663 1428 1704 respondisti.
1473 1662 1534 1694 Vix
1547 1667 1652 1694 autem

187 1717 309 1749 dixerat
324 1718 391 1749 haec
407 1717 638 1759 Euthydemus,
655 1726 726 1747 cum
752 1716 998 1758 Dionysodorus
1023 1710 1171 1758 tanqua'm
1197 1718 1348 1758 sphaeram
1371 1728 1544 1750 sermonem
1564 1727 1655 1748 assu-

188 1781 287 1808 mens,
303 1772 450 1803 adversus
475 1770 744 1802 adolescentulum
769 1771 838 1802 brec
863 1770 981 1803 intulit.
1029 1770 1160 1812 Decipit
1183 1776 1213 1802 te
1240 1771 1474 1814 Euthydemus,
1495 1782 1513 1801 o
1536 1771 1653 1803 Clinia.

187 1824 251 1856 Dic
265 1825 340 1855 mihi
355 1836 362 1855 :
387 1825 442 1855 An
458 1835 520 1855 non
536 1825 654 1856 discere
670 1830 718 1855 est
734 1825 895 1856 scientiam
911 1824 996 1856 illins
1011 1824 1167 1866 accipere.
1185 1825 1271 1866 quod
1287 1825 1357 1866 quis
1372 1823 1489 1856 discit?
1535 1823 1653 1856 Admi-

186 1878 228 1914 sit
247 1879 379 1910 Clinias.
425 1879 510 1910 Scire
534 1883 636 1909 autem
653 1878 794 1919 nunquid
812 1878 895 1909 aliud
919 1884 978 1915 est,
1003 1889 1095 1920 quam
1119 1879 1281 1910 scientiam
1309 1879 1409 1920 ipsam
1429 1878 1497 1920 jam
1513 1879 1652 1911 habere?

188 1932 364 1964 concessit.
407 1931 537 1963 Nescire
553 1931 646 1972 igitur
661 1938 709 1963 est
724 1932 864 1963 nondum
892 1933 1005 1964 habere
1027 1933 1214 1964 scientiam?
1262 1933 1363 1964 Dedit
1388 1938 1420 1964 et
1441 1933 1536 1964 istud.
1582 1933 1654 1964 Utri

186 1997 250 2018 rem
275 1986 411 2027 aliquam
434 1985 587 2027 capiunt?
609 1986 670 2027 qui
690 1987 819 2023 habent,
834 1997 874 2017 an
890 1987 942 2028 qui
969 1997 1033 2017 non
1057 1987 1201 2017 habent?
1247 1987 1314 2024 Qui
1339 1998 1404 2017 non
1426 1987 1554 2018 habent.
1598 1987 1652 2019 An

186 2051 251 2072 non
274 2040 434 2071 consessus
457 2051 501 2076 ες,
517 2039 693 2071 nescientes
718 2039 860 2071 homines
881 2051 919 2071 ex
941 2040 1064 2072 illorum
1088 2051 1216 2071 numero
1246 2052 1325 2077 esse,
1342 2041 1396 2083 qui
1420 2052 1486 2072 non
1512 2041 1652 2072 habent?

185 2093 321 2127 Annuit.
366 2093 536 2125 Discentes
552 2093 647 2134 igitur
666 2105 709 2124 ex
732 2094 854 2125 illorum
871 2105 999 2126 numero
1016 2100 1100 2132 sunt,
1117 2095 1170 2136 qui
1187 2094 1328 2136 capiunt,
1343 2106 1406 2125 non
1422 2106 1460 2126 ex
1475 2105 1581 2126 eorum
1597 2095 1653 2137 qui

187 2148 315 2181 habent.
359 2146 520 2182 Probavit.
568 2147 648 2188 Ergo
675 2147 730 2189 qui
752 2147 910 2186 nesciunt,
926 2160 944 2180 o
971 2148 1087 2185 Clinia,
1103 2149 1243 2185 discunt,
1257 2159 1322 2179 non
1349 2149 1403 2189 qui
1418 2148 1533 2179 sciunt.
1575 2148 1656 2180 Post

187 2201 256 2233 ltaec
266 2211 339 2232 vero
354 2200 446 2232 tertio
459 2201 525 2243 jam
546 2202 714 2233 certamine
730 2213 914 2244 oppugnare
930 2202 1152 2244 Euthydemus
1168 2203 1436 2234 adolescentulum
1452 2203 1653 2244 properabat.

188 2254 257 2295 Ego
272 2259 375 2286 autem
391 2255 646 2287 succumbentem
671 2255 844 2293 miseratus,
860 2262 896 2287 ut
918 2267 988 2287 eum
1013 2256 1141 2297 paulum
1163 2267 1344 2298 recrearem,
1360 2267 1401 2287 ne.
1427 2256 1507 2287 sorte
1523 2256 1653 2288 nimium

187 2314 417 2350 expavesceret,
433 2309 516 2340 hunc
533 2309 565 2339 in
580 2309 707 2340 modum
722 2310 876 2342 consolari
891 2310 992 2352 coepi:
1017 2310 1068 2341 Ne
1085 2309 1212 2347 mireris,
1229 2321 1247 2341 ο
1274 2310 1390 2347 Clinia,
1413 2310 1441 2341 si
1466 2310 1582 2342 insueti
1597 2311 1655 2342 tibi

187 2372 343 2393 sermones
360 2363 411 2394 isti
426 2363 572 2394 videntur
586 2374 593 2394 ε
617 2364 695 2394 forte
711 2374 846 2406 namque
863 2375 926 2394 non
944 2364 1090 2406 percipis,
1107 2364 1181 2404 quid
1198 2374 1271 2405 erga
1294 2369 1325 2395 te
1349 2364 1488 2404 hospites
1510 2364 1563 2395 isti
1576 2365 1654 2396 faci-

188 2420 254 2447 ant.
298 2415 389 2448 Idem
406 2416 546 2457 profecto
557 2416 690 2455 faciunt,
700 2418 786 2459 quod
802 2417 940 2448 furentes
954 2418 1131 2449 sacerdotes
1142 2417 1199 2454 illi,
1212 2417 1266 2459 qui
1276 2418 1475 2460 Corybantes
1489 2423 1652 2456 vocantur,

189 2470 222 2501 in
238 2470 392 2511 mysteriis
407 2475 516 2512 agunt,
535 2471 664 2512 quando
680 2471 712 2502 in
739 2471 817 2502 solio
834 2471 993 2502 collocant
1007 2471 1096 2502 illum
1113 2482 1205 2512 quem
1222 2471 1317 2503 sacris
1331 2471 1482 2503 initiaturi
1498 2477 1582 2510 sunt,
1599 2482 1652 2503 va-

189 2523 305 2564 riisque
317 2522 400 2563 jocis
415 2524 615 2565 applaudunt
627 2531 659 2556 et
673 2526 803 2556 choreas
817 2526 949 2557 ducunt.
995 2525 1175 2566 Intelligere
1189 2526 1256 2557 haec
1272 2531 1302 2556 te
1316 2525 1456 2567 arbitror,
1469 2525 1497 2558 si
1513 2526 1605 2557 modo
1620 2530 1654 2557 et

189 2576 258 2618 ipse
275 2576 414 2608 initiatus
430 2587 476 2609 οε.
521 2577 650 2609 Ludunt
665 2579 804 2610 similiter
817 2579 868 2610 isti
886 2590 982 2616 nunc,
999 2584 1031 2610 et
1046 2579 1127 2610 circa
1142 2584 1173 2610 te
1187 2580 1316 2610 choreas
1331 2579 1452 2611 ducunt
1467 2590 1504 2611 ac
1525 2579 1653 2617 saltant,

191 2630 280 2671 quasi
304 2640 388 2662 nunc
410 2631 573 2672 expiantes
595 2637 627 2663 te
654 2638 692 2666 et,
709 2638 822 2674 postea
838 2634 931 2665 sacris
953 2633 1119 2665 initiatur-i.
1165 2633 1278 2674 Itaque
1293 2633 1497 2675 inpraesentia
1510 2632 1653 2665 existima

190 2683 304 2726 primas
319 2684 468 2725 quasdam
485 2695 637 2717 sacrorum
649 2686 888 2728 sophisticorum
902 2688 1087 2719 cerimonias
1097 2687 1258 2723 celebrari.
1281 2697 1352 2718 nam
1367 2687 1501 2729 primum
1513 2687 1654 2729 quidem,

190 2737 329 2779 utjubet
343 2738 508 2775 Prodicus,
525 2739 664 2781 proprias
678 2740 839 2773 nominum
856 2740 1104 2782 significationes
1120 2745 1248 2781 oportet
1261 2740 1423 2782 accipere:
1447 2740 1534 2781 quod
1549 2745 1582 2771 et
1593 2740 1652 2771 tibi

189 2791 329 2833 hospites
343 2791 398 2822 isti
419 2793 624 2825 ostenderunt
646 2794 729 2825 circa
743 2795 775 2824 id
791 2795 877 2836 quod
893 2795 1012 2827 discere
1026 2794 1217 2828 nominatur.
1242 2793 1333 2836 cujus
1355 2794 1577 2835 proprietatem
1596 2793 1654 2824 mi-

190 2845 275 2877 nime
290 2845 383 2877 nosti.
407 2851 536 2877 utuntur
552 2847 636 2878 enim
651 2848 744 2879 verbo
760 2849 820 2879 hoc
836 2849 978 2879 homines
994 2849 1034 2879 ad
1051 2859 1122 2879 eum
1138 2853 1241 2880 actum
1257 2847 1508 2889 significandum,
1524 2847 1652 2888 quando

191 2899 305 2940 aliquis
320 2900 359 2930 ab
374 2900 465 2932 initio
481 2901 523 2932 rei
539 2900 672 2942 alicujus
697 2902 860 2934 scientiam
885 2902 1002 2933 nullam
1024 2903 1142 2934 habens
1155 2903 1271 2934 deiude
1287 2902 1370 2933 illius
1393 2899 1554 2932 scientiam
1570 2899 1652 2930 acci-

190 2952 247 2994 pit.
270 2952 367 2996 [278]
392 2959 520 2987 utuntur
535 2955 610 2997 quin
626 2955 721 2988 etiam
739 2957 831 2989 verbo
856 2957 969 2990 eodem
995 2957 1034 2989 ad
1059 2956 1358 2989 animadversionem
1375 2954 1459 2986 illius
1473 2952 1653 2993 significem
