1846 3268
174 301 268 353 1133]
728 297 1080 337 THEAETETUS.
1563 301 1642 340 -243

169 406 278 446 pisset,
291 405 458 437 ostendens
482 404 565 446 quod
587 413 643 434 nos
655 413 724 434 eum
742 408 894 444 tanquam'
907 403 999 434 deum
1018 407 1144 445 propter
1159 402 1344 444 sapientiam
1359 401 1558 440 admiremur,
1574 403 1641 446 ipse

167 466 271 491 autem
287 459 384 490 nihilo
401 458 470 501 plus
483 457 584 498 sapiat
599 467 691 499 quam
709 467 783 487 rana
799 457 923 499 gyrina,
933 457 1050 488 nedum
1067 456 1139 498 plus
1155 467 1248 498 quam
1264 456 1426 487 hominum
1442 457 1567 499 aliquis.
1583 458 1639 488 al‘r-

167 519 253 545 terne
277 514 427 550 dicemus,
442 511 629 543 Tlieodore?
676 510 710 543 Si
726 510 841 553 cuique
857 521 962 542 verum
989 516 1050 548 est,
1065 511 1151 553 quod
1179 511 1314 553 quisque
1340 521 1397 552 per
1418 521 1542 542 sensum
1567 512 1637 554 opi-

167 573 268 604 natur.
280 578 381 609 neque
396 566 522 598 alterius
538 566 685 598 effectum
703 566 781 596 alter
797 566 909 596 melius
932 565 1072 607 judicat,
1085 576 1188 607 neque
1213 565 1397 607 opinionem
1421 565 1548 596 alterius
1573 565 1638 596 dis·

166 632 290 652 cernere
301 621 371 662 quis
386 620 490 663 aptius
506 631 598 662 quam
616 620 694 650 alius
713 624 828 661 potest,
846 629 959 650 verane
974 619 1014 650 sit
1027 629 1065 650 an
1079 619 1168 655 salsa,
1185 620 1253 657 sed,
1270 624 1305 650 ut
1316 630 1399 662 saepe
1407 619 1474 662 jam
1489 619 1639 661 repetivi-

166 686 245 711 mus,
262 674 394 717 quisque
420 685 474 706 sua
503 674 601 705 solum
623 674 780 716 opinatur,
796 679 828 705 et
851 684 889 705 ea
913 674 1040 715 quidem
1065 678 1149 705 recta
1173 674 1278 705 omnia
1303 679 1397 716 atque
1414 684 1508 705 vera:
1533 667 1636 710 cur,'o

163 729 273 766 amice,
289 729 476 771 Protagoras
492 729 560 770 ipse
577 729 657 759 adeo
673 727 797 770 sapiens
823 727 955 768 exstitit,
969 732 1004 758 ut
1029 727 1159 758 aliorum
1177 733 1364 770 praeceptor,
1381 728 1524 759 mercede
1540 727 1634 758 ctiam

161 783 265 824 ampla
274 783 424 819 exhibita.
439 783 554 825 dignus
563 783 732 814 admodum
745 781 871 813 habitus
894 782 956 822 sit;
980 791 1036 812 nos
1051 785 1156 812 autem
1171 781 1312 812 rudiores
1328 780 1460 823 ejusque
1477 781 1629 822 discipuli

156 837 323 878 judicandi
339 838 349 869 ?
373 848 443 868 cum
459 842 563 868 tamen
576 837 709 879 quisque
722 836 886 878 sapientiae
897 835 1184 878 propri-<emensum
1198 835 1239 866 sit
1254 848 1262 867 z
1287 836 1318 867 in
1330 836 1380 867 his
1391 836 1551 877 quomodo
1568 845 1633 866 non

161 891 328 933 vulgariter
341 897 476 933 nugetur
491 892 701 933 Protagoras?
747 890 892 922 Studium
909 900 1036 932 quoque
1053 900 1157 921 meum
1174 889 1364 922 obstetriciae
1380 889 1539 922 facultatis
1561 900 1632 932 per-

161 945 261 976 simile
275 955 368 987 quam
385 946 548 977 ridiculum
565 946 645 977 erit:
670 945 764 976 immo
777 950 809 976 et
825 955 918 976 omne
934 945 1106 976 disserendi
1131 945 1266 976 officium
1284 944 1389 976 inane.
1412 954 1482 975 narn
1499 949 1633 976 conatus

159 999 210 1030 isti
236 1000 427 1032 discutiendi
441 999 683 1043 *refellendique
710 999 844 1031 vicissim
874 999 1055 1040 phantasias
1088 1003 1121 1030 et
1146 999 1327 1041 opiniones,
1355 1009 1425 1030 cum
1454 1003 1548 1030 rectae
1572 998 1636 1029 sint

162 1064 283 1091 omnes,
304 1054 401 1096 [162]
425 1053 500 1085 nihil
517 1059 608 1085 erunt
623 1053 707 1084 aliud
724 1063 818 1095 quam
836 1053 1000 1084 manifesta
1015 1053 1232 1090 deliramenta,
1248 1053 1273 1084 si
1288 1064 1375 1084 verus
1390 1058 1437 1084 est
1454 1053 1634 1094 Protagoras

161 1107 239 1138 liber
262 1118 366 1150 neque
388 1108 467 1139 clam
489 1109 626 1149 jocatur.
670 1108 780 1140 Tmzo.
805 1107 834 1138 O
858 1107 1012 1144 Socrates,
1029 1108 1148 1139 amicus
1171 1118 1242 1139 cum
1269 1108 1339 1144 sim,
1366 1107 1631 1150 queamdmodum

160 1162 229 1203 ipse
245 1163 338 1193 modo
353 1162 494 1198 dicebas,
512 1171 671 1203 nunquam
689 1166 811 1203 paterer
827 1162 1023 1192 concedente
1039 1172 1088 1193 me
1105 1161 1307 1203 Protagoram
1328 1162 1481 1193 confutari
1497 1173 1505 1192 ι
1529 1171 1634 1203 neque

160 1216 216 1247 tibi
234 1226 334 1247 rursus
359 1221 471 1257 praeter
497 1227 596 1247 meam
623 1216 808 1248 sententiam
830 1226 1003 1258 repugnare
1018 1215 1141 1248 vellem.
1187 1216 1258 1258 Age
1272 1216 1369 1258 igitur
1394 1216 1499 1246 omnia
1520 1215 1634 1246 iterum

159 1280 230 1300 cum
246 1270 420 1302 Theaeteto.
444 1270 560 1302 etenim
586 1275 660 1312 apte
684 1270 816 1301 nimium
840 1270 1069 1313 diligenterque
1096 1270 1264 1302 obsecutus
1287 1270 1342 1300 tibi
1358 1270 1453 1301 fuisse
1480 1271 1632 1301 hactenus

158 1323 240 1354 visus
255 1329 314 1355 est.
359 1325 415 1356 So.
439 1323 472 1354 Si
489 1324 747 1356 Lacedaemonem
763 1325 934 1366 profectus,
948 1324 1126 1362 Theodore,
1141 1325 1181 1356 ad
1194 1324 1367 1366 palaestram
1383 1324 1461 1355 alios
1477 1324 1630 1366 quosdam

156 1376 271 1408 inertes
286 1378 405 1409 nudato
432 1389 561 1420 corpore
585 1379 720 1411 exerceri
734 1379 867 1416 videres,
883 1389 922 1410 an
948 1389 1012 1409 non
1037 1389 1140 1421 operae
1164 1379 1299 1420 pretium
1324 1379 1466 1416 duceres,
1491 1378 1628 1420 speciem

156 1435 239 1462 tunm
256 1432 350 1463 nudis
366 1432 510 1464 membris
524 1433 627 1474 palam
643 1444 715 1465 cum
732 1433 792 1464 illis
807 1434 947 1465 conferre
963 1434 974 1464 ?
1018 1433 1129 1466 Τιιεο.
1153 1433 1270 1465 Verum
1298 1433 1373 1475 quid
1397 1433 1512 1475 putas?
1536 1433 1563 1464 si
1578 1443 1630 1464 me

157 1486 382 1525 permit-terent,
404 1488 668 1529 quemadmodum
684 1499 739 1519 vos
761 1487 793 1519 in
817 1488 986 1530 praesentia
1010 1487 1212 1530 permissuros
1235 1499 1339 1530 spem,
1355 1492 1391 1519 ut
1415 1498 1475 1530 ego
1500 1488 1629 1529 quidem

156 1539 255 1570 solum
272 1545 425 1583 spectem,
441 1551 543 1583 neque
561 1542 592 1573 in
609 1542 806 1585 gymnasium
823 1542 925 1584 rapiar
940 1542 987 1573 vir
1011 1542 1088 1573 dura
1109 1541 1175 1584 jam
1192 1547 1278 1578 cute,
1294 1542 1343 1573 illi
1358 1546 1463 1574 autem
1480 1541 1628 1573 libentius

152 1604 223 1625 cum
243 1594 362 1636 juniori
377 1596 574 1639 molliorique
597 1597 767 1629 luctentur.
814 1597 870 1629 So.
897 1597 1014 1639 Atque‘
1032 1596 1056 1628 si
1081 1597 1137 1628 tibi
1164 1597 1210 1638 id,
1225 1608 1244 1629 ο
1259 1596 1438 1636 Theodore,
1447 1595 1626 1637 jocundum

153 1652 212 1688 est,
228 1658 331 1691 neque
346 1649 421 1680 mihi
438 1650 533 1680 etiam
548 1655 597 1681 est
612 1650 791 1688 molestum,
805 1655 840 1682 ut
855 1651 927 1681 trito
945 1651 1110 1693 proverbio
1126 1651 1232 1683 fertur.
1277 1650 1508 1693 Aggrediamur
1519 1650 1626 1691 itaque

151 1711 254 1733 rursus
269 1702 444 1744 sapientem
468 1702 677 1736 Theaetetum.
722 1704 786 1736 Dic
811 1705 952 1736 obsecro.
996 1703 1171 1742 Theaetete,
1186 1704 1320 1747 primum
1346 1715 1418 1746 quae
1443 1705 1538 1735 modo
1555 1714 1626 1745 per-

153 1754 316 1794 currimus,
330 1767 436 1788 nonne
453 1763 484 1787 tu
503 1768 629 1800 quoque
645 1758 817 1796 miraberis,
843 1759 869 1790 si
887 1758 989 1790 subito
1005 1758 1208 1789 nihilominus
1224 1769 1375 1800 appareas
1390 1755 1515 1800 sapiens
1531 1768 1625 1800 quam

152 1809 287 1851 quilibet
300 1810 460 1842 hominum
478 1812 525 1842 vel
549 1812 676 1843 deorum
691 1813 702 1843 ?
727 1812 871 1854 nunquid
897 1813 1118 1854 Protagoream
1133 1813 1219 1843 illam
1235 1823 1410 1844 mensuram
1426 1813 1531 1854 quoad
1548 1813 1627 1844 deos

151 1863 252 1894 minus
278 1874 371 1906 quam
398 1866 503 1907 quoad
530 1866 672 1897 homines
697 1867 858 1898 inductam
886 1866 982 1897 fuisse
1006 1877 1116 1897 censes
1130 1866 1141 1896 ?
1185 1866 1234 1897 Ta
1242 1878 1271 1897 Ε.
1295 1866 1384 1904 Non,
1411 1877 1468 1909 per
1489 1867 1601 1899 Jovem
1616 1878 1626 1906 ;

150 1917 276 1959 quodve
291 1928 380 1959 rogas
395 1929 584 1960 magnopere
608 1919 712 1951 miror.
734 1919 810 1950 dum
834 1920 916 1950 enim
934 1930 1027 1960 supra
1050 1919 1298 1961 exponebamus,
1321 1930 1386 1962 qua
1400 1920 1520 1951 ratione
1536 1920 1623 1962 quod

150 1971 265 2012 cuique
282 1971 416 2009 videtur,
430 1972 463 2002 id
480 1971 594 2015 cuique
610 1983 717 2003 verum
739 1977 798 2010 est,
814 1972 893 2004 scite
918 1972 1088 2005 admodum
1112 1973 1177 2004 dici
1194 1973 1381 2006 videbatur:
1406 1985 1492 2006 nunc
1515 1979 1621 2006 autem

150 2024 305 2056 contraria
327 2025 491 2057 confestim
515 2027 625 2068 opinio
651 2027 758 2058 subiit.
805 2028 862 2059 So.
885 2026 1020 2060 Juvenis
1047 2028 1152 2059 adhuc
1175 2038 1220 2070 es,
1236 2038 1255 2059 o
1280 2028 1392 2066 amice,
1407 2029 1504 2060 immo
1526 2019 1620 2061 etiam

148 2089 236 2120 puer,
252 2084 285 2110 et
308 2079 424 2111 iccirco
449 2080 602 2112 concione
618 2079 712 2112 facile
736 2081 941 2123 persuadetis.
987 2081 1039 2112 Ad
1067 2081 1135 2112 liaec
1161 2081 1244 2112 enim
1270 2082 1458 2124 Protagoras
1474 2088 1507 2113 et
1521 2083 1624 2125 quivis

147 2132 227 2163 alius
241 2132 310 2175 ejus
325 2138 460 2166 sectator
475 2135 572 2172 dicet,
589 2135 619 2167 Ο
635 2136 780 2177 generosi
804 2135 894 2178 pueri
911 2141 1005 2178 atque
1021 2135 1091 2174 viri,
1107 2136 1147 2167 ad
1164 2136 1349 2168 concionem
1366 2137 1505 2168 animum
1531 2138 1622 2169 adhi-

146 2187 230 2224 bete,
245 2190 423 2227 convenite,
449 2190 590 2232 deosque
618 2190 650 2222 in
677 2191 815 2222 medium
831 2191 984 2227 inducite,
1000 2191 1041 2222 de
1069 2190 1183 2232 quibus
1209 2201 1281 2233 ego,
1296 2196 1398 2222 utrum
1415 2191 1479 2222 sint
1492 2201 1531 2222 an
1555 2201 1622 2223 non

147 2241 220 2279 sint,
236 2253 339 2285 neque
352 2244 546 2286 loquendum
563 2255 667 2287 neque
683 2245 881 2276 scribendum
898 2244 1028 2276 censui:
1052 2249 1085 2276 et
1100 2255 1171 2286 quae
1188 2245 1279 2276 multi
1294 2245 1459 2276 audientes
1475 2245 1623 2277 admitte-

145 2300 225 2332 rent,
241 2296 309 2328 haec
332 2296 441 2336 dicite,
457 2298 542 2340 quod
567 2309 659 2340 grave
683 2303 777 2340 esset,
794 2298 855 2329 nisi
881 2298 1017 2341 quilibet
1031 2298 1078 2329 vir
1099 2299 1229 2330 cuilibet
1245 2299 1336 2330 bruto
1351 2298 1510 2342 sapientia
1524 2300 1620 2341 longe

145 2355 315 2390 praestaret.
347 2351 644 2383 demonstrationem
672 2363 745 2384 vero
770 2353 1055 2395 necessitatemque
1082 2351 1199 2383 nulla'm
1227 2353 1350 2394 afferte,
1376 2354 1432 2385 sed
1457 2353 1619 2386 verisimili

143 2408 263 2435 tantum
279 2404 400 2437 ratione
416 2405 551 2438 utimini.
578 2417 640 2449 qua
655 2407 680 2438 si
695 2406 792 2438 vellet
801 2406 986 2438 Theodorus
1002 2411 1056 2438 aut
1072 2406 1175 2448 quivis
1190 2407 1270 2438 alius
1285 2413 1443 2449 geometra
1458 2409 1491 2439 in
1507 2409 1617 2451 dispu-

142 2456 314 2489 tationibus
343 2460 539 2501 geometricis
565 2461 624 2499 uti,
652 2460 770 2493 nullius
794 2471 920 2503 prorsus
948 2461 1164 2494 aestimaretur.
1209 2461 1414 2494 Considerate
1444 2463 1550 2506 igitur,
1580 2468 1614 2494 tu

143 2509 233 2541 simul
255 2517 349 2554 atque
372 2513 568 2554 Theodorus,
584 2520 687 2547 utrum
714 2526 870 2547 sermones
894 2515 989 2547 tantis
1008 2516 1049 2547 de
1074 2515 1165 2547 rebus
1191 2516 1313 2548 ratione
1337 2517 1435 2559 [163]
1460 2517 1618 2559 probabili

142 2565 341 2598 confirmatos
361 2569 550 2610 suscipiatis.
594 2570 680 2601 Tim.
703 2570 827 2612 Injuste
842 2575 875 2602 et
890 2575 938 2612 tu,
955 2582 973 2602 ο
999 2570 1155 2612 Socrates,
1171 2575 1204 2602 et
1226 2582 1284 2602 nos
1299 2571 1507 2613 loqueremur.
1551 2571 1614 2603 Sed

135 2618 203 2659 jam
217 2620 280 2651 alio
296 2626 390 2662 pacto
405 2623 677 2661 considerandum,
695 2629 730 2655 ut
743 2631 778 2656 tu
793 2625 1042 2666 Theodorusque
1058 2625 1253 2658 consentitis.
1299 2625 1410 2658 Timo.
1434 2625 1507 2658 Alio
1518 2631 1618 2658 certe.

141 2673 198 2705 So.
221 2674 272 2705 Sic
295 2675 404 2717 utique
426 2677 612 2718 cogitemus,
629 2679 709 2711 sitne
731 2679 815 2711 idem
840 2680 972 2711 scientia
999 2684 1031 2711 ct
1054 2690 1176 2720 sensus,
1192 2690 1232 2711 an
1257 2679 1355 2711 aliud.
1378 2680 1418 2711 ad
1440 2681 1502 2712 hoc
1528 2680 1614 2711 enim

139 2727 241 2759 omnis
255 2729 395 2771 superior
408 2741 508 2762 sermo
523 2733 682 2774 vergebat,
699 2738 731 2765 et
744 2733 839 2776 hujus
855 2735 954 2776 gratia
976 2734 1131 2775 permulta
1156 2738 1251 2775 atque
1274 2733 1416 2766 miranda
1441 2734 1614 2776 tetigimus,

140 2781 168 2812 T
170 2792 228 2813 ms.
251 2782 304 2815 Sic
319 2788 367 2815 est
382 2785 523 2818 omnino.
569 2786 626 2818 So.
650 2787 891 2826 Confitebimur,
907 2799 1106 2830 quaecunque
1122 2789 1259 2819 videndo
1277 2789 1325 2820 vel
1342 2788 1501 2820 audiendo
1516 2788 1613 2820 senti-

140 2845 219 2874 mus,
241 2837 352 2869 eadem
368 2843 400 2870 et
415 2839 493 2871 scire
508 2840 519 2870 ἓ
545 2845 580 2870 ut
596 2846 672 2882 puta
695 2841 892 2873 barbarorum
908 2853 1031 2878 vocem,
1047 2847 1215 2884 antequam
1239 2842 1452 2881 didicerimus,
1468 2843 1613 2875 dicemus

138 2900 202 2920 non
217 2891 324 2924 audire
334 2893 463 2935 quando
479 2894 675 2936 loquuntur?
699 2906 739 2927 an
755 2896 862 2928 audire
874 2896 1015 2938 scireque
1026 2897 1116 2928 simul
1130 2897 1140 2927 ?
1165 2897 1362 2929 etliterarum
1376 2907 1501 2939 prorsus
1513 2895 1614 2937 ignari

139 2954 209 2974 cum
235 2944 368 2978 illarum‘
380 2952 561 2980 contextum
586 2949 766 2991 aspicimus,
783 2961 858 2981 num
880 2950 984 2982 videre
1001 2961 1058 2982 nos
1073 2962 1125 2982 eas
1150 2951 1354 2993 negabimus?
1378 2961 1418 2982 an
1434 2956 1466 2981 et
1479 2950 1569 2986 scire,
1585 2948 1611 2979 si

137 2997 230 3028 modo
247 2997 423 3041 viderimus,
441 3004 635 3037 asseremus?
680 3003 766 3036 Tun.
790 3004 948 3047 Idunum,
965 3017 983 3036 o
1005 3006 1159 3044 Socrates,
1176 3007 1261 3047 quod
1284 3006 1317 3037 'm
1344 3004 1391 3037 his
1407 3003 1560 3036 cernimus
1576 3006 1609 3033 et
