1846 3268
237 259 320 300 252
842 253 1113 295 PLA‘roms
1602 256 1703 310 [1-7s

233 371 298 403 que
309 359 444 393 videtur.
487 358 598 391 Tnso.
621 357 706 389 Mihi
729 357 857 399 quidem
876 357 948 395 ista,
962 369 981 389 o
1009 358 1165 402 Socrates,
1181 356 1280 389 nihilo
1302 357 1482 390 molestiora
1496 357 1609 391 auditu
1622 369 1703 391 con-

235 415 373 456 tingunt.
396 412 489 445 facile
512 421 647 455 namque
670 411 764 453 hujus
786 412 887 444 aetatis
913 411 1056 444 homines
1079 413 1146 444 haec
1166 417 1383 454 assequuntur.
1430 412 1706 446 Verumtamensi

238 468 296 500 tibi
311 467 428 510 placet,
443 467 606 499 redeamus
621 466 709 504 illuc,
724 465 809 497 unde
831 465 961 507 digressi
983 476 1101 499 sumus.
1145 466 1202 499 So.
1223 465 1272 498 Eo
1284 466 1427 508 profecto
1444 467 1636 508 disputando
1652 467 1708 500 de-

236 522 392 559 venimus,
408 526 445 553 ut
458 521 634 554 diceremus
647 530 714 558 eos,
728 519 784 562 qui
805 519 973 551 essentiam
999 530 1123 552 omnem
1149 519 1182 551 in
1204 519 1375 562 agitatione
1391 521 1571 562 ponebant,
1580 521 1706 562 quodve

238 576 353 618 cuique
366 576 488 609 videtur
503 575 562 606 hoc
577 574 681 606 eidem
696 574 840 611 existere,
854 573 887 605 in
903 574 1014 606 ceteris
1028 573 1156 616 quidem
1178 575 1268 605 rebus
1283 575 1499 606 vehementius
1523 579 1710 612 asserturos,

237 635 333 672 atque
347 628 484 670 injustis
499 637 565 660 non
579 628 680 660 nihil:
704 627 790 670 quod
806 628 935 659 omnino
949 638 1147 670 quaecunque
1163 627 1275 660 civitas
1290 633 1326 659 ut
1342 627 1430 670 justa
1445 628 1507 660 sibi
1521 628 1708 671 apparentia

237 683 360 720 statuit,
375 683 442 714 brec
459 687 590 720 eatenus
604 682 650 713 illi
673 681 762 723 justa
783 686 868 721 sunt,
883 686 1041 724 quatenus
1063 687 1180 713 statuta
1194 686 1390 724 permanent.
1414 687 1446 713 at
1461 692 1533 713 vero
1549 681 1707 714 neminem

236 737 347 769 fortem
370 737 453 768 adeo
466 736 617 778 futurum,
630 736 686 777 qui
707 735 791 767 idem
808 736 840 766 in
855 736 946 767 bonis
961 736 1152 778 utilibusque
1167 736 1357 768 contendere
1372 735 1499 774 audeat,
1515 736 1600 777 quod
1617 735 1706 767 vide—

235 790 312 826 licet
325 801 521 833 quincunque
537 790 626 821 utilia
640 789 700 821 sibi
714 789 902 831 apparentia
915 789 1052 821 instituit
1067 789 1190 828 civitas,
1206 790 1273 822 liaec
1289 794 1420 821 eatenus
1441 788 1488 821 illi
1511 788 1706 821 conferentia

237 850 323 882 sunt,
337 848 493 887 quatenus
507 844 587 875 talia,
597 848 714 875 statuta
724 843 861 874 suerint:
884 843 946 875 nisi
959 843 1038 875 forte
1054 843 1124 885 quis
1140 854 1254 875 nomen
1268 843 1392 875 dixerit.
1412 843 1474 876 hoc
1486 849 1594 875 autem
1602 843 1643 874 ad
1657 842 1708 881 id,

239 899 327 941 quod
339 897 494 935 volumus,
505 897 611 939 jocus,
626 896 801 939 captiosum
813 897 977 939 quiddam,
991 903 1084 929 esset.
1127 897 1238 929 Taso.
1260 897 1375 928 Procul
1388 897 1497 929 dubio.
1541 897 1598 930 So,
1622 896 1708 938 Ergo

238 963 303 984 non
317 953 364 984 ita
378 952 559 984 dicendum.
584 950 677 981 immo
703 951 789 992 quod
812 950 874 981 tale
899 951 1010 982 civitas
1024 951 1226 992 nuncuparit,
1242 951 1283 981 ad
1298 950 1330 981 id
1346 951 1379 982 in
1394 950 1569 982 condendis
1582 949 1706 992 legibus

237 1006 376 1048 respicit,
392 1015 428 1036 ac
444 1004 530 1046 leges
544 1003 694 1045 singulas,
709 1003 814 1044 quoad
831 1008 922 1045 putat
936 1008 970 1035 et
985 1008 1100 1045 potest,
1116 1014 1210 1045 quam
1232 1003 1367 1035 maxime
1389 1003 1450 1034 sibi
1476 1003 1569 1035 utiles
1582 1003 1705 1035 condit.

236 1060 324 1092 Num
338 1059 424 1091 aliud
439 1059 471 1090 in
494 1058 616 1099 legibus
631 1057 768 1088 ferendis
779 1056 941 1089 intendit?
965 1051 1063 1100 [178]
1086 1054 1194 1090 Timo.
1217 1056 1308 1088 Nihil
1325 1057 1423 1089 aliud.
1466 1057 1523 1090 8ο.
1547 1055 1705 1099 Nunquid

237 1114 304 1146 voti
329 1124 461 1156 compos
486 1122 609 1155 semper
631 1111 784 1144 efficitur?
807 1122 847 1143 an
873 1122 957 1154 saepe
983 1122 1052 1143 eam
1068 1111 1150 1143 fallit
1171 1111 1306 1154 opinio?
1350 1111 1461 1142 Tunc.
1482 1111 1704 1152 Saepenumero

236 1168 304 1201 falli
319 1169 459 1201 arbitror.
505 1167 561 1199 So.
584 1166 656 1198 Hac
671 1171 822 1208 praeterea
837 1166 957 1198 ratione
972 1165 1107 1208 quisque
1121 1165 1220 1208 magis
1235 1166 1303 1197 haec
1318 1165 1428 1197 eadem
1451 1164 1663 1202 confitebitur,
1675 1164 1707 1197 si

237 1222 308 1265 quis
321 1223 363 1254 de
377 1222 463 1253 omni
478 1221 585 1264 specie
598 1225 812 1263 percontetur,
825 1220 858 1252 in
882 1230 946 1263 qua
960 1220 1037 1252 utile
1064 1220 1218 1253 consistit.
1264 1219 1323 1251 Est
1348 1223 1453 1251 autem
1468 1218 1703 1261 quodammodo

236 1282 270 1309 et
284 1277 365 1309 circa
379 1277 517 1307 futurum
534 1280 669 1317 tempus.
693 1285 764 1306 nam
781 1275 929 1317 quotiens
943 1275 1028 1317 loges
1043 1275 1221 1312 condimus,
1246 1278 1281 1305 ut
1305 1274 1338 1305 in
1354 1278 1510 1316 posterum
1527 1273 1703 1315 profuturas

237 1331 423 1363 condimus:
448 1329 535 1371 quod
549 1328 677 1370 quidem
693 1328 830 1360 futurum
841 1328 956 1360 rectius
969 1337 1160 1361 vocaremus.
1204 1328 1312 1360 Taso.
1335 1327 1489 1360 Maxime.
1534 1327 1591 1359 So.
1613 1326 1701 1369 Age-

236 1386 313 1417 dum
325 1384 371 1416 ita
383 1384 431 1416 vel
447 1383 649 1425 Protagoram
663 1382 712 1414 vel
728 1382 869 1424 quemvis
884 1382 978 1414 alium
994 1388 1177 1414 sectatorem
1195 1382 1264 1424 ejus
1279 1382 1501 1424 interrogemus
1515 1392 1524 1414 :
1549 1381 1700 1413 Omnium

236 1447 339 1472 rerum
365 1437 538 1478 hominem,
552 1447 571 1468 o
594 1437 793 1478 Protagoras.
806 1447 980 1468 mensuram
1005 1437 1150 1478 asseritis,
1176 1437 1329 1474 alborum,
1349 1435 1503 1478 gravium,
1527 1434 1643 1467 levium
1667 1441 1702 1466 et

180 1529 182 1531 ¹
235 1491 486 1534 uniuscujusque
510 1491 631 1522 talium.
655 1501 726 1521 nam
752 1501 824 1522 cum
845 1490 1046 1533 judiciariam
1074 1491 1198 1522 illorum
1221 1491 1283 1521 rim
1309 1490 1342 1522 in
1366 1490 1470 1532 seipso
1485 1489 1660 1526 contineat,
1672 1494 1706 1521 et

236 1546 345 1588 qualia
358 1546 486 1588 patitur,
501 1545 576 1577 talia
586 1544 731 1586 judicet3
755 1555 825 1576 vera
841 1545 948 1576 sibiet
973 1555 1045 1587 quae
1070 1550 1143 1576 sunt
1168 1544 1306 1586 judicat.
1328 1555 1369 1576 an
1392 1554 1456 1575 non
1481 1543 1546 1575 ita?
1591 1543 1704 1575 Tuto.

235 1600 287 1632 Ita
301 1600 408 1642 plane.
454 1599 508 1631 So.
531 1598 686 1640 Nunquid
711 1603 744 1629 et
757 1598 943 1635 futurorum,
959 1609 978 1629 o
998 1598 1197 1640 Protagoras,
1213 1598 1366 1635 dicemus,
1381 1597 1479 1629 habet
1490 1597 1554 1628 vim
1564 1596 1703 1639 judicia·

233 1653 335 1685 riam?
360 1658 394 1684 et
418 1652 524 1696 qualia
546 1657 638 1694 putat
658 1652 717 1683 sibi
734 1653 801 1684 haec
816 1653 896 1689 sore,
909 1653 984 1683 talia
997 1652 1056 1684 sibi
1071 1652 1263 1684 existimanti
1278 1651 1493 1693 contingunt?
1515 1661 1587 1683 cum
1603 1649 1703 1682 medi·

234 1707 315 1740 cinae
329 1707 486 1749 quispiam
501 1706 666 1748 imperitus
681 1706 713 1737 in
729 1706 837 1738 febrim
854 1716 922 1737 sese
936 1706 1128 1738 incursurum
1145 1711 1247 1748 putat,
1264 1710 1359 1747 atque
1374 1705 1419 1736 ita
1433 1715 1500 1736 sese
1515 1704 1701 1745 calefactum

232 1760 270 1792 iri
283 1772 293 1800 ;
315 1761 458 1792 medicus
473 1765 577 1795 autem
593 1764 759 1801 repugnat,
781 1758 939 1791 contraria
950 1759 1099 1801 opinatus
1113 1771 1120 1790 :
1145 1759 1244 1790 utrius
1259 1759 1384 1790 illorum
1402 1769 1503 1791 veram
1519 1758 1704 1800 opinionem

231 1814 367 1846 futuram
382 1814 549 1846 ducimus?
574 1824 648 1845 num
666 1814 847 1855 utriusque?
871 1818 904 1845 et
924 1813 1049 1845 medico
1070 1813 1199 1855 quidem
1215 1824 1319 1855 neque
1334 1812 1471 1845 calidum
1487 1822 1591 1854 neque
1605 1811 1700 1844 febri·

233 1867 385 1900 citantem
411 1868 562 1904 futurum,
587 1867 644 1898 sed
667 1866 726 1899 sibi
751 1867 812 1909 ipsi
839 1868 1030 1909 utrumque?
1073 1867 1185 1898 Timo.
1209 1866 1392 1899 Ridiculum
1417 1867 1544 1910 quidem
1559 1866 1595 1897 id
1610 1870 1705 1898 esset.

233 1922 289 1954 So.
312 1922 399 1959 Quin
414 1921 510 1953 etiarn
528 1922 568 1952 de
581 1922 665 1961 vino,
679 1921 766 1962 quod
782 1922 874 1952 dulce
888 1921 938 1952 vel
952 1926 1108 1952 austerum
1121 1921 1260 1953 futurum
1285 1921 1337 1959 sit,
1352 1921 1508 1962 agricolas,
1524 1929 1588 1951 non
1603 1920 1705 1951 citha·

232 1975 314 2007 ristae
329 1975 438 2016 opinio
455 1974 613 2016 praevalet.
657 1973 767 2005 Tru-20.
791 1973 936 2010 Quidni?
982 1974 1040 2006 So.
1063 1974 1179 2015 Neque
1204 1975 1246 2006 de
1271 1979 1466 2006 consonante
1481 1974 1703 2005 dissonanteve

233 2028 339 2059 futuro
354 2027 568 2071 gymnasticus
583 2026 694 2058 melius
708 2036 802 2068 quam
827 2026 964 2058 musicus
990 2027 1150 2068 opinatur,
1165 2028 1251 2069 quod
1277 2028 1394 2059 deinde
1417 2027 1479 2069 ipsi
1503 2027 1703 2070 gymnastico

233 2090 409 2114 consonans
424 2091 492 2113 esse
514 2080 682 2113 videbitur.
727 2080 838 2113 Timo.
861 2080 961 2112 Nullo
984 2081 1090 2112 modo.
1135 2082 1189 2113 So.
1214 2082 1352 2119 Quando
1368 2092 1440 2113 vero
1463 2086 1572 2123 parata
1594 2090 1704 2112 mensa

233 2136 404 2168 offerendas
418 2140 492 2167 sunt
505 2135 608 2177 epulae
624 2145 662 2166 ac
677 2135 718 2166 de
733 2135 837 2166 sutura
852 2135 974 2166 illarum
1000 2135 1153 2167 suavitate
1179 2136 1297 2178 aliquid
1324 2135 1575 2178 praedicendum,
1596 2145 1705 2166 nonne

232 2190 327 2232 coqui
343 2189 454 2231 opinio
470 2189 574 2231 potior
588 2199 682 2230 quam
710 2188 838 2220 alterius
863 2188 1032 2231 cujuslibet
1056 2189 1230 2232 popinariae
1256 2189 1419 2232 imperiti?
1465 2188 1519 2220 De
1541 2199 1592 2227 eo,
1615 2187 1704 2230 quod

231 2243 281 2274 vel
294 2248 343 2274 est
356 2243 406 2275 vel
420 2243 480 2274 fuit
495 2253 589 2274 suave
605 2243 732 2284 cuique,
747 2254 812 2274 non
828 2253 1015 2285 pugnamus,
1031 2244 1087 2275 sed
1113 2245 1153 2275 de
1178 2243 1234 2275 illo
1260 2243 1377 2285 potius,
1393 2243 1477 2285 quod
1494 2243 1526 2274 in
1542 2247 1702 2285 posterum

232 2307 300 2328 osse
324 2297 439 2340 cuique
465 2301 498 2328 et
513 2297 611 2328 videri
637 2297 751 2328 debet:
777 2302 878 2328 utrum
905 2298 964 2328 sibi
992 2297 1125 2339 quisque
1150 2298 1284 2329 idoneus
1304 2297 1428 2339 judex?
1452 2307 1492 2328 an
1520 2302 1554 2327 tu
1582 2294 1708 2337 potius,

232 2351 432 2393 Protagoras,
447 2351 533 2392 quod
548 2350 630 2382 cIrca
653 2360 810 2383 sermones
836 2351 996 2393 probabile
1013 2351 1143 2393 singulis
1158 2352 1190 2382 in
1210 2351 1336 2392 judicio
1349 2350 1489 2382 futurum
1504 2355 1564 2387 est,
1586 2348 1702 2380 rectius

231 2412 326 2446 quarn
341 2404 442 2445 quivis
457 2404 580 2435 rudium
597 2405 801 2446 praevideres?
844 2405 953 2438 Taso.
979 2405 1019 2436 In
1045 2406 1105 2437 hoc
1130 2405 1200 2447 ipso
1225 2405 1258 2436 in
1282 2404 1401 2446 primis,
1417 2415 1436 2435 o
1452 2403 1606 2440 Socrates,
1622 2408 1701 2445 pns-

230 2457 345 2490 oellere
370 2458 493 2490 cunctis
518 2458 705 2500 Protagoras
731 2464 780 2490 est
805 2459 973 2501 professus-
1017 2459 1071 2491 So.
1094 2458 1123 2490 Ο
1140 2458 1254 2490 miser!
1280 2468 1385 2495 nemo,
1402 2468 1456 2499 per
1471 2455 1707 2493 Jovemfiltum,

231 2511 330 2554 [179]
354 2511 460 2543 oblata
475 2513 610 2553 pecunia
626 2518 763 2545 sectatus
777 2514 900 2551 fuisset,
915 2513 976 2545 nisi
992 2513 1196 2545 familiaribus
1211 2511 1428 2554 persuasisset,
1443 2511 1529 2553 quod
1540 2508 1703 2552 probabile

229 2565 264 2596 in
279 2570 438 2611 posterum
454 2565 512 2597 erit
526 2566 758 2610 videbuntque,
773 2578 875 2610 neque
891 2572 993 2599 vatem
1014 2579 1119 2610 neque
1134 2566 1232 2600 alium
1249 2566 1392 2609 quemvis
1415 2565 1527 2597 melius
1550 2574 1645 2607 quam
1668 2574 1702 2596 se

232 2619 360 2651 unicum
376 2619 553 2662 praesagire.
598 2621 710 2654 Timo.
733 2621 817 2653 Vera
839 2622 987 2664 loqueris.
1031 2622 1088 2653 So.
1111 2620 1165 2653 An
1182 2631 1248 2652 non
1265 2620 1369 2662 legum
1386 2629 1513 2662 quoque
1527 2618 1701 2661 positiones

230 2673 412 2715 utilitasque
427 2674 468 2705 ad
483 2674 620 2706 futurum
636 2676 805 2717 spectant?
827 2680 861 2708 et
882 2675 1015 2718 quilibet
1036 2677 1156 2717 absque
1183 2674 1395 2707 controversia
1408 2673 1572 2714 fateretur,
1585 2671 1702 2704 consti·

229 2727 383 2759 tutionem
398 2727 444 2759 rei
459 2727 594 2770 publicas
610 2729 649 2760 ab
664 2740 714 2767 eo,
730 2730 816 2772 quod
832 2729 910 2761 utile
926 2734 987 2772 est,
1003 2730 1118 2772 saepius
1134 2730 1274 2761 aberrare
1288 2729 1299 2759 ?
1346 2728 1457 2759 Tum.
1482 2726 1598 2758 Valde.
1643 2724 1703 2756 So.

229 2781 313 2813 Satis
329 2781 396 2823 jam
417 2782 563 2814 adversus
588 2789 812 2826 praeceptorem
837 2789 925 2815 tuum
948 2784 1067 2816 dictum
1092 2784 1143 2825 sit,
1158 2784 1244 2825 quod
1260 2782 1352 2814 fateri
1367 2780 1502 2823 cogitur,
1517 2779 1612 2812 alium
1637 2779 1700 2810 aiio

230 2835 454 2877 sapientiorem
480 2835 611 2868 existere
626 2848 636 2878 3
658 2848 794 2880 eumque
820 2837 912 2870 talem
941 2849 1008 2871 esse
1030 2847 1215 2870 mensuram.
1259 2838 1318 2869 Me
1345 2842 1464 2873 autem,
1495 2845 1566 2867 cum
1590 2843 1702 2875 expers

229 2889 370 2921 scientim
384 2889 454 2927 sim,
470 2890 548 2922 nihil
566 2901 738 2923 mensuram
756 2893 822 2924 fieri
836 2894 921 2935 cogit
935 2905 942 2923 :
961 2893 1224 2935 quemadmodum
1238 2900 1338 2923 sermo
1351 2900 1449 2931 nuper
1464 2889 1549 2920 illius
1559 2888 1702 2929 urgebat,

229 2944 316 2984 quod
341 2943 501 2983 videlicet,
527 2955 581 2978 seu
610 2945 700 2978 velim
729 2946 794 2979 sive
822 2947 931 2986 nolim,
958 2948 1026 2980 talis
1054 2958 1166 2980 essem.
1209 2946 1318 2979 Tuto.
1340 2943 1386 2976 Ex
1415 2943 1479 2981 illo,
1505 2955 1523 2974 υ
1549 2942 1704 2980 Socrates,
