<?xml version="1.0" encoding="UTF-8"?>
<!DOCTYPE html PUBLIC "-//W3C//DTD XHTML 1.0 Transitional//EN"
    "http://www.w3.org/TR/xhtml1/DTD/xhtml1-transitional.dtd">
<html xmlns="http://www.w3.org/1999/xhtml" xml:lang="en" lang="en">
 <head>
  <title>
</title>
<meta http-equiv="Content-Type" content="text/html;charset=utf-8" />
  <meta name='ocr-system' content='tesseract 3.04.00' />
  <meta name='ocr-capabilities' content='ocr_page ocr_carea ocr_par ocr_line ocrx_word'/>
</head>
<body>
  <div class='ocr_page' id='page_1' title='image "./platonisetquaeve10plat_0068.png"; bbox 0 0 1846 3268; ppageno 0'>
   <div class='ocr_carea' id='block_1_1' title="bbox 227 220 1696 282">
    <p class='ocr_par' dir='ltr' id='par_1_1' title="bbox 227 220 1696 282">
     <span class='ocr_line' id='line_1_1' title="bbox 227 220 1696 282; baseline 0.008 -24"><span class='ocrx_word' id='word_1_1' title='bbox 227 222 278 259; x_wconf 86' lang='lat'>58</span> <span class='ocrx_word' id='word_1_2' title='bbox 776 247 781 252; x_wconf 83' lang='lat'>.</span> <span class='ocrx_word' id='word_1_3' title='bbox 822 220 1089 262; x_wconf 71' lang='lat' dir='ltr'>PLATONrs</span> <span class='ocrx_word' id='word_1_4' title='bbox 1598 231 1696 282; x_wconf 75' lang='lat'><strong>[342</strong></span> 
     </span>
    </p>
   </div>
   <div class='ocr_carea' id='block_1_2' title="bbox 199 324 1742 2989">
    <p class='ocr_par' dir='ltr' id='par_1_2' title="bbox 199 324 1742 2989">
     <span class='ocr_line' id='line_1_2' title="bbox 227 324 1700 375; baseline 0.007 -21"><span class='ocrx_word' id='word_1_5' title='bbox 227 324 355 362; x_wconf 77' lang='lat' dir='ltr'>videris,</span> <span class='ocrx_word' id='word_1_6' title='bbox 370 325 474 368; x_wconf 85' lang='lat' dir='ltr'>ipsum</span> <span class='ocrx_word' id='word_1_7' title='bbox 489 326 576 368; x_wconf 88' lang='lat' dir='ltr'>quod</span> <span class='ocrx_word' id='word_1_8' title='bbox 591 325 718 357; x_wconf 85' lang='lat' dir='ltr'>difficile</span> <span class='ocrx_word' id='word_1_9' title='bbox 734 325 863 368; x_wconf 86' lang='lat' dir='ltr'>dicitur,</span> <span class='ocrx_word' id='word_1_10' title='bbox 888 327 1016 358; x_wconf 75' lang='lat' dir='ltr'>forsitan</span> <span class='ocrx_word' id='word_1_11' title='bbox 1032 326 1225 358; x_wconf 79' lang='lat' dir='ltr'>Simonidem</span> <span class='ocrx_word' id='word_1_12' title='bbox 1248 337 1312 359; x_wconf 91' lang='lat' dir='ltr'>non</span> <span class='ocrx_word' id='word_1_13' title='bbox 1327 329 1374 360; x_wconf 90' lang='lat' dir='ltr'>ita</span> <span class='ocrx_word' id='word_1_14' title='bbox 1392 330 1564 373; x_wconf 86' lang='lat' dir='ltr'>accepisse,</span> <span class='ocrx_word' id='word_1_15' title='bbox 1581 338 1616 364; x_wconf 84' lang='lat' dir='ltr'>ut</span> <span class='ocrx_word' id='word_1_16' title='bbox 1631 333 1700 375; x_wconf 82' lang='lat' dir='ltr'>ipse</span> 
     </span>
     <span class='ocr_line' id='line_1_3' title="bbox 226 379 1696 428; baseline 0.006 -19"><span class='ocrx_word' id='word_1_17' title='bbox 226 390 312 412; x_wconf 84' lang='lat' dir='ltr'>nunc</span> <span class='ocrx_word' id='word_1_18' title='bbox 327 380 445 422; x_wconf 81' lang='lat' dir='ltr'>accipis</span> <span class='ocrx_word' id='word_1_19' title='bbox 460 393 467 412; x_wconf 90' lang='lat'>:</span> <span class='ocrx_word' id='word_1_20' title='bbox 492 390 596 411; x_wconf 90' lang='lat' dir='ltr'>verum</span> <span class='ocrx_word' id='word_1_21' title='bbox 613 385 762 423; x_wconf 78' lang='lat' dir='ltr'><strong>tanquam</strong></span> <span class='ocrx_word' id='word_1_22' title='bbox 778 379 893 411; x_wconf 89' lang='lat' dir='ltr'>malum</span> <span class='ocrx_word' id='word_1_23' title='bbox 909 386 942 412; x_wconf 90' lang='lat' dir='ltr'>et</span> <span class='ocrx_word' id='word_1_24' title='bbox 957 391 1049 422; x_wconf 87' lang='lat' dir='ltr'>grave</span> <span class='ocrx_word' id='word_1_25' title='bbox 1064 381 1216 423; x_wconf 84' lang='lat' dir='ltr'>quiddam</span> <span class='ocrx_word' id='word_1_26' title='bbox 1240 382 1482 426; x_wconf 83' lang='lat' dir='ltr'>intelligendum</span> <span class='ocrx_word' id='word_1_27' title='bbox 1499 396 1567 417; x_wconf 83' lang='lat' dir='ltr'>esse</span> <span class='ocrx_word' id='word_1_28' title='bbox 1583 387 1696 428; x_wconf 75' lang='lat' dir='ltr'>passim</span> 
     </span>
     <span class='ocr_line' id='line_1_4' title="bbox 227 434 1699 483; baseline 0.005 -17"><span class='ocrx_word' id='word_1_29' title='bbox 227 446 278 468; x_wconf 87' lang='lat' dir='ltr'>me</span> <span class='ocrx_word' id='word_1_30' title='bbox 294 435 446 468; x_wconf 82' lang='lat' dir='ltr'>Prodicus</span> <span class='ocrx_word' id='word_1_31' title='bbox 460 436 620 467; x_wconf 78' lang='lat' dir='ltr'><strong>admonet.</strong></span> <span class='ocrx_word' id='word_1_32' title='bbox 643 445 715 466; x_wconf 89' lang='lat' dir='ltr'>nam</span> <span class='ocrx_word' id='word_1_33' title='bbox 731 434 855 477; x_wconf 89' lang='lat' dir='ltr'>quoties</span> <span class='ocrx_word' id='word_1_34' title='bbox 870 435 919 466; x_wconf 89' lang='lat' dir='ltr'>vel</span> <span class='ocrx_word' id='word_1_35' title='bbox 933 435 1029 466; x_wconf 85' lang='lat' dir='ltr'>alium</span> <span class='ocrx_word' id='word_1_36' title='bbox 1041 436 1184 474; x_wconf 87' lang='lat' dir='ltr'>laudans,</span> <span class='ocrx_word' id='word_1_37' title='bbox 1195 437 1245 468; x_wconf 87' lang='lat' dir='ltr'>vel</span> <span class='ocrx_word' id='word_1_38' title='bbox 1257 442 1287 469; x_wconf 88' lang='lat' dir='ltr'>te</span> <span class='ocrx_word' id='word_1_39' title='bbox 1295 437 1341 468; x_wconf 89' lang='lat' dir='ltr'>ita</span> <span class='ocrx_word' id='word_1_40' title='bbox 1353 438 1464 480; x_wconf 92' lang='lat' dir='ltr'>loquor</span> <span class='ocrx_word' id='word_1_41' title='bbox 1480 451 1488 471; x_wconf 75' lang='grc' dir='ltr'><strong><em>ι</em></strong></span> <span class='ocrx_word' id='word_1_42' title='bbox 1512 439 1699 483; x_wconf 81' lang='lat' dir='ltr'>Protagoras</span> 
     </span>
     <span class='ocr_line' id='line_1_5' title="bbox 228 488 1696 537; baseline 0.005 -18"><span class='ocrx_word' id='word_1_43' title='bbox 228 489 355 531; x_wconf 83' lang='lat' dir='ltr'>sapiens</span> <span class='ocrx_word' id='word_1_44' title='bbox 372 489 416 520; x_wconf 88' lang='lat' dir='ltr'>vir</span> <span class='ocrx_word' id='word_1_45' title='bbox 431 494 492 532; x_wconf 81' lang='lat' dir='ltr'>est,</span> <span class='ocrx_word' id='word_1_46' title='bbox 507 496 540 522; x_wconf 89' lang='lat' dir='ltr'>et</span> <span class='ocrx_word' id='word_1_47' title='bbox 553 488 664 526; x_wconf 82' lang='grc' dir='ltr'><strong><em>δεινὸς,</em></strong></span> <span class='ocrx_word' id='word_1_48' title='bbox 689 490 722 520; x_wconf 93' lang='lat' dir='ltr'>id</span> <span class='ocrx_word' id='word_1_49' title='bbox 739 494 797 527; x_wconf 86' lang='lat' dir='ltr'>est,</span> <span class='ocrx_word' id='word_1_50' title='bbox 815 490 982 521; x_wconf 85' lang='lat' dir='ltr'>vehemens</span> <span class='ocrx_word' id='word_1_51' title='bbox 997 489 1182 532; x_wconf 83' lang='lat' dir='ltr'>gravisque:</span> <span class='ocrx_word' id='word_1_52' title='bbox 1208 491 1338 534; x_wconf 78' lang='lat' dir='ltr'><strong>corripit</strong></span> <span class='ocrx_word' id='word_1_53' title='bbox 1353 502 1403 523; x_wconf 88' lang='lat' dir='ltr'>me</span> <span class='ocrx_word' id='word_1_54' title='bbox 1425 494 1589 533; x_wconf 88' lang='lat' dir='ltr'>continuo,</span> <span class='ocrx_word' id='word_1_55' title='bbox 1611 497 1696 537; x_wconf 81' lang='lat' dir='ltr'>quod</span> 
     </span>
     <span class='ocr_line' id='line_1_6' title="bbox 227 543 1700 590; baseline 0.005 -17"><span class='ocrx_word' id='word_1_56' title='bbox 227 543 313 574; x_wconf 84' lang='lat' dir='ltr'>bona</span> <span class='ocrx_word' id='word_1_57' title='bbox 338 544 443 586; x_wconf 86' lang='lat' dir='ltr'>gravia</span> <span class='ocrx_word' id='word_1_58' title='bbox 467 544 568 575; x_wconf 87' lang='lat' dir='ltr'>dicam</span> <span class='ocrx_word' id='word_1_59' title='bbox 588 555 597 584; x_wconf 78' lang='lat'><em>3</em></span> <span class='ocrx_word' id='word_1_60' title='bbox 619 554 690 575; x_wconf 90' lang='lat' dir='ltr'>cum</span> <span class='ocrx_word' id='word_1_61' title='bbox 716 554 809 585; x_wconf 85' lang='lat' dir='ltr'>grave</span> <span class='ocrx_word' id='word_1_62' title='bbox 832 543 947 575; x_wconf 85' lang='lat' dir='ltr'>malum</span> <span class='ocrx_word' id='word_1_63' title='bbox 972 545 1024 577; x_wconf 88' lang='lat' dir='ltr'>sit.</span> <span class='ocrx_word' id='word_1_64' title='bbox 1069 544 1174 576; x_wconf 86' lang='lat' dir='ltr'>Nemo</span> <span class='ocrx_word' id='word_1_65' title='bbox 1201 545 1284 577; x_wconf 89' lang='lat' dir='ltr'>enim</span> <span class='ocrx_word' id='word_1_66' title='bbox 1305 545 1350 578; x_wconf 83' lang='lat' dir='ltr'>ita</span> <span class='ocrx_word' id='word_1_67' title='bbox 1376 546 1514 589; x_wconf 83' lang='lat' dir='ltr'>loquitur</span> <span class='ocrx_word' id='word_1_68' title='bbox 1538 554 1574 580; x_wconf 89' lang='lat' dir='ltr'>ut</span> <span class='ocrx_word' id='word_1_69' title='bbox 1602 549 1700 590; x_wconf 83' lang='lat' dir='ltr'>dicat,</span> 
     </span>
     <span class='ocr_line' id='line_1_7' title="bbox 228 598 1701 645; baseline 0.005 -17"><span class='ocrx_word' id='word_1_70' title='bbox 228 608 336 638; x_wconf 84' lang='lat' dir='ltr'>graves</span> <span class='ocrx_word' id='word_1_71' title='bbox 351 598 488 635; x_wconf 87' lang='lat' dir='ltr'>divitias,</span> <span class='ocrx_word' id='word_1_72' title='bbox 512 608 635 640; x_wconf 84' lang='lat' dir='ltr'>gravem</span> <span class='ocrx_word' id='word_1_73' title='bbox 663 609 785 640; x_wconf 88' lang='lat' dir='ltr'>pacem,</span> <span class='ocrx_word' id='word_1_74' title='bbox 806 598 970 632; x_wconf 76' lang='lat' dir='ltr'>sanitatem</span> <span class='ocrx_word' id='word_1_75' title='bbox 996 609 1143 640; x_wconf 86' lang='lat' dir='ltr'>gravem:</span> <span class='ocrx_word' id='word_1_76' title='bbox 1166 599 1263 631; x_wconf 87' lang='lat' dir='ltr'>immo</span> <span class='ocrx_word' id='word_1_77' title='bbox 1278 611 1402 642; x_wconf 82' lang='lat' dir='ltr'>gravem</span> <span class='ocrx_word' id='word_1_78' title='bbox 1430 603 1583 640; x_wconf 85' lang='lat' dir='ltr'>morbum,</span> <span class='ocrx_word' id='word_1_79' title='bbox 1607 614 1701 645; x_wconf 73' lang='lat' dir='ltr'>grave</span> 
     </span>
     <span class='ocr_line' id='line_1_8' title="bbox 230 653 1701 696; baseline 0.004 -14"><span class='ocrx_word' id='word_1_80' title='bbox 230 653 358 689; x_wconf 89' lang='lat' dir='ltr'>bellum,</span> <span class='ocrx_word' id='word_1_81' title='bbox 389 663 513 694; x_wconf 82' lang='lat' dir='ltr'>gravem</span> <span class='ocrx_word' id='word_1_82' title='bbox 534 658 777 694; x_wconf 80' lang='lat' dir='ltr'>paupertatem3</span> <span class='ocrx_word' id='word_1_83' title='bbox 800 653 889 695; x_wconf 79' lang='lat' dir='ltr'>quasi</span> <span class='ocrx_word' id='word_1_84' title='bbox 905 663 1008 694; x_wconf 78' lang='lat' dir='ltr'>grave,</span> <span class='ocrx_word' id='word_1_85' title='bbox 1033 653 1067 684; x_wconf 89' lang='lat' dir='ltr'>id</span> <span class='ocrx_word' id='word_1_86' title='bbox 1093 658 1152 691; x_wconf 84' lang='lat' dir='ltr'>est,</span> <span class='ocrx_word' id='word_1_87' title='bbox 1177 664 1355 696; x_wconf 87' lang='lat' dir='ltr'>onerosum,</span> <span class='ocrx_word' id='word_1_88' title='bbox 1380 655 1496 687; x_wconf 86' lang='lat' dir='ltr'>malum</span> <span class='ocrx_word' id='word_1_89' title='bbox 1513 656 1563 687; x_wconf 76' lang='lat' dir='ltr'>sit.</span> <span class='ocrx_word' id='word_1_90' title='bbox 1605 657 1701 689; x_wconf 82' lang='lat' dir='ltr'>Forte</span> 
     </span>
     <span class='ocr_line' id='line_1_9' title="bbox 229 706 1700 754; baseline 0.005 -18"><span class='ocrx_word' id='word_1_91' title='bbox 229 707 323 748; x_wconf 85' lang='lat' dir='ltr'>igitur</span> <span class='ocrx_word' id='word_1_92' title='bbox 339 706 414 738; x_wconf 88' lang='lat' dir='ltr'>Chii</span> <span class='ocrx_word' id='word_1_93' title='bbox 431 713 525 749; x_wconf 86' lang='lat' dir='ltr'>atque</span> <span class='ocrx_word' id='word_1_94' title='bbox 537 707 716 739; x_wconf 77' lang='lat' dir='ltr'>Simonides</span> <span class='ocrx_word' id='word_1_95' title='bbox 732 708 834 749; x_wconf 87' lang='lat' dir='ltr'>ipsum</span> <span class='ocrx_word' id='word_1_96' title='bbox 851 707 992 746; x_wconf 87' lang='lat' dir='ltr'>difficile,</span> <span class='ocrx_word' id='word_1_97' title='bbox 1006 707 1055 739; x_wconf 88' lang='lat' dir='ltr'>vel</span> <span class='ocrx_word' id='word_1_98' title='bbox 1070 713 1107 739; x_wconf 89' lang='lat' dir='ltr'>ut</span> <span class='ocrx_word' id='word_1_99' title='bbox 1121 708 1236 739; x_wconf 86' lang='lat' dir='ltr'>malum</span> <span class='ocrx_word' id='word_1_100' title='bbox 1253 708 1428 751; x_wconf 79' lang='lat' dir='ltr'>accipiunt,</span> <span class='ocrx_word' id='word_1_101' title='bbox 1445 710 1494 742; x_wconf 84' lang='lat' dir='ltr'>vel</span> <span class='ocrx_word' id='word_1_102' title='bbox 1510 710 1596 742; x_wconf 89' lang='lat' dir='ltr'>aliud</span> <span class='ocrx_word' id='word_1_103' title='bbox 1612 712 1700 754; x_wconf 82' lang='lat' dir='ltr'>quod</span> 
     </span>
     <span class='ocr_line' id='line_1_10' title="bbox 230 760 1701 808; baseline 0.003 -17"><span class='ocrx_word' id='word_1_104' title='bbox 230 765 261 791; x_wconf 92' lang='lat' dir='ltr'>tu</span> <span class='ocrx_word' id='word_1_105' title='bbox 277 760 379 792; x_wconf 89' lang='lat' dir='ltr'>minus</span> <span class='ocrx_word' id='word_1_106' title='bbox 391 762 554 803; x_wconf 83' lang='lat' dir='ltr'>intelligis.</span> <span class='ocrx_word' id='word_1_107' title='bbox 598 761 681 803; x_wconf 84' lang='lat' dir='ltr'>Ergo</span> <span class='ocrx_word' id='word_1_108' title='bbox 699 772 717 793; x_wconf 89' lang='lat' dir='ltr'>a</span> <span class='ocrx_word' id='word_1_109' title='bbox 732 762 868 793; x_wconf 83' lang='lat' dir='ltr'><strong>Prodico</strong></span> <span class='ocrx_word' id='word_1_110' title='bbox 884 762 1079 794; x_wconf 75' lang='lat' dir='ltr'>sciscitemur</span> <span class='ocrx_word' id='word_1_111' title='bbox 1097 773 1105 794; x_wconf 74' lang='grc' dir='ltr'><strong>ι</strong></span> <span class='ocrx_word' id='word_1_112' title='bbox 1130 762 1240 806; x_wconf 88' lang='lat' dir='ltr'>(decet</span> <span class='ocrx_word' id='word_1_113' title='bbox 1254 763 1338 794; x_wconf 89' lang='lat' dir='ltr'>enim</span> <span class='ocrx_word' id='word_1_114' title='bbox 1355 764 1396 796; x_wconf 86' lang='lat' dir='ltr'>de</span> <span class='ocrx_word' id='word_1_115' title='bbox 1418 764 1588 796; x_wconf 76' lang='lat' dir='ltr'>Simonidis</span> <span class='ocrx_word' id='word_1_116' title='bbox 1603 766 1701 808; x_wconf 87' lang='lat' dir='ltr'>scrip-</span> 
     </span>
     <span class='ocr_line' id='line_1_11' title="bbox 229 815 1742 860; baseline 0.003 -14"><span class='ocrx_word' id='word_1_117' title='bbox 229 815 269 846; x_wconf 84' lang='lat' dir='ltr'>tis</span> <span class='ocrx_word' id='word_1_118' title='bbox 283 816 369 848; x_wconf 91' lang='lat' dir='ltr'>bunc</span> <span class='ocrx_word' id='word_1_119' title='bbox 386 816 517 847; x_wconf 86' lang='lat' dir='ltr'>maxime</span> <span class='ocrx_word' id='word_1_120' title='bbox 535 816 710 858; x_wconf 85' lang='lat' dir='ltr'>percontari</span> <span class='ocrx_word' id='word_1_121' title='bbox 724 817 749 859; x_wconf 75' lang='lat' dir='ltr'>z)</span> <span class='ocrx_word' id='word_1_122' title='bbox 773 816 950 854; x_wconf 86' lang='lat' dir='ltr'>Quidnam,</span> <span class='ocrx_word' id='word_1_123' title='bbox 971 827 990 847; x_wconf 93' lang='lat' dir='ltr'>o</span> <span class='ocrx_word' id='word_1_124' title='bbox 1016 816 1164 858; x_wconf 88' lang='lat' dir='ltr'>Prodice‚</span> <span class='ocrx_word' id='word_1_125' title='bbox 1189 817 1370 849; x_wconf 76' lang='lat' dir='ltr'>Simonides</span> <span class='ocrx_word' id='word_1_126' title='bbox 1394 818 1465 860; x_wconf 89' lang='lat' dir='ltr'>ipso</span> <span class='ocrx_word' id='word_1_127' title='bbox 1486 818 1622 851; x_wconf 86' lang='lat' dir='ltr'>difficilis</span> <span class='ocrx_word' id='word_1_128' title='bbox 1644 831 1702 851; x_wconf 87' lang='lat' dir='ltr'>no·</span> <span class='ocrx_word' id='word_1_129' title='bbox 1738 843 1742 847; x_wconf 82' lang='grc'><em>.</em></span> 
     </span>
     <span class='ocr_line' id='line_1_12' title="bbox 229 870 1703 914; baseline 0.003 -14"><span class='ocrx_word' id='word_1_130' title='bbox 229 870 314 902; x_wconf 89' lang='lat' dir='ltr'>mine</span> <span class='ocrx_word' id='word_1_131' title='bbox 340 871 533 912; x_wconf 69' lang='lat' dir='ltr'>subintelligi</span> <span class='ocrx_word' id='word_1_132' title='bbox 561 870 680 902; x_wconf 90' lang='lat' dir='ltr'>voluit?</span> <span class='ocrx_word' id='word_1_133' title='bbox 726 871 837 903; x_wconf 77' lang='lat' dir='ltr'>Pnoo.</span> <span class='ocrx_word' id='word_1_134' title='bbox 871 871 996 902; x_wconf 88' lang='lat' dir='ltr'>Malum</span> <span class='ocrx_word' id='word_1_135' title='bbox 1029 871 1183 914; x_wconf 78' lang='lat' dir='ltr'>profecto,</span> <span class='ocrx_word' id='word_1_136' title='bbox 1228 872 1282 904; x_wconf 89' lang='lat' dir='ltr'>So.</span> <span class='ocrx_word' id='word_1_137' title='bbox 1316 872 1368 904; x_wconf 91' lang='lat' dir='ltr'>Ob</span> <span class='ocrx_word' id='word_1_138' title='bbox 1399 873 1471 910; x_wconf 92' lang='lat' dir='ltr'>hoc,</span> <span class='ocrx_word' id='word_1_139' title='bbox 1500 878 1537 904; x_wconf 88' lang='lat' dir='ltr'>ut</span> <span class='ocrx_word' id='word_1_140' title='bbox 1563 874 1703 911; x_wconf 83' lang='lat' dir='ltr'>arbitror.</span> 
     </span>
     <span class='ocr_line' id='line_1_13' title="bbox 228 926 1702 968; baseline 0.003 -12"><span class='ocrx_word' id='word_1_141' title='bbox 228 926 376 964; x_wconf 88' lang='lat' dir='ltr'>Prodice,</span> <span class='ocrx_word' id='word_1_142' title='bbox 407 926 565 958; x_wconf 84' lang='lat' dir='ltr'>Pittacum</span> <span class='ocrx_word' id='word_1_143' title='bbox 590 926 803 968; x_wconf 77' lang='lat' dir='ltr'>reprehendit,</span> <span class='ocrx_word' id='word_1_144' title='bbox 831 927 1003 968; x_wconf 89' lang='lat' dir='ltr'>dicentem,</span> <span class='ocrx_word' id='word_1_145' title='bbox 1027 926 1156 959; x_wconf 86' lang='lat' dir='ltr'>difficile</span> <span class='ocrx_word' id='word_1_146' title='bbox 1179 937 1247 959; x_wconf 90' lang='lat' dir='ltr'>esse</span> <span class='ocrx_word' id='word_1_147' title='bbox 1274 928 1391 959; x_wconf 87' lang='lat' dir='ltr'>bonum</span> <span class='ocrx_word' id='word_1_148' title='bbox 1420 938 1545 960; x_wconf 82' lang='lat' dir='ltr'>manere</span> <span class='ocrx_word' id='word_1_149' title='bbox 1560 940 1567 960; x_wconf 88' lang='lat'><strong>:</strong></span> <span class='ocrx_word' id='word_1_150' title='bbox 1605 939 1643 960; x_wconf 81' lang='lat' dir='ltr'>ac</span> <span class='ocrx_word' id='word_1_151' title='bbox 1675 929 1702 960; x_wconf 82' lang='lat' dir='ltr'>si</span> 
     </span>
     <span class='ocr_line' id='line_1_14' title="bbox 228 981 1700 1024; baseline 0.002 -12"><span class='ocrx_word' id='word_1_152' title='bbox 228 982 372 1023; x_wconf 77' lang='lat' dir='ltr'>dixisset,</span> <span class='ocrx_word' id='word_1_153' title='bbox 387 982 501 1013; x_wconf 88' lang='lat' dir='ltr'>malum</span> <span class='ocrx_word' id='word_1_154' title='bbox 518 993 585 1013; x_wconf 87' lang='lat' dir='ltr'>esse</span> <span class='ocrx_word' id='word_1_155' title='bbox 600 992 724 1012; x_wconf 87' lang='lat' dir='ltr'>manere</span> <span class='ocrx_word' id='word_1_156' title='bbox 739 982 868 1013; x_wconf 90' lang='lat' dir='ltr'>bonum.</span> <span class='ocrx_word' id='word_1_157' title='bbox 914 981 1027 1013; x_wconf 81' lang='lat' dir='ltr'>Puon.</span> <span class='ocrx_word' id='word_1_158' title='bbox 1049 981 1092 1012; x_wconf 90' lang='lat' dir='ltr'>Et</span> <span class='ocrx_word' id='word_1_159' title='bbox 1106 982 1182 1024; x_wconf 91' lang='lat' dir='ltr'>quid</span> <span class='ocrx_word' id='word_1_160' title='bbox 1199 982 1286 1013; x_wconf 84' lang='lat' dir='ltr'>aliud</span> <span class='ocrx_word' id='word_1_161' title='bbox 1308 987 1412 1024; x_wconf 83' lang='lat' dir='ltr'>putas,</span> <span class='ocrx_word' id='word_1_162' title='bbox 1436 993 1455 1014; x_wconf 91' lang='lat' dir='ltr'>o</span> <span class='ocrx_word' id='word_1_163' title='bbox 1470 983 1625 1021; x_wconf 76' lang='lat' dir='ltr'><strong>Socrates,</strong></span> <span class='ocrx_word' id='word_1_164' title='bbox 1641 984 1700 1015; x_wconf 84' lang='lat' dir='ltr'>sibi</span> 
     </span>
     <span class='ocr_line' id='line_1_15' title="bbox 230 1035 1703 1080; baseline 0.002 -14"><span class='ocrx_word' id='word_1_165' title='bbox 230 1036 365 1067; x_wconf 86' lang='lat' dir='ltr'>voluisse</span> <span class='ocrx_word' id='word_1_166' title='bbox 390 1036 597 1075; x_wconf 79' lang='lat' dir='ltr'>Simonidem,</span> <span class='ocrx_word' id='word_1_167' title='bbox 624 1046 717 1077; x_wconf 91' lang='lat' dir='ltr'>quam</span> <span class='ocrx_word' id='word_1_168' title='bbox 735 1035 912 1078; x_wconf 85' lang='lat' dir='ltr'>vituperare</span> <span class='ocrx_word' id='word_1_169' title='bbox 935 1035 1106 1073; x_wconf 75' lang='lat' dir='ltr'>Pittacum,</span> <span class='ocrx_word' id='word_1_170' title='bbox 1134 1037 1221 1077; x_wconf 86' lang='lat' dir='ltr'>quod</span> <span class='ocrx_word' id='word_1_171' title='bbox 1247 1037 1376 1068; x_wconf 85' lang='lat' dir='ltr'>nomina</span> <span class='ocrx_word' id='word_1_172' title='bbox 1401 1043 1484 1069; x_wconf 85' lang='lat' dir='ltr'>recte</span> <span class='ocrx_word' id='word_1_173' title='bbox 1511 1037 1703 1080; x_wconf 77' lang='lat' dir='ltr'>distinguere</span> 
     </span>
     <span class='ocr_line' id='line_1_16' title="bbox 233 1090 1704 1132; baseline 0.001 -10"><span class='ocrx_word' id='word_1_174' title='bbox 233 1091 407 1128; x_wconf 79' lang='lat' dir='ltr'>nesciebat,</span> <span class='ocrx_word' id='word_1_175' title='bbox 434 1097 544 1132; x_wconf 82' lang='lat' dir='ltr'>utpote</span> <span class='ocrx_word' id='word_1_176' title='bbox 560 1090 616 1132; x_wconf 87' lang='lat' dir='ltr'>qui</span> <span class='ocrx_word' id='word_1_177' title='bbox 632 1090 763 1121; x_wconf 85' lang='lat' dir='ltr'>Lesbius</span> <span class='ocrx_word' id='word_1_178' title='bbox 778 1095 856 1126; x_wconf 85' lang='lat' dir='ltr'>erat.</span> <span class='ocrx_word' id='word_1_179' title='bbox 871 1095 904 1121; x_wconf 87' lang='lat' dir='ltr'>et</span> <span class='ocrx_word' id='word_1_180' title='bbox 930 1090 963 1120; x_wconf 91' lang='lat' dir='ltr'>in</span> <span class='ocrx_word' id='word_1_181' title='bbox 977 1100 1054 1121; x_wconf 84' lang='lat' dir='ltr'>voce</span> <span class='ocrx_word' id='word_1_182' title='bbox 1070 1090 1230 1121; x_wconf 83' lang='lat' dir='ltr'>barbarica</span> <span class='ocrx_word' id='word_1_183' title='bbox 1244 1091 1423 1122; x_wconf 81' lang='lat' dir='ltr'>educatus?</span> <span class='ocrx_word' id='word_1_184' title='bbox 1443 1113 1447 1116; x_wconf 89' lang='lat'>-</span> <span class='ocrx_word' id='word_1_185' title='bbox 1469 1091 1525 1122; x_wconf 89' lang='lat' dir='ltr'>So.</span> <span class='ocrx_word' id='word_1_186' title='bbox 1546 1091 1661 1129; x_wconf 81' lang='lat' dir='ltr'>Audis,</span> <span class='ocrx_word' id='word_1_187' title='bbox 1684 1103 1704 1124; x_wconf 91' lang='lat' dir='ltr'>o</span> 
     </span>
     <span class='ocr_line' id='line_1_17' title="bbox 231 1143 1706 1187; baseline -0.001 -9"><span class='ocrx_word' id='word_1_188' title='bbox 231 1146 415 1187; x_wconf 79' lang='lat' dir='ltr'>Protagora,</span> <span class='ocrx_word' id='word_1_189' title='bbox 432 1156 501 1187; x_wconf 80' lang='lat' dir='ltr'>quae</span> <span class='ocrx_word' id='word_1_190' title='bbox 518 1145 671 1176; x_wconf 81' lang='lat' dir='ltr'>Prodicus</span> <span class='ocrx_word' id='word_1_191' title='bbox 688 1145 745 1175; x_wconf 87' lang='lat' dir='ltr'>iste</span> <span class='ocrx_word' id='word_1_192' title='bbox 761 1144 840 1175; x_wconf 86' lang='lat' dir='ltr'>dicit</span> <span class='ocrx_word' id='word_1_193' title='bbox 854 1145 864 1174; x_wconf 94' lang='lat'>?</span> <span class='ocrx_word' id='word_1_194' title='bbox 911 1143 1000 1182; x_wconf 82' lang='lat' dir='ltr'>Quid</span> <span class='ocrx_word' id='word_1_195' title='bbox 1016 1145 1056 1175; x_wconf 89' lang='lat' dir='ltr'>ad</span> <span class='ocrx_word' id='word_1_196' title='bbox 1072 1144 1163 1176; x_wconf 84' lang='lat' dir='ltr'>baec?</span> <span class='ocrx_word' id='word_1_197' title='bbox 1209 1145 1321 1177; x_wconf 72' lang='lat' dir='ltr'>Pnor.</span> <span class='ocrx_word' id='word_1_198' title='bbox 1345 1144 1538 1177; x_wconf 81' lang='lat' dir='ltr'>Permultum</span> <span class='ocrx_word' id='word_1_199' title='bbox 1555 1146 1654 1184; x_wconf 79' lang='lat' dir='ltr'>abest,-</span> <span class='ocrx_word' id='word_1_200' title='bbox 1669 1151 1706 1177; x_wconf 88' lang='lat' dir='ltr'>ut</span> 
     </span>
     <span class='ocr_line' id='line_1_18' title="bbox 230 1198 1708 1241; baseline 0 -10"><span class='ocrx_word' id='word_1_201' title='bbox 230 1202 274 1231; x_wconf 84' lang='lat' dir='ltr'>ita</span> <span class='ocrx_word' id='word_1_202' title='bbox 290 1201 343 1237; x_wconf 74' lang='lat' dir='ltr'>sit,</span> <span class='ocrx_word' id='word_1_203' title='bbox 358 1200 504 1231; x_wconf 90' lang='lat' dir='ltr'>Prodice.</span> <span class='ocrx_word' id='word_1_204' title='bbox 529 1204 611 1231; x_wconf 88' lang='lat' dir='ltr'>certe</span> <span class='ocrx_word' id='word_1_205' title='bbox 637 1198 784 1240; x_wconf 83' lang='lat' dir='ltr'>equidem</span> <span class='ocrx_word' id='word_1_206' title='bbox 811 1198 889 1235; x_wconf 89' lang='lat' dir='ltr'>scio,</span> <span class='ocrx_word' id='word_1_207' title='bbox 915 1198 1108 1229; x_wconf 89' lang='lat' dir='ltr'>Simonidem</span> <span class='ocrx_word' id='word_1_208' title='bbox 1135 1198 1269 1230; x_wconf 85' lang='lat' dir='ltr'>difficilis</span> <span class='ocrx_word' id='word_1_209' title='bbox 1283 1199 1421 1239; x_wconf 87' lang='lat' dir='ltr'>nomine,</span> <span class='ocrx_word' id='word_1_210' title='bbox 1447 1199 1478 1230; x_wconf 82' lang='lat' dir='ltr'>id</span> <span class='ocrx_word' id='word_1_211' title='bbox 1506 1200 1590 1241; x_wconf 89' lang='lat' dir='ltr'>quod</span> <span class='ocrx_word' id='word_1_212' title='bbox 1607 1205 1642 1231; x_wconf 87' lang='lat' dir='ltr'>et</span> <span class='ocrx_word' id='word_1_213' title='bbox 1653 1200 1708 1231; x_wconf 83' lang='lat' dir='ltr'>alii</span> 
     </span>
     <span class='ocr_line' id='line_1_19' title="bbox 232 1253 1705 1296; baseline 0 -10"><span class='ocrx_word' id='word_1_214' title='bbox 232 1255 348 1296; x_wconf 80' lang='lat' dir='ltr'>solent,</span> <span class='ocrx_word' id='word_1_215' title='bbox 360 1254 536 1296; x_wconf 82' lang='lat' dir='ltr'>significare</span> <span class='ocrx_word' id='word_1_216' title='bbox 552 1253 700 1293; x_wconf 77' lang='lat' dir='ltr'>voluisse,</span> <span class='ocrx_word' id='word_1_217' title='bbox 715 1263 777 1283; x_wconf 89' lang='lat' dir='ltr'>non</span> <span class='ocrx_word' id='word_1_218' title='bbox 794 1253 925 1294; x_wconf 87' lang='lat' dir='ltr'>malum,</span> <span class='ocrx_word' id='word_1_219' title='bbox 940 1253 1034 1283; x_wconf 87' lang='lat' dir='ltr'>immo</span> <span class='ocrx_word' id='word_1_220' title='bbox 1048 1253 1133 1294; x_wconf 89' lang='lat' dir='ltr'>quod</span> <span class='ocrx_word' id='word_1_221' title='bbox 1150 1263 1214 1283; x_wconf 89' lang='lat' dir='ltr'>non</span> <span class='ocrx_word' id='word_1_222' title='bbox 1229 1253 1334 1290; x_wconf 81' lang='lat' dir='ltr'>facile,</span> <span class='ocrx_word' id='word_1_223' title='bbox 1347 1254 1402 1284; x_wconf 89' lang='lat' dir='ltr'>sed</span> <span class='ocrx_word' id='word_1_224' title='bbox 1417 1253 1522 1284; x_wconf 89' lang='lat' dir='ltr'>multis</span> <span class='ocrx_word' id='word_1_225' title='bbox 1535 1265 1606 1285; x_wconf 88' lang='lat' dir='ltr'>cum</span> <span class='ocrx_word' id='word_1_226' title='bbox 1618 1254 1705 1286; x_wconf 83' lang='lat' dir='ltr'>labo-</span> 
     </span>
     <span class='ocr_line' id='line_1_20' title="bbox 232 1306 1707 1350; baseline -0.001 -10"><span class='ocrx_word' id='word_1_227' title='bbox 232 1310 317 1340; x_wconf 87' lang='lat' dir='ltr'>ribus</span> <span class='ocrx_word' id='word_1_228' title='bbox 332 1314 539 1350; x_wconf 84' lang='lat' dir='ltr'>comparatur.</span> <span class='ocrx_word' id='word_1_229' title='bbox 584 1309 640 1340; x_wconf 89' lang='lat' dir='ltr'>So.</span> <span class='ocrx_word' id='word_1_230' title='bbox 666 1308 734 1348; x_wconf 80' lang='lat' dir='ltr'>Ego</span> <span class='ocrx_word' id='word_1_231' title='bbox 750 1308 824 1338; x_wconf 88' lang='lat' dir='ltr'>item</span> <span class='ocrx_word' id='word_1_232' title='bbox 850 1307 909 1338; x_wconf 90' lang='lat' dir='ltr'>hoc</span> <span class='ocrx_word' id='word_1_233' title='bbox 928 1306 1067 1338; x_wconf 87' lang='lat' dir='ltr'>voluisse</span> <span class='ocrx_word' id='word_1_234' title='bbox 1091 1306 1286 1337; x_wconf 86' lang='lat' dir='ltr'>Simonidem</span> <span class='ocrx_word' id='word_1_235' title='bbox 1310 1307 1450 1344; x_wconf 87' lang='lat' dir='ltr'>arbitror,</span> <span class='ocrx_word' id='word_1_236' title='bbox 1477 1318 1496 1338; x_wconf 92' lang='grc' dir='ltr'>ο</span> <span class='ocrx_word' id='word_1_237' title='bbox 1522 1307 1707 1350; x_wconf 79' lang='lat' dir='ltr'>Protagora,</span> 
     </span>
     <span class='ocr_line' id='line_1_21' title="bbox 233 1361 1706 1406; baseline -0.001 -11"><span class='ocrx_word' id='word_1_238' title='bbox 233 1365 381 1406; x_wconf 79' lang='lat' dir='ltr'>idemque</span> <span class='ocrx_word' id='word_1_239' title='bbox 398 1363 567 1394; x_wconf 87' lang='lat' dir='ltr'>Prodicum</span> <span class='ocrx_word' id='word_1_240' title='bbox 584 1362 759 1402; x_wconf 82' lang='lat' dir='ltr'>intelligere</span> <span class='ocrx_word' id='word_1_241' title='bbox 775 1373 782 1393; x_wconf 89' lang='lat'><strong>:</strong></span> <span class='ocrx_word' id='word_1_242' title='bbox 809 1361 863 1392; x_wconf 87' lang='lat' dir='ltr'>sed</span> <span class='ocrx_word' id='word_1_243' title='bbox 877 1361 978 1403; x_wconf 84' lang='lat' dir='ltr'>jocari</span> <span class='ocrx_word' id='word_1_244' title='bbox 998 1366 1115 1399; x_wconf 88' lang='lat' dir='ltr'>tecum,</span> <span class='ocrx_word' id='word_1_245' title='bbox 1132 1366 1315 1403; x_wconf 84' lang='lat' dir='ltr'>tentareque</span> <span class='ocrx_word' id='word_1_246' title='bbox 1331 1366 1374 1398; x_wconf 86' lang='lat' dir='ltr'>te,</span> <span class='ocrx_word' id='word_1_247' title='bbox 1385 1366 1487 1392; x_wconf 85' lang='lat' dir='ltr'>utrum</span> <span class='ocrx_word' id='word_1_248' title='bbox 1503 1363 1634 1394; x_wconf 82' lang='lat' dir='ltr'>sermoni</span> <span class='ocrx_word' id='word_1_249' title='bbox 1651 1368 1706 1394; x_wconf 87' lang='lat' dir='ltr'>tuo</span> 
     </span>
     <span class='ocr_line' id='line_1_22' title="bbox 232 1414 1707 1459; baseline -0.001 -10"><span class='ocrx_word' id='word_1_250' title='bbox 232 1419 338 1450; x_wconf 81' lang='lat' dir='ltr'>valeas</span> <span class='ocrx_word' id='word_1_251' title='bbox 366 1418 539 1459; x_wconf 73' lang='lat' dir='ltr'>suffragari.</span> <span class='ocrx_word' id='word_1_252' title='bbox 587 1417 682 1455; x_wconf 88' lang='lat' dir='ltr'>Quod</span> <span class='ocrx_word' id='word_1_253' title='bbox 700 1416 783 1447; x_wconf 89' lang='lat' dir='ltr'>enim</span> <span class='ocrx_word' id='word_1_254' title='bbox 799 1415 979 1447; x_wconf 77' lang='lat' dir='ltr'>Simonides</span> <span class='ocrx_word' id='word_1_255' title='bbox 995 1414 1123 1447; x_wconf 87' lang='lat' dir='ltr'>difficile</span> <span class='ocrx_word' id='word_1_256' title='bbox 1139 1425 1202 1446; x_wconf 90' lang='lat' dir='ltr'>non</span> <span class='ocrx_word' id='word_1_257' title='bbox 1221 1415 1335 1446; x_wconf 79' lang='lat' dir='ltr'>malum</span> <span class='ocrx_word' id='word_1_258' title='bbox 1357 1415 1489 1457; x_wconf 85' lang='lat' dir='ltr'>intelligi</span> <span class='ocrx_word' id='word_1_259' title='bbox 1505 1416 1590 1453; x_wconf 85' lang='lat' dir='ltr'>velit,</span> <span class='ocrx_word' id='word_1_260' title='bbox 1615 1427 1707 1458; x_wconf 80' lang='lat' dir='ltr'>argu-</span> 
     </span>
     <span class='ocr_line' id='line_1_23' title="bbox 234 1469 1706 1514; baseline -0.001 -10"><span class='ocrx_word' id='word_1_261' title='bbox 234 1478 340 1504; x_wconf 85' lang='lat' dir='ltr'>mento</span> <span class='ocrx_word' id='word_1_262' title='bbox 357 1478 430 1504; x_wconf 85' lang='lat' dir='ltr'>sunt</span> <span class='ocrx_word' id='word_1_263' title='bbox 445 1483 516 1514; x_wconf 89' lang='lat' dir='ltr'>quae</span> <span class='ocrx_word' id='word_1_264' title='bbox 529 1476 712 1514; x_wconf 82' lang='lat' dir='ltr'>sequuntur.</span> <span class='ocrx_word' id='word_1_265' title='bbox 736 1470 900 1512; x_wconf 81' lang='lat' dir='ltr'>subjungit</span> <span class='ocrx_word' id='word_1_266' title='bbox 916 1470 1011 1506; x_wconf 84' lang='lat' dir='ltr'>enim,</span> <span class='ocrx_word' id='word_1_267' title='bbox 1037 1470 1123 1511; x_wconf 90' lang='lat' dir='ltr'>quod</span> <span class='ocrx_word' id='word_1_268' title='bbox 1149 1470 1233 1500; x_wconf 84' lang='lat' dir='ltr'>solus</span> <span class='ocrx_word' id='word_1_269' title='bbox 1260 1469 1352 1501; x_wconf 88' lang='lat' dir='ltr'>Deus</span> <span class='ocrx_word' id='word_1_270' title='bbox 1368 1471 1428 1501; x_wconf 88' lang='lat' dir='ltr'>boc</span> <span class='ocrx_word' id='word_1_271' title='bbox 1443 1481 1570 1502; x_wconf 85' lang='lat' dir='ltr'>munere</span> <span class='ocrx_word' id='word_1_272' title='bbox 1584 1470 1706 1503; x_wconf 81' lang='lat' dir='ltr'>fruitur.</span> 
     </span>
     <span class='ocr_line' id='line_1_24' title="bbox 232 1523 1704 1570; baseline -0.002 -11"><span class='ocrx_word' id='word_1_273' title='bbox 232 1528 349 1570; x_wconf 80' lang='lat' dir='ltr'>Neque</span> <span class='ocrx_word' id='word_1_274' title='bbox 366 1538 437 1558; x_wconf 83' lang='lat' dir='ltr'>vero</span> <span class='ocrx_word' id='word_1_275' title='bbox 454 1527 478 1557; x_wconf 88' lang='lat' dir='ltr'>si</span> <span class='ocrx_word' id='word_1_276' title='bbox 494 1526 589 1558; x_wconf 86' lang='lat' dir='ltr'>vellet</span> <span class='ocrx_word' id='word_1_277' title='bbox 601 1525 714 1556; x_wconf 87' lang='lat' dir='ltr'>malum</span> <span class='ocrx_word' id='word_1_278' title='bbox 731 1535 798 1556; x_wconf 90' lang='lat' dir='ltr'>esse</span> <span class='ocrx_word' id='word_1_279' title='bbox 815 1525 930 1555; x_wconf 90' lang='lat' dir='ltr'>bonum</span> <span class='ocrx_word' id='word_1_280' title='bbox 946 1534 1154 1566; x_wconf 84' lang='lat' dir='ltr'>perseverare,</span> <span class='ocrx_word' id='word_1_281' title='bbox 1181 1524 1276 1566; x_wconf 82' lang='lat' dir='ltr'>paulo</span> <span class='ocrx_word' id='word_1_282' title='bbox 1293 1528 1366 1566; x_wconf 81' lang='lat' dir='ltr'>post</span> <span class='ocrx_word' id='word_1_283' title='bbox 1379 1523 1578 1566; x_wconf 82' lang='lat' dir='ltr'>adjungeret,</span> <span class='ocrx_word' id='word_1_284' title='bbox 1603 1525 1704 1557; x_wconf 84' lang='lat' dir='ltr'>solum</span> 
     </span>
     <span class='ocr_line' id='line_1_25' title="bbox 199 1578 1704 1623; baseline -0.003 -9"><span class='ocrx_word' id='word_1_285' title='bbox 199 1601 202 1603; x_wconf 77' lang='lat'><em>,</em></span> <span class='ocrx_word' id='word_1_286' title='bbox 233 1583 340 1614; x_wconf 89' lang='lat' dir='ltr'>Deum</span> <span class='ocrx_word' id='word_1_287' title='bbox 361 1582 455 1623; x_wconf 85' lang='lat' dir='ltr'>hujus</span> <span class='ocrx_word' id='word_1_288' title='bbox 467 1587 644 1623; x_wconf 84' lang='lat' dir='ltr'>compotem</span> <span class='ocrx_word' id='word_1_289' title='bbox 660 1591 740 1616; x_wconf 85' lang='lat' dir='ltr'>esse,</span> <span class='ocrx_word' id='word_1_290' title='bbox 763 1579 899 1621; x_wconf 87' lang='lat' dir='ltr'>Deoque</span> <span class='ocrx_word' id='word_1_291' title='bbox 915 1579 973 1610; x_wconf 89' lang='lat' dir='ltr'>soli</span> <span class='ocrx_word' id='word_1_292' title='bbox 990 1589 1101 1609; x_wconf 89' lang='lat' dir='ltr'>munus</span> <span class='ocrx_word' id='word_1_293' title='bbox 1117 1578 1149 1609; x_wconf 90' lang='lat' dir='ltr'>id</span> <span class='ocrx_word' id='word_1_294' title='bbox 1173 1579 1366 1610; x_wconf 79' lang='lat' dir='ltr'>attribueret.</span> <span class='ocrx_word' id='word_1_295' title='bbox 1411 1578 1596 1610; x_wconf 81' lang='lat' dir='ltr'>dissolutum</span> <span class='ocrx_word' id='word_1_296' title='bbox 1610 1578 1704 1621; x_wconf 88' lang='lat' dir='ltr'>plane</span> 
     </span>
     <span class='ocr_line' id='line_1_26' title="bbox 232 1632 1704 1672; baseline -0.002 -4"><span class='ocrx_word' id='word_1_297' title='bbox 232 1637 403 1672; x_wconf 87' lang='lat' dir='ltr'>hominem,</span> <span class='ocrx_word' id='word_1_298' title='bbox 423 1647 482 1667; x_wconf 73' lang='lat' dir='ltr'>nec</span> <span class='ocrx_word' id='word_1_299' title='bbox 509 1636 572 1667; x_wconf 88' lang='lat' dir='ltr'>ullo</span> <span class='ocrx_word' id='word_1_300' title='bbox 588 1635 682 1666; x_wconf 91' lang='lat' dir='ltr'>modo</span> <span class='ocrx_word' id='word_1_301' title='bbox 706 1634 820 1666; x_wconf 89' lang='lat' dir='ltr'>Chium</span> <span class='ocrx_word' id='word_1_302' title='bbox 838 1633 991 1664; x_wconf 86' lang='lat' dir='ltr'>Prodicus</span> <span class='ocrx_word' id='word_1_303' title='bbox 1005 1633 1049 1663; x_wconf 86' lang='lat' dir='ltr'>ita</span> <span class='ocrx_word' id='word_1_304' title='bbox 1060 1632 1283 1664; x_wconf 85' lang='lat' dir='ltr'>diceretfuisse</span> <span class='ocrx_word' id='word_1_305' title='bbox 1307 1633 1511 1666; x_wconf 86' lang='lat' dir='ltr'>Simonidem.</span> <span class='ocrx_word' id='word_1_306' title='bbox 1556 1633 1704 1666; x_wconf 85' lang='lat' dir='ltr'>Ceterum</span> 
     </span>
     <span class='ocr_line' id='line_1_27' title="bbox 235 1687 1707 1733; baseline -0.001 -11"><span class='ocrx_word' id='word_1_307' title='bbox 235 1692 311 1733; x_wconf 91' lang='lat' dir='ltr'>quid</span> <span class='ocrx_word' id='word_1_308' title='bbox 329 1692 455 1722; x_wconf 86' lang='lat' dir='ltr'>tandem</span> <span class='ocrx_word' id='word_1_309' title='bbox 473 1689 605 1721; x_wconf 77' lang='lat' dir='ltr'>sensisse</span> <span class='ocrx_word' id='word_1_310' title='bbox 620 1689 651 1720; x_wconf 92' lang='lat' dir='ltr'>in</span> <span class='ocrx_word' id='word_1_311' title='bbox 668 1689 715 1720; x_wconf 91' lang='lat' dir='ltr'>bis</span> <span class='ocrx_word' id='word_1_312' title='bbox 726 1688 916 1720; x_wconf 86' lang='lat' dir='ltr'>carminibus</span> <span class='ocrx_word' id='word_1_313' title='bbox 931 1687 1123 1718; x_wconf 83' lang='lat' dir='ltr'>Simonidem</span> <span class='ocrx_word' id='word_1_314' title='bbox 1140 1688 1265 1724; x_wconf 89' lang='lat' dir='ltr'>ducam,</span> <span class='ocrx_word' id='word_1_315' title='bbox 1281 1687 1369 1718; x_wconf 85' lang='lat' dir='ltr'>vobis</span> <span class='ocrx_word' id='word_1_316' title='bbox 1383 1688 1532 1729; x_wconf 83' lang='lat' dir='ltr'>aperiam,</span> <span class='ocrx_word' id='word_1_317' title='bbox 1558 1687 1656 1730; x_wconf 76' lang='lat'><strong>[342]</strong></span> <span class='ocrx_word' id='word_1_318' title='bbox 1679 1689 1707 1720; x_wconf 86' lang='lat' dir='ltr'>si</span> 
     </span>
     <span class='ocr_line' id='line_1_28' title="bbox 235 1740 1705 1787; baseline -0.002 -11"><span class='ocrx_word' id='word_1_319' title='bbox 235 1747 280 1777; x_wconf 86' lang='lat' dir='ltr'>vis</span> <span class='ocrx_word' id='word_1_320' title='bbox 296 1747 336 1778; x_wconf 91' lang='lat' dir='ltr'>de</span> <span class='ocrx_word' id='word_1_321' title='bbox 352 1757 400 1776; x_wconf 85' lang='lat' dir='ltr'>me</span> <span class='ocrx_word' id='word_1_322' title='bbox 417 1745 590 1787; x_wconf 86' lang='lat' dir='ltr'>pericnlum</span> <span class='ocrx_word' id='word_1_323' title='bbox 615 1743 729 1781; x_wconf 82' lang='lat' dir='ltr'>facere,</span> <span class='ocrx_word' id='word_1_324' title='bbox 757 1742 1022 1785; x_wconf 82' lang='lat' dir='ltr'>quemadmodum</span> <span class='ocrx_word' id='word_1_325' title='bbox 1048 1741 1131 1773; x_wconf 85' lang='lat' dir='ltr'>circa</span> <span class='ocrx_word' id='word_1_326' title='bbox 1146 1741 1275 1783; x_wconf 71' lang='lat' dir='ltr'>poetica</span> <span class='ocrx_word' id='word_1_327' title='bbox 1289 1741 1346 1772; x_wconf 89' lang='lat' dir='ltr'>sim</span> <span class='ocrx_word' id='word_1_328' title='bbox 1363 1741 1506 1774; x_wconf 84' lang='lat' dir='ltr'>affectus.</span> <span class='ocrx_word' id='word_1_329' title='bbox 1530 1740 1579 1773; x_wconf 83' lang='lat' dir='ltr'>sin</span> <span class='ocrx_word' id='word_1_330' title='bbox 1600 1748 1705 1774; x_wconf 79' lang='lat' dir='ltr'>autem</span> 
     </span>
     <span class='ocr_line' id='line_1_29' title="bbox 233 1795 1707 1841; baseline -0.002 -10"><span class='ocrx_word' id='word_1_331' title='bbox 233 1802 293 1841; x_wconf 87' lang='lat' dir='ltr'>vis,</span> <span class='ocrx_word' id='word_1_332' title='bbox 307 1806 338 1832; x_wconf 89' lang='lat' dir='ltr'>te</span> <span class='ocrx_word' id='word_1_333' title='bbox 351 1800 489 1832; x_wconf 81' lang='lat' dir='ltr'>audiam.</span> <span class='ocrx_word' id='word_1_334' title='bbox 536 1799 724 1840; x_wconf 80' lang='lat' dir='ltr'>Protagoras</span> <span class='ocrx_word' id='word_1_335' title='bbox 735 1808 807 1830; x_wconf 90' lang='lat' dir='ltr'>cum</span> <span class='ocrx_word' id='word_1_336' title='bbox 822 1797 890 1828; x_wconf 86' lang='lat' dir='ltr'>haec</span> <span class='ocrx_word' id='word_1_337' title='bbox 906 1796 1056 1834; x_wconf 77' lang='lat' dir='ltr'>audisset,</span> <span class='ocrx_word' id='word_1_338' title='bbox 1079 1795 1126 1828; x_wconf 90' lang='lat' dir='ltr'>Ut</span> <span class='ocrx_word' id='word_1_339' title='bbox 1142 1796 1242 1837; x_wconf 83' lang='lat' dir='ltr'>lubet,</span> <span class='ocrx_word' id='word_1_340' title='bbox 1258 1796 1372 1838; x_wconf 85' lang='lat' dir='ltr'>inquit,</span> <span class='ocrx_word' id='word_1_341' title='bbox 1386 1807 1404 1828; x_wconf 95' lang='lat' dir='ltr'>o</span> <span class='ocrx_word' id='word_1_342' title='bbox 1414 1796 1576 1829; x_wconf 80' lang='lat' dir='ltr'>Socrates.</span> <span class='ocrx_word' id='word_1_343' title='bbox 1600 1807 1707 1828; x_wconf 88' lang='lat' dir='ltr'>verum</span> 
     </span>
     <span class='ocr_line' id='line_1_30' title="bbox 235 1843 1706 1896; baseline -0.003 -9"><span class='ocrx_word' id='word_1_344' title='bbox 235 1856 389 1887; x_wconf 88' lang='lat' dir='ltr'>Prodicus</span> <span class='ocrx_word' id='word_1_345' title='bbox 412 1860 444 1887; x_wconf 84' lang='lat' dir='ltr'>et</span> <span class='ocrx_word' id='word_1_346' title='bbox 459 1854 610 1896; x_wconf 88' lang='lat' dir='ltr'>Hippias,</span> <span class='ocrx_word' id='word_1_347' title='bbox 637 1852 754 1894; x_wconf 89' lang='lat' dir='ltr'>aliique</span> <span class='ocrx_word' id='word_1_348' title='bbox 781 1863 891 1883; x_wconf 86' lang='lat' dir='ltr'>omnes</span> <span class='ocrx_word' id='word_1_349' title='bbox 906 1862 996 1894; x_wconf 81' lang='lat' dir='ltr'>agere</span> <span class='ocrx_word' id='word_1_350' title='bbox 1025 1862 1074 1883; x_wconf 89' lang='lat' dir='ltr'>me</span> <span class='ocrx_word' id='word_1_351' title='bbox 1101 1853 1142 1882; x_wconf 87' lang='lat' dir='ltr'>ita</span> <span class='ocrx_word' id='word_1_352' title='bbox 1164 1850 1337 1893; x_wconf 86' lang='lat' dir='ltr'>jusserunt.</span> <span class='ocrx_word' id='word_1_353' title='bbox 1353 1870 1355 1873; x_wconf 95' lang='lat'>·</span> <span class='ocrx_word' id='word_1_354' title='bbox 1382 1850 1541 1888; x_wconf 80' lang='lat' dir='ltr'>conabor,</span> <span class='ocrx_word' id='word_1_355' title='bbox 1566 1843 1706 1893; x_wconf 78' lang='lat' dir='ltr'>inquam,</span> 
     </span>
     <span class='ocr_line' id='line_1_31' title="bbox 234 1904 1710 1952; baseline -0.003 -11"><span class='ocrx_word' id='word_1_356' title='bbox 234 1910 311 1952; x_wconf 90' lang='lat' dir='ltr'>quid</span> <span class='ocrx_word' id='word_1_357' title='bbox 328 1910 368 1940; x_wconf 88' lang='lat' dir='ltr'>de</span> <span class='ocrx_word' id='word_1_358' title='bbox 380 1909 429 1940; x_wconf 87' lang='lat' dir='ltr'>bis</span> <span class='ocrx_word' id='word_1_359' title='bbox 444 1908 630 1940; x_wconf 86' lang='lat' dir='ltr'>carminibus</span> <span class='ocrx_word' id='word_1_360' title='bbox 647 1908 793 1947; x_wconf 84' lang='lat' dir='ltr'>sentiam,</span> <span class='ocrx_word' id='word_1_361' title='bbox 814 1906 904 1937; x_wconf 89' lang='lat' dir='ltr'>vobis</span> <span class='ocrx_word' id='word_1_362' title='bbox 919 1916 1087 1948; x_wconf 84' lang='lat' dir='ltr'>exponere.</span> <span class='ocrx_word' id='word_1_363' title='bbox 1133 1904 1398 1947; x_wconf 85' lang='lat' dir='ltr'>Antiquissimum</span> <span class='ocrx_word' id='word_1_364' title='bbox 1423 1905 1509 1947; x_wconf 79' lang='lat' dir='ltr'>apud</span> <span class='ocrx_word' id='word_1_365' title='bbox 1533 1904 1661 1937; x_wconf 78' lang='lat' dir='ltr'>Graecos</span> <span class='ocrx_word' id='word_1_366' title='bbox 1676 1911 1710 1937; x_wconf 82' lang='lat' dir='ltr'>et</span> 
     </span>
     <span class='ocr_line' id='line_1_32' title="bbox 234 1960 1710 2009; baseline -0.003 -13"><span class='ocrx_word' id='word_1_367' title='bbox 234 1966 401 2009; x_wconf 88' lang='lat' dir='ltr'>plurimum</span> <span class='ocrx_word' id='word_1_368' title='bbox 418 1964 580 2007; x_wconf 70' lang='lat' dir='ltr'>sapientias</span> <span class='ocrx_word' id='word_1_369' title='bbox 595 1963 733 1994; x_wconf 89' lang='lat' dir='ltr'>studium</span> <span class='ocrx_word' id='word_1_370' title='bbox 750 1962 781 1993; x_wconf 94' lang='lat' dir='ltr'>in</span> <span class='ocrx_word' id='word_1_371' title='bbox 799 1961 895 1994; x_wconf 79' lang='lat' dir='ltr'>Creta</span> <span class='ocrx_word' id='word_1_372' title='bbox 909 1966 942 1992; x_wconf 90' lang='lat' dir='ltr'>et</span> <span class='ocrx_word' id='word_1_373' title='bbox 956 1960 1197 1992; x_wconf 71' lang='lat' dir='ltr'>Lacedaemonia</span> <span class='ocrx_word' id='word_1_374' title='bbox 1215 1964 1328 2001; x_wconf 83' lang='lat' dir='ltr'>exstat,</span> <span class='ocrx_word' id='word_1_375' title='bbox 1337 1964 1368 1991; x_wconf 92' lang='lat' dir='ltr'>et</span> <span class='ocrx_word' id='word_1_376' title='bbox 1382 1960 1530 2002; x_wconf 83' lang='lat' dir='ltr'>sophistae</span> <span class='ocrx_word' id='word_1_377' title='bbox 1546 1960 1650 2002; x_wconf 85' lang='lat' dir='ltr'>plures</span> <span class='ocrx_word' id='word_1_378' title='bbox 1664 1961 1710 1992; x_wconf 88' lang='lat' dir='ltr'>ibi</span> 
     </span>
     <span class='ocr_line' id='line_1_33' title="bbox 239 2014 1708 2063; baseline -0.005 -11"><span class='ocrx_word' id='word_1_379' title='bbox 239 2032 333 2063; x_wconf 88' lang='lat' dir='ltr'>quam</span> <span class='ocrx_word' id='word_1_380' title='bbox 349 2018 425 2051; x_wconf 87' lang='lat' dir='ltr'>alibi</span> <span class='ocrx_word' id='word_1_381' title='bbox 442 2029 572 2060; x_wconf 84' lang='lat' dir='ltr'>usquam</span> <span class='ocrx_word' id='word_1_382' title='bbox 587 2018 806 2060; x_wconf 87' lang='lat' dir='ltr'>reperiuntur:</span> <span class='ocrx_word' id='word_1_383' title='bbox 832 2015 1030 2047; x_wconf 85' lang='lat' dir='ltr'>dissimulant</span> <span class='ocrx_word' id='word_1_384' title='bbox 1045 2019 1163 2055; x_wconf 88' lang='lat' dir='ltr'>autem,</span> <span class='ocrx_word' id='word_1_385' title='bbox 1190 2020 1222 2046; x_wconf 88' lang='lat' dir='ltr'>et</span> <span class='ocrx_word' id='word_1_386' title='bbox 1244 2014 1407 2056; x_wconf 86' lang='lat' dir='ltr'>imperitos</span> <span class='ocrx_word' id='word_1_387' title='bbox 1432 2025 1499 2046; x_wconf 85' lang='lat' dir='ltr'>esse</span> <span class='ocrx_word' id='word_1_388' title='bbox 1523 2025 1557 2046; x_wconf 89' lang='lat' dir='ltr'>se</span> <span class='ocrx_word' id='word_1_389' title='bbox 1572 2015 1708 2057; x_wconf 84' lang='lat' dir='ltr'>fingunt,</span> 
     </span>
     <span class='ocr_line' id='line_1_34' title="bbox 235 2069 1711 2114; baseline -0.004 -7"><span class='ocrx_word' id='word_1_390' title='bbox 235 2087 276 2107; x_wconf 87' lang='lat' dir='ltr'>ne</span> <span class='ocrx_word' id='word_1_391' title='bbox 305 2080 426 2106; x_wconf 86' lang='lat' dir='ltr'>ceteros</span> <span class='ocrx_word' id='word_1_392' title='bbox 441 2073 569 2105; x_wconf 81' lang='lat' dir='ltr'>Graecos</span> <span class='ocrx_word' id='word_1_393' title='bbox 585 2082 730 2114; x_wconf 81' lang='lat' dir='ltr'>superare</span> <span class='ocrx_word' id='word_1_394' title='bbox 746 2070 903 2113; x_wconf 83' lang='lat' dir='ltr'>sapientia</span> <span class='ocrx_word' id='word_1_395' title='bbox 917 2070 1195 2112; x_wconf 81' lang='lat' dir='ltr'>deprehendantur</span> <span class='ocrx_word' id='word_1_396' title='bbox 1211 2081 1218 2100; x_wconf 94' lang='lat'><strong>:</strong></span> <span class='ocrx_word' id='word_1_397' title='bbox 1242 2069 1357 2112; x_wconf 88' lang='lat' dir='ltr'>(instar</span> <span class='ocrx_word' id='word_1_398' title='bbox 1370 2079 1490 2107; x_wconf 84' lang='lat' dir='ltr'>eorum,</span> <span class='ocrx_word' id='word_1_399' title='bbox 1505 2080 1585 2112; x_wconf 86' lang='lat' dir='ltr'>quos</span> <span class='ocrx_word' id='word_1_400' title='bbox 1599 2069 1711 2102; x_wconf 77' lang='lat' dir='ltr'>Prota-</span> 
     </span>
     <span class='ocr_line' id='line_1_35' title="bbox 239 2123 1709 2172; baseline -0.004 -10"><span class='ocrx_word' id='word_1_401' title='bbox 239 2141 328 2172; x_wconf 82' lang='lat' dir='ltr'>goras</span> <span class='ocrx_word' id='word_1_402' title='bbox 344 2129 500 2171; x_wconf 78' lang='lat' dir='ltr'>sophistas</span> <span class='ocrx_word' id='word_1_403' title='bbox 516 2138 609 2169; x_wconf 87' lang='lat' dir='ltr'>supra</span> <span class='ocrx_word' id='word_1_404' title='bbox 632 2127 759 2158; x_wconf 89' lang='lat' dir='ltr'>dicebat</span> <span class='ocrx_word' id='word_1_405' title='bbox 773 2126 800 2168; x_wconf 78' lang='lat' dir='ltr'>z)</span> <span class='ocrx_word' id='word_1_406' title='bbox 824 2126 879 2157; x_wconf 88' lang='lat' dir='ltr'>sed</span> <span class='ocrx_word' id='word_1_407' title='bbox 902 2130 937 2157; x_wconf 91' lang='lat' dir='ltr'>ut</span> <span class='ocrx_word' id='word_1_408' title='bbox 962 2125 1127 2156; x_wconf 86' lang='lat' dir='ltr'>videantur</span> <span class='ocrx_word' id='word_1_409' title='bbox 1142 2135 1174 2155; x_wconf 88' lang='lat' dir='ltr'>re</span> <span class='ocrx_word' id='word_1_410' title='bbox 1191 2123 1314 2155; x_wconf 83' lang='lat' dir='ltr'>militari</span> <span class='ocrx_word' id='word_1_411' title='bbox 1340 2123 1444 2165; x_wconf 89' lang='lat' dir='ltr'>potius</span> <span class='ocrx_word' id='word_1_412' title='bbox 1468 2128 1501 2155; x_wconf 85' lang='lat' dir='ltr'>et</span> <span class='ocrx_word' id='word_1_413' title='bbox 1523 2123 1709 2156; x_wconf 79' lang='lat' dir='ltr'>fortitudine</span> 
     </span>
     <span class='ocr_line' id='line_1_36' title="bbox 236 2177 1712 2224; baseline -0.004 -7"><span class='ocrx_word' id='word_1_414' title='bbox 236 2190 356 2217; x_wconf 82' lang='lat' dir='ltr'>ceteros</span> <span class='ocrx_word' id='word_1_415' title='bbox 372 2184 490 2215; x_wconf 86' lang='lat' dir='ltr'>anteire</span> <span class='ocrx_word' id='word_1_416' title='bbox 503 2194 514 2223; x_wconf 72' lang='grc' dir='ltr'><strong>ς</strong></span> <span class='ocrx_word' id='word_1_417' title='bbox 537 2182 736 2224; x_wconf 86' lang='lat' dir='ltr'>suspicantur</span> <span class='ocrx_word' id='word_1_418' title='bbox 751 2181 848 2218; x_wconf 88' lang='lat' dir='ltr'>enim,</span> <span class='ocrx_word' id='word_1_419' title='bbox 863 2191 904 2212; x_wconf 86' lang='lat' dir='ltr'>ne</span> <span class='ocrx_word' id='word_1_420' title='bbox 920 2179 947 2211; x_wconf 82' lang='lat' dir='ltr'>si</span> <span class='ocrx_word' id='word_1_421' title='bbox 960 2179 1041 2212; x_wconf 79' lang='lat' dir='ltr'>sorte</span> <span class='ocrx_word' id='word_1_422' title='bbox 1057 2179 1171 2210; x_wconf 84' lang='lat' dir='ltr'>mentis</span> <span class='ocrx_word' id='word_1_423' title='bbox 1184 2177 1306 2210; x_wconf 89' lang='lat' dir='ltr'>illorum</span> <span class='ocrx_word' id='word_1_424' title='bbox 1318 2178 1444 2209; x_wconf 87' lang='lat' dir='ltr'>habitus</span> <span class='ocrx_word' id='word_1_425' title='bbox 1458 2179 1600 2221; x_wconf 81' lang='lat' dir='ltr'>patefiat,</span> <span class='ocrx_word' id='word_1_426' title='bbox 1615 2180 1712 2211; x_wconf 82' lang='lat' dir='ltr'>ceteri</span> 
     </span>
     <span class='ocr_line' id='line_1_37' title="bbox 237 2233 1710 2279; baseline -0.004 -8"><span class='ocrx_word' id='word_1_427' title='bbox 237 2251 346 2271; x_wconf 90' lang='lat' dir='ltr'>omnes</span> <span class='ocrx_word' id='word_1_428' title='bbox 362 2240 443 2270; x_wconf 91' lang='lat' dir='ltr'>idem</span> <span class='ocrx_word' id='word_1_429' title='bbox 461 2237 598 2269; x_wconf 90' lang='lat' dir='ltr'>studium</span> <span class='ocrx_word' id='word_1_430' title='bbox 608 2240 851 2279; x_wconf 82' lang='lat' dir='ltr'>prosequantur.</span> <span class='ocrx_word' id='word_1_431' title='bbox 885 2234 968 2277; x_wconf 85' lang='lat' dir='ltr'>Ergo</span> <span class='ocrx_word' id='word_1_432' title='bbox 983 2234 1090 2267; x_wconf 87' lang='lat' dir='ltr'>celant</span> <span class='ocrx_word' id='word_1_433' title='bbox 1104 2233 1333 2275; x_wconf 79' lang='lat' dir='ltr'>decipiuntque</span> <span class='ocrx_word' id='word_1_434' title='bbox 1347 2233 1478 2275; x_wconf 83' lang='lat' dir='ltr'>incolas,</span> <span class='ocrx_word' id='word_1_435' title='bbox 1490 2233 1546 2275; x_wconf 87' lang='lat' dir='ltr'>qui</span> <span class='ocrx_word' id='word_1_436' title='bbox 1561 2233 1710 2265; x_wconf 61' lang='lat' dir='ltr'>lacedae-</span> 
     </span>
     <span class='ocr_line' id='line_1_38' title="bbox 236 2287 1710 2328; baseline -0.003 -3"><span class='ocrx_word' id='word_1_437' title='bbox 236 2295 359 2325; x_wconf 85' lang='lat' dir='ltr'>monios</span> <span class='ocrx_word' id='word_1_438' title='bbox 383 2293 545 2324; x_wconf 87' lang='lat' dir='ltr'>imitantur</span> <span class='ocrx_word' id='word_1_439' title='bbox 566 2292 686 2323; x_wconf 89' lang='lat' dir='ltr'>aurium</span> <span class='ocrx_word' id='word_1_440' title='bbox 713 2290 963 2328; x_wconf 85' lang='lat' dir='ltr'>circumcisione,</span> <span class='ocrx_word' id='word_1_441' title='bbox 988 2288 1185 2320; x_wconf 78' lang='lat' dir='ltr'>involutione.</span> <span class='ocrx_word' id='word_1_442' title='bbox 1211 2287 1408 2328; x_wconf 84' lang='lat' dir='ltr'>corigiarum,</span> <span class='ocrx_word' id='word_1_443' title='bbox 1435 2288 1710 2320; x_wconf 82' lang='lat' dir='ltr'>exercitationibus</span> 
     </span>
     <span class='ocr_line' id='line_1_39' title="bbox 236 2342 1710 2391; baseline -0.004 -11"><span class='ocrx_word' id='word_1_444' title='bbox 236 2348 386 2391; x_wconf 81' lang='lat' dir='ltr'>corporis,</span> <span class='ocrx_word' id='word_1_445' title='bbox 401 2348 546 2379; x_wconf 88' lang='lat' dir='ltr'>brevibus</span> <span class='ocrx_word' id='word_1_446' title='bbox 559 2346 710 2384; x_wconf 84' lang='lat' dir='ltr'>vestibus,</span> <span class='ocrx_word' id='word_1_447' title='bbox 725 2345 858 2388; x_wconf 86' lang='lat' dir='ltr'>perinde</span> <span class='ocrx_word' id='word_1_448' title='bbox 878 2355 914 2376; x_wconf 80' lang='lat' dir='ltr'>ac</span> <span class='ocrx_word' id='word_1_449' title='bbox 930 2344 956 2375; x_wconf 86' lang='lat' dir='ltr'>si</span> <span class='ocrx_word' id='word_1_450' title='bbox 972 2342 1191 2386; x_wconf 86' lang='lat' dir='ltr'>hujuscemodi</span> <span class='ocrx_word' id='word_1_451' title='bbox 1214 2342 1306 2373; x_wconf 89' lang='lat' dir='ltr'>rebus</span> <span class='ocrx_word' id='word_1_452' title='bbox 1332 2342 1566 2374; x_wconf 73' lang='lat' dir='ltr'>Lacedaemonii</span> <span class='ocrx_word' id='word_1_453' title='bbox 1589 2347 1710 2374; x_wconf 82' lang='lat' dir='ltr'>ceteros</span> 
     </span>
     <span class='ocr_line' id='line_1_40' title="bbox 238 2396 1712 2444; baseline -0.004 -9"><span class='ocrx_word' id='word_1_454' title='bbox 238 2403 367 2435; x_wconf 87' lang='lat' dir='ltr'>Graecos</span> <span class='ocrx_word' id='word_1_455' title='bbox 381 2407 582 2444; x_wconf 85' lang='lat' dir='ltr'>exsuperent.</span> <span class='ocrx_word' id='word_1_456' title='bbox 627 2399 860 2432; x_wconf 68' lang='lat' dir='ltr'>Lacedaemonii</span> <span class='ocrx_word' id='word_1_457' title='bbox 871 2410 946 2431; x_wconf 86' lang='lat' dir='ltr'>vero</span> <span class='ocrx_word' id='word_1_458' title='bbox 957 2398 1081 2442; x_wconf 83' lang='lat' dir='ltr'>quoties</span> <span class='ocrx_word' id='word_1_459' title='bbox 1091 2408 1163 2429; x_wconf 89' lang='lat' dir='ltr'>curn</span> <span class='ocrx_word' id='word_1_460' title='bbox 1174 2397 1322 2439; x_wconf 86' lang='lat' dir='ltr'>sophistis</span> <span class='ocrx_word' id='word_1_461' title='bbox 1331 2397 1396 2428; x_wconf 84' lang='lat' dir='ltr'>suis</span> <span class='ocrx_word' id='word_1_462' title='bbox 1407 2396 1535 2428; x_wconf 80' lang='lat' dir='ltr'>liberius</span> <span class='ocrx_word' id='word_1_463' title='bbox 1543 2397 1712 2429; x_wconf 86' lang='lat' dir='ltr'>convenire</span> 
     </span>
     <span class='ocr_line' id='line_1_41' title="bbox 237 2451 1710 2494; baseline -0.003 -7"><span class='ocrx_word' id='word_1_464' title='bbox 237 2457 360 2493; x_wconf 88' lang='lat' dir='ltr'>volunt,</span> <span class='ocrx_word' id='word_1_465' title='bbox 381 2461 577 2487; x_wconf 86' lang='lat' dir='ltr'>externorum</span> <span class='ocrx_word' id='word_1_466' title='bbox 597 2455 758 2486; x_wconf 88' lang='lat' dir='ltr'>bominum</span> <span class='ocrx_word' id='word_1_467' title='bbox 774 2453 1016 2486; x_wconf 83' lang='lat' dir='ltr'>familiaritatem</span> <span class='ocrx_word' id='word_1_468' title='bbox 1033 2463 1114 2494; x_wconf 85' lang='lat' dir='ltr'>aegre</span> <span class='ocrx_word' id='word_1_469' title='bbox 1127 2452 1243 2490; x_wconf 80' lang='lat' dir='ltr'>ferunt,</span> <span class='ocrx_word' id='word_1_470' title='bbox 1268 2456 1301 2483; x_wconf 85' lang='lat' dir='ltr'>et</span> <span class='ocrx_word' id='word_1_471' title='bbox 1326 2451 1503 2483; x_wconf 86' lang='lat' dir='ltr'>clanculum</span> <span class='ocrx_word' id='word_1_472' title='bbox 1518 2460 1710 2493; x_wconf 83' lang='lat' dir='ltr'>congregan-</span> 
     </span>
     <span class='ocr_line' id='line_1_42' title="bbox 238 2505 1712 2553; baseline -0.003 -11"><span class='ocrx_word' id='word_1_473' title='bbox 238 2517 299 2549; x_wconf 89' lang='lat' dir='ltr'>tur,</span> <span class='ocrx_word' id='word_1_474' title='bbox 314 2511 510 2553; x_wconf 81' lang='lat' dir='ltr'>exclusisque</span> <span class='ocrx_word' id='word_1_475' title='bbox 526 2511 696 2552; x_wconf 83' lang='lat' dir='ltr'>peregrinis</span> <span class='ocrx_word' id='word_1_476' title='bbox 711 2510 869 2547; x_wconf 88' lang='lat' dir='ltr'>omnibus,</span> <span class='ocrx_word' id='word_1_477' title='bbox 893 2519 956 2540; x_wconf 79' lang='lat' dir='ltr'>una</span> <span class='ocrx_word' id='word_1_478' title='bbox 979 2519 1050 2540; x_wconf 90' lang='lat' dir='ltr'>cum</span> <span class='ocrx_word' id='word_1_479' title='bbox 1077 2507 1226 2549; x_wconf 85' lang='lat' dir='ltr'>sophistis</span> <span class='ocrx_word' id='word_1_480' title='bbox 1250 2505 1521 2548; x_wconf 88' lang='lat' dir='ltr'>philosophantur.</span> <span class='ocrx_word' id='word_1_481' title='bbox 1544 2505 1712 2547; x_wconf 78' lang='lat' dir='ltr'>prohibent</span> 
     </span>
     <span class='ocr_line' id='line_1_43' title="bbox 239 2560 1712 2609; baseline -0.005 -12"><span class='ocrx_word' id='word_1_482' title='bbox 239 2566 317 2609; x_wconf 89' lang='lat' dir='ltr'>quin</span> <span class='ocrx_word' id='word_1_483' title='bbox 333 2565 426 2596; x_wconf 90' lang='lat' dir='ltr'>etiam</span> <span class='ocrx_word' id='word_1_484' title='bbox 443 2571 476 2596; x_wconf 91' lang='lat' dir='ltr'>et</span> <span class='ocrx_word' id='word_1_485' title='bbox 490 2565 552 2607; x_wconf 91' lang='lat' dir='ltr'>ipsi</span> <span class='ocrx_word' id='word_1_486' title='bbox 567 2570 599 2596; x_wconf 89' lang='lat' dir='ltr'>et</span> <span class='ocrx_word' id='word_1_487' title='bbox 615 2565 781 2597; x_wconf 84' lang='lat' dir='ltr'>Cretenses</span> <span class='ocrx_word' id='word_1_488' title='bbox 796 2564 1014 2595; x_wconf 84' lang='lat' dir='ltr'>adolescentes</span> <span class='ocrx_word' id='word_1_489' title='bbox 1029 2562 1106 2593; x_wconf 80' lang='lat' dir='ltr'>alias</span> <span class='ocrx_word' id='word_1_490' title='bbox 1120 2562 1212 2592; x_wconf 87' lang='lat' dir='ltr'>urbes</span> <span class='ocrx_word' id='word_1_491' title='bbox 1225 2560 1324 2601; x_wconf 85' lang='lat' dir='ltr'>adire,</span> <span class='ocrx_word' id='word_1_492' title='bbox 1340 2571 1380 2591; x_wconf 90' lang='lat' dir='ltr'>ne</span> <span class='ocrx_word' id='word_1_493' title='bbox 1395 2570 1466 2602; x_wconf 65' lang='lat' dir='ltr'>quse</span> <span class='ocrx_word' id='word_1_494' title='bbox 1483 2561 1568 2602; x_wconf 81' lang='lat' dir='ltr'>apud</span> <span class='ocrx_word' id='word_1_495' title='bbox 1583 2570 1639 2591; x_wconf 87' lang='lat' dir='ltr'>eos</span> <span class='ocrx_word' id='word_1_496' title='bbox 1653 2560 1712 2591; x_wconf 88' lang='lat' dir='ltr'>do-</span> 
     </span>
     <span class='ocr_line' id='line_1_44' title="bbox 238 2614 1711 2661; baseline -0.004 -9"><span class='ocrx_word' id='word_1_497' title='bbox 238 2625 360 2656; x_wconf 89' lang='lat' dir='ltr'>centur,</span> <span class='ocrx_word' id='word_1_498' title='bbox 374 2620 448 2650; x_wconf 85' lang='lat' dir='ltr'>alibi</span> <span class='ocrx_word' id='word_1_499' title='bbox 460 2619 538 2650; x_wconf 81' lang='lat' dir='ltr'>forte</span> <span class='ocrx_word' id='word_1_500' title='bbox 553 2620 730 2652; x_wconf 82' lang='lat' dir='ltr'>dediscant.</span> <span class='ocrx_word' id='word_1_501' title='bbox 776 2618 993 2661; x_wconf 84' lang='lat' dir='ltr'>Reperiuntur</span> <span class='ocrx_word' id='word_1_502' title='bbox 1016 2617 1048 2648; x_wconf 90' lang='lat' dir='ltr'>in</span> <span class='ocrx_word' id='word_1_503' title='bbox 1074 2616 1124 2647; x_wconf 85' lang='lat' dir='ltr'>his</span> <span class='ocrx_word' id='word_1_504' title='bbox 1146 2614 1324 2647; x_wconf 82' lang='lat' dir='ltr'>civitatibus</span> <span class='ocrx_word' id='word_1_505' title='bbox 1347 2625 1410 2646; x_wconf 88' lang='lat' dir='ltr'>non</span> <span class='ocrx_word' id='word_1_506' title='bbox 1426 2614 1482 2645; x_wconf 89' lang='lat' dir='ltr'>viri</span> <span class='ocrx_word' id='word_1_507' title='bbox 1499 2619 1618 2646; x_wconf 82' lang='lat' dir='ltr'>tantum</span> <span class='ocrx_word' id='word_1_508' title='bbox 1634 2614 1711 2646; x_wconf 85' lang='lat' dir='ltr'>doc·</span> 
     </span>
     <span class='ocr_line' id='line_1_45' title="bbox 240 2667 1712 2716; baseline -0.005 -10"><span class='ocrx_word' id='word_1_509' title='bbox 240 2675 320 2706; x_wconf 79' lang='lat' dir='ltr'>trina</span> <span class='ocrx_word' id='word_1_510' title='bbox 338 2673 467 2716; x_wconf 79' lang='lat' dir='ltr'>egregii,</span> <span class='ocrx_word' id='word_1_511' title='bbox 484 2684 589 2704; x_wconf 83' lang='lat' dir='ltr'>verum</span> <span class='ocrx_word' id='word_1_512' title='bbox 615 2674 709 2704; x_wconf 85' lang='lat' dir='ltr'>etiam</span> <span class='ocrx_word' id='word_1_513' title='bbox 731 2673 887 2705; x_wconf 83' lang='lat' dir='ltr'>mulieres.</span> <span class='ocrx_word' id='word_1_514' title='bbox 933 2672 1028 2710; x_wconf 86' lang='lat' dir='ltr'>Quod</span> <span class='ocrx_word' id='word_1_515' title='bbox 1058 2676 1163 2702; x_wconf 85' lang='lat' dir='ltr'>autem</span> <span class='ocrx_word' id='word_1_516' title='bbox 1177 2680 1248 2701; x_wconf 83' lang='lat' dir='ltr'>vera</span> <span class='ocrx_word' id='word_1_517' title='bbox 1274 2669 1396 2711; x_wconf 86' lang='lat' dir='ltr'>loquar,</span> <span class='ocrx_word' id='word_1_518' title='bbox 1421 2674 1454 2700; x_wconf 89' lang='lat' dir='ltr'>et</span> <span class='ocrx_word' id='word_1_519' title='bbox 1477 2667 1712 2702; x_wconf 58' lang='lat' dir='ltr'>lacedaemonii</span> 
     </span>
     <span class='ocr_line' id='line_1_46' title="bbox 239 2721 1709 2771; baseline -0.004 -11"><span class='ocrx_word' id='word_1_520' title='bbox 239 2729 359 2771; x_wconf 87' lang='lat' dir='ltr'>optime</span> <span class='ocrx_word' id='word_1_521' title='bbox 375 2729 414 2759; x_wconf 89' lang='lat' dir='ltr'>ad</span> <span class='ocrx_word' id='word_1_522' title='bbox 432 2727 664 2770; x_wconf 87' lang='lat' dir='ltr'>philosophiam</span> <span class='ocrx_word' id='word_1_523' title='bbox 681 2738 901 2770; x_wconf 84' lang='lat' dir='ltr'>sermonesque</span> <span class='ocrx_word' id='word_1_524' title='bbox 916 2727 980 2758; x_wconf 88' lang='lat' dir='ltr'>sint</span> <span class='ocrx_word' id='word_1_525' title='bbox 994 2724 1135 2762; x_wconf 87' lang='lat' dir='ltr'>educati,</span> <span class='ocrx_word' id='word_1_526' title='bbox 1162 2724 1236 2755; x_wconf 88' lang='lat' dir='ltr'>hinc</span> <span class='ocrx_word' id='word_1_527' title='bbox 1251 2723 1385 2755; x_wconf 82' lang='lat' dir='ltr'>maxime</span> <span class='ocrx_word' id='word_1_528' title='bbox 1409 2722 1522 2756; x_wconf 87' lang='lat' dir='ltr'>intueri</span> <span class='ocrx_word' id='word_1_529' title='bbox 1546 2721 1631 2755; x_wconf 81' lang='lat' dir='ltr'>licet.</span> <span class='ocrx_word' id='word_1_530' title='bbox 1675 2722 1709 2754; x_wconf 87' lang='lat' dir='ltr'>Si</span> 
     </span>
     <span class='ocr_line' id='line_1_47' title="bbox 240 2776 1712 2826; baseline -0.005 -11"><span class='ocrx_word' id='word_1_531' title='bbox 240 2783 312 2826; x_wconf 87' lang='lat' dir='ltr'>quis</span> <span class='ocrx_word' id='word_1_532' title='bbox 327 2793 398 2814; x_wconf 86' lang='lat' dir='ltr'>cum</span> <span class='ocrx_word' id='word_1_533' title='bbox 415 2782 563 2812; x_wconf 85' lang='lat' dir='ltr'>vilissimo</span> <span class='ocrx_word' id='word_1_534' title='bbox 578 2792 704 2824; x_wconf 89' lang='lat' dir='ltr'>quoque</span> <span class='ocrx_word' id='word_1_535' title='bbox 721 2781 1031 2814; x_wconf 66' lang='lat' dir='ltr'>Lacedaemoniorum</span> <span class='ocrx_word' id='word_1_536' title='bbox 1047 2779 1256 2820; x_wconf 86' lang='lat' dir='ltr'>colloquatur,</span> <span class='ocrx_word' id='word_1_537' title='bbox 1271 2778 1379 2809; x_wconf 84' lang='lat' dir='ltr'>rudem</span> <span class='ocrx_word' id='word_1_538' title='bbox 1395 2777 1579 2820; x_wconf 83' lang='lat' dir='ltr'>plerumque</span> <span class='ocrx_word' id='word_1_539' title='bbox 1595 2776 1628 2807; x_wconf 91' lang='lat' dir='ltr'>in</span> <span class='ocrx_word' id='word_1_540' title='bbox 1643 2787 1712 2808; x_wconf 87' lang='lat' dir='ltr'>ver-</span> 
     </span>
     <span class='ocr_line' id='line_1_48' title="bbox 241 2830 1711 2879; baseline -0.005 -11"><span class='ocrx_word' id='word_1_541' title='bbox 241 2837 288 2869; x_wconf 87' lang='lat' dir='ltr'>bis</span> <span class='ocrx_word' id='word_1_542' title='bbox 302 2847 451 2879; x_wconf 81' lang='lat' dir='ltr'>apparere</span> <span class='ocrx_word' id='word_1_543' title='bbox 466 2847 537 2867; x_wconf 86' lang='lat' dir='ltr'>eum</span> <span class='ocrx_word' id='word_1_544' title='bbox 553 2837 652 2878; x_wconf 88' lang='lat' dir='ltr'>primo</span> <span class='ocrx_word' id='word_1_545' title='bbox 667 2836 849 2878; x_wconf 83' lang='lat' dir='ltr'>comperiet.</span> <span class='ocrx_word' id='word_1_546' title='bbox 873 2835 990 2867; x_wconf 86' lang='lat' dir='ltr'>deinde</span> <span class='ocrx_word' id='word_1_547' title='bbox 1006 2834 1186 2875; x_wconf 88' lang='lat' dir='ltr'>ubicunque</span> <span class='ocrx_word' id='word_1_548' title='bbox 1202 2833 1245 2864; x_wconf 84' lang='lat' dir='ltr'>rei</span> <span class='ocrx_word' id='word_1_549' title='bbox 1258 2832 1357 2875; x_wconf 81' lang='lat' dir='ltr'>ipsius</span> <span class='ocrx_word' id='word_1_550' title='bbox 1372 2831 1591 2874; x_wconf 68' lang='lat' dir='ltr'>opportunitas</span> <span class='ocrx_word' id='word_1_551' title='bbox 1601 2830 1711 2872; x_wconf 79' lang='lat' dir='ltr'>exigit,</span> 
     </span>
     <span class='ocr_line' id='line_1_49' title="bbox 243 2884 1712 2933; baseline -0.004 -11"><span class='ocrx_word' id='word_1_552' title='bbox 243 2893 339 2923; x_wconf 80' lang='lat' dir='ltr'>instar</span> <span class='ocrx_word' id='word_1_553' title='bbox 354 2890 545 2922; x_wconf 74' lang='lat' dir='ltr'>vehementis</span> <span class='ocrx_word' id='word_1_554' title='bbox 559 2890 741 2932; x_wconf 78' lang='lat' dir='ltr'>jaculatoris</span> <span class='ocrx_word' id='word_1_555' title='bbox 758 2891 884 2922; x_wconf 86' lang='lat' dir='ltr'>verbum</span> <span class='ocrx_word' id='word_1_556' title='bbox 901 2901 964 2922; x_wconf 91' lang='lat' dir='ltr'>non</span> <span class='ocrx_word' id='word_1_557' title='bbox 981 2889 1070 2933; x_wconf 83' lang='lat' dir='ltr'>parvi</span> <span class='ocrx_word' id='word_1_558' title='bbox 1085 2887 1235 2920; x_wconf 89' lang='lat' dir='ltr'>momenti</span> <span class='ocrx_word' id='word_1_559' title='bbox 1247 2888 1339 2918; x_wconf 81' lang='lat' dir='ltr'>breve</span> <span class='ocrx_word' id='word_1_560' title='bbox 1352 2890 1591 2927; x_wconf 83' lang='lat' dir='ltr'>contortumque</span> <span class='ocrx_word' id='word_1_561' title='bbox 1604 2884 1712 2927; x_wconf 80' lang='lat' dir='ltr'>ejacu-</span> 
     </span>
     <span class='ocr_line' id='line_1_50' title="bbox 242 2938 1713 2989; baseline -0.005 -12"><span class='ocrx_word' id='word_1_562' title='bbox 242 2947 335 2989; x_wconf 84' lang='lat' dir='ltr'>latur,</span> <span class='ocrx_word' id='word_1_563' title='bbox 360 2951 392 2977; x_wconf 88' lang='lat' dir='ltr'>ut</span> <span class='ocrx_word' id='word_1_564' title='bbox 419 2945 471 2989; x_wconf 89' lang='lat' dir='ltr'>qui</span> <span class='ocrx_word' id='word_1_565' title='bbox 488 2956 558 2978; x_wconf 79' lang='lat' dir='ltr'>eum</span> <span class='ocrx_word' id='word_1_566' title='bbox 586 2955 624 2976; x_wconf 88' lang='lat' dir='ltr'>eo</span> <span class='ocrx_word' id='word_1_567' title='bbox 647 2944 794 2987; x_wconf 86' lang='lat' dir='ltr'>loquitur,</span> <span class='ocrx_word' id='word_1_568' title='bbox 821 2946 898 2977; x_wconf 86' lang='lat' dir='ltr'>nihil</span> <span class='ocrx_word' id='word_1_569' title='bbox 925 2957 944 2977; x_wconf 84' lang='lat' dir='ltr'>a</span> <span class='ocrx_word' id='word_1_570' title='bbox 965 2955 1061 2988; x_wconf 85' lang='lat' dir='ltr'>puero</span> <span class='ocrx_word' id='word_1_571' title='bbox 1088 2943 1211 2976; x_wconf 84' lang='lat' dir='ltr'>differre</span> <span class='ocrx_word' id='word_1_572' title='bbox 1239 2941 1440 2982; x_wconf 80' lang='lat' dir='ltr'>existimetur.</span> <span class='ocrx_word' id='word_1_573' title='bbox 1487 2938 1582 2978; x_wconf 83' lang='lat' dir='ltr'>Quod</span> <span class='ocrx_word' id='word_1_574' title='bbox 1607 2943 1713 2971; x_wconf 76' lang='lat' dir='ltr'>autem</span> 
     </span>
    </p>
   </div>
  </div>
 </body>
</html>
