1846 3268
209 285 291 323 456
806 282 1083 338 ΡιΑΤοΝιεγ
1576 289 1677 342 [106

208 387 409 426 eontrarium,
424 397 530 431 verum
544 386 637 418 etlam
653 386 744 424 illud,
759 387 844 429 quod
860 387 980 429 aliquid
996 382 1106 420 afferat
1128 388 1316 421 contrarium
1333 389 1392 428 illi,
1409 390 1449 422 ad
1472 391 1557 434 quod
1572 391 1676 434 ipsum

210 442 352 479 accedat,
368 442 470 484 ipsum
484 440 632 473 videlicet
655 441 741 483 quod
757 441 858 479 affert,
874 452 1035 484 nunquam
1060 443 1246 475 contrariam
1261 444 1344 487 ejus,
1358 455 1429 486 quae
1445 445 1583 484 affertur,
1599 446 1679 478 reci-

210 496 278 538 piat
302 496 442 529 formam.
489 496 610 527 Rursus
637 500 741 527 autem
769 496 951 528 recordare:
976 507 1079 539 neque
1105 498 1189 529 enirn
1213 498 1324 530 inutile
1355 501 1468 541 saepius
1493 499 1676 532 admonere.

209 549 325 592 Neque
340 551 479 592 quinque
505 550 587 592 paris
602 550 739 592 speciem
755 549 943 591 admittent3
967 562 1069 594 neque
1085 552 1196 584 decem
1212 552 1351 594 imparis,
1364 553 1450 595 quod
1465 558 1513 585 est
1534 553 1678 595 duplum.

205 605 266 637 hoc
289 605 418 647 quidem
443 605 544 647 ipsum
571 604 624 636 alii
648 605 849 644 contrarium,
867 604 1018 647 speciem
1048 610 1152 638 tamen
1182 605 1311 649 imparis
1339 607 1475 649 accipiet
1503 618 1677 650 nunquam.

207 669 312 702 neque
337 660 432 691 etiam
457 670 602 691 numerus
626 658 822 700 sesquialter,
847 669 951 701 neque
976 658 1036 691 alia
1062 659 1254 702 hujusmodi,
1280 670 1350 702 quaa
1366 660 1531 692 dimidium
1546 662 1676 699 habent,

207 713 336 744 formam
360 714 456 745 totius
472 713 667 755 suscipiunt;
690 712 891 755 similiterque
915 724 1073 752 numerus,
1100 715 1154 757 qui
1181 720 1300 757 partem
1322 715 1417 747 habet
1431 716 1566 759 tertiam,
1581 721 1676 758 atque

208 767 349 810 ejusdem
366 767 487 810 generis
503 767 585 799 alia:
611 768 636 799 si
660 767 752 799 modo
769 768 940 810 assequeris
955 768 999 799 ita
1021 773 1116 810 atque
1131 770 1300 802 consentis.
1347 770 1408 803 Cr..
1431 770 1571 802 Omnino
1586 769 1677 813 equi·

208 823 281 854 dem
296 822 459 855 consentio
475 826 569 864 atque
592 832 749 863 assequor.
794 821 851 854 So.
873 820 994 854 Rursus
1018 827 1165 865 tanquam
1190 833 1208 854 a
1224 823 1380 866 principio
1405 824 1481 855 mihi
1496 824 1594 857 dicas.
1618 835 1677 856 nec

207 882 311 908 tamen
328 887 383 918 per
396 876 443 914 id,
469 876 554 918 quod
578 886 662 907 nunc
684 876 851 918 interrogo,
874 876 929 908 sed
954 887 1009 918 per
1030 877 1116 909 aliud
1140 878 1290 919 quiddam
1314 877 1391 908 mihi
1407 878 1610 920 respondeas,
1626 889 1676 910 me

205 931 355 962 imitatus.
379 931 450 962 dico
467 935 571 962 autern
598 934 710 971 praeter
726 934 825 961 tutam
852 930 1084 972 responsionem
1107 931 1194 963 illam
1210 941 1228 962 a
1256 931 1409 973 principio
1425 931 1572 973 positam,
1584 930 1677 974 juxta

207 989 306 1016 tutam
332 995 459 1027 quoque
484 984 718 1026 responsionem
751 983 843 1015 aliam
871 994 927 1026 per
955 995 1003 1022 ea,
1027 995 1098 1027 quae
1127 985 1221 1016 modo
1245 985 1333 1016 dicta
1355 990 1440 1023 sunt,
1463 985 1678 1018 adinventam.

207 1039 333 1081 Nempe
349 1039 376 1070 si
391 1049 440 1070 me
466 1039 649 1080 interroges,
666 1037 695 1069 Ο
712 1038 866 1075 Socrates,
891 1038 1043 1080 quidnam
1066 1039 1099 1070 in
1124 1049 1253 1081 corpore
1268 1040 1294 1071 si
1312 1038 1364 1078 sit,
1378 1039 1515 1072 calescet
1537 1050 1672 1082 corpus:

209 1105 274 1126 non
290 1099 388 1125 tutam
415 1093 647 1136 responsionem
664 1093 748 1124 illam
772 1093 942 1135 rudemque
958 1093 1016 1124 tibi
1039 1093 1135 1132 dabo,
1151 1094 1299 1125 videlicet
1321 1093 1345 1125 si
1362 1094 1505 1126 caliditas
1519 1105 1530 1135 ;
1553 1094 1609 1126 sed
1623 1104 1678 1126 ex-

209 1148 402 1192 quisitiorem
418 1159 456 1179 ex
471 1147 676 1190 praesentibus
691 1147 804 1190 verbis,
820 1152 855 1178 ut
870 1147 895 1179 si
908 1147 985 1178 insit
999 1147 1092 1189 ignis.
1129 1147 1278 1180 Similiter
1292 1148 1317 1180 si
1335 1159 1383 1180 me
1398 1148 1580 1191 interroges,
1597 1148 1676 1191 quid

208 1205 233 1236 si
248 1204 280 1235 in
296 1213 425 1245 corpore
440 1202 491 1240 sit,
508 1202 670 1244 aegrotabit
685 1214 692 1232 :
717 1211 782 1233 non
807 1203 1018 1244 respondebo,
1033 1202 1058 1234 si
1075 1202 1236 1245 aegrotatio
1250 1214 1260 1243 ;
1286 1203 1340 1235 sed
1362 1202 1388 1234 si
1405 1202 1507 1236 febris.
1552 1202 1676 1234 Rursus

211 1258 235 1289 si
254 1257 454 1299 perconteris,
469 1257 546 1299 quid
569 1255 596 1288 si
610 1256 685 1288 insit
709 1267 849 1294 numero,
872 1257 965 1288 fuerit
987 1256 1109 1298 impar:
1135 1268 1198 1288 non
1213 1258 1328 1300 dicam,
1353 1257 1378 1289 si
1394 1257 1564 1300 imparitas,
1579 1257 1675 1289 immo

213 1313 238 1343 si
252 1312 354 1344 unitas
367 1323 378 1352 3
400 1317 494 1354 atque
519 1311 554 1342 in
579 1311 691 1343 ceteris
714 1312 825 1343 eodem
853 1317 958 1353 pacto.
1003 1312 1064 1343 Sed
1091 1311 1177 1350 vide,
1202 1322 1243 1343 an
1266 1312 1354 1353 dum,
1370 1312 1446 1354 quid
1462 1311 1568 1350 velim,
1583 1311 1679 1354 plane

207 1365 404 1409 cognoveris.
450 1366 511 1398 Cn.
535 1365 732 1398 Plenissime.
778 1366 834 1397 So.
858 1365 1033 1408 Responde
1048 1365 1164 1408 igitur:
1189 1366 1339 1409 quidnam
1367 1366 1394 1398 si
1418 1365 1451 1397 in
1472 1376 1602 1408 corpore
1624 1365 1678 1404 sit,

206 1422 265 1453 erit
279 1420 405 1452 vivum?
452 1420 512 1453 ΟΕ.
535 1419 570 1451 Si
592 1419 707 1452 anima.
754 1420 811 1451 So.
832 1419 949 1451 Nonne
973 1419 1004 1450 id
1021 1430 1143 1462 semper
1164 1420 1210 1451 ita
1225 1431 1258 1451 se
1284 1420 1402 1451 habet?
1448 1419 1509 1452 Cn.
1533 1419 1675 1462 Semper.

210 1477 267 1508 So.
290 1475 408 1517 Anima
432 1474 527 1516 igitur
552 1473 701 1516 quicquid
729 1479 876 1516 occupat,
902 1484 1024 1516 semper
1050 1475 1088 1505 ad
1118 1473 1195 1505 illud
1215 1474 1308 1506 vitam
1325 1474 1438 1506 affert?
1485 1474 1548 1506 ΟΕ.
1571 1473 1677 1506 Affert

210 1529 318 1572 procul
335 1529 443 1560 dubio.
479 1529 535 1560 So.
560 1527 614 1559 An
631 1533 678 1559 est
693 1527 812 1570 aliquid
829 1528 900 1558 vitae
916 1528 1116 1565 contrarium,
1133 1538 1232 1560 necne
1248 1528 1258 1558 ?
1297 1528 1358 1560 Ce.
1382 1527 1440 1559 Est
1457 1527 1577 1570 utique.
1614 1527 1672 1560 So.

208 1584 295 1622 Quid
320 1583 430 1614 istud?
476 1582 538 1614 cs.
565 1582 663 1615 Mors.
709 1581 766 1614 So.
790 1581 907 1612 Anima
931 1591 1002 1612 vero
1031 1581 1219 1613 contrarium
1245 1581 1326 1623 ejus,
1353 1581 1440 1624 quod
1467 1582 1536 1624 ipsa
1551 1591 1674 1624 semper

209 1637 352 1678 adducit,
366 1637 483 1669 subibit
498 1647 670 1679 nunquam,
687 1628 951 1679 quemadmodum
967 1646 1004 1667 ex
1019 1635 1228 1677 superioribus
1240 1640 1287 1667 est
1297 1646 1491 1668 concessum.
1535 1635 1597 1669 Cn.
1621 1635 1675 1668 Sic

211 1697 259 1724 est
273 1692 415 1724 omnino.
461 1692 517 1724 So.
539 1691 626 1729 Quid
643 1702 714 1722 vero
729 1691 739 1722 ?
763 1691 848 1733 quod
874 1691 955 1732 paris
970 1690 1074 1721 ideam
1093 1700 1157 1721 non
1172 1690 1301 1733 accipit,
1318 1701 1454 1732 quonam
1469 1691 1563 1722 modo
1578 1690 1673 1733 paulo

211 1753 284 1778 ante
300 1747 559 1778 nominabamus?
606 1746 667 1778 cs.
690 1745 807 1788 Impar.
852 1745 907 1777 So.
933 1745 1028 1782 Quod
1055 1755 1127 1776 vero
1150 1756 1214 1776 non
1229 1745 1345 1788 accipit
1356 1744 1526 1787 justitiam,
1549 1746 1676 1787 quodve

211 1812 274 1832 non
291 1801 378 1843 capit
392 1800 539 1832 musicam
556 1800 567 1831 ἲ
613 1799 675 1833 CE·
697 1799 853 1842 Iujustum
880 1799 1014 1831 dicimus
1034 1805 1066 1831 et
1080 1798 1289 1832 immusicum.
1334 1799 1391 1831 So.
1414 1799 1576 1842 Agejam,
1588 1800 1675 1842 quod

212 1866 276 1886 non
292 1854 376 1886 subit
391 1859 533 1892 mortem,
548 1855 707 1896 quomodo
725 1853 979 1896 appellabimus?
1026 1854 1088 1886 Cn.
1111 1853 1302 1885 Immortale.
1347 1854 1403 1887 So.
1425 1853 1468 1885 Et
1489 1854 1593 1886 anima
1606 1853 1676 1897 qui-

209 1911 283 1942 dem
309 1915 439 1941 mortem
465 1920 528 1940 non
555 1908 696 1951 suscipit.
741 1908 802 1940 Cn.
823 1908 1046 1950 Nequaquam.
1091 1908 1148 1941 So.
1170 1907 1227 1939 Est
1251 1908 1344 1950 igitur
1365 1908 1468 1939 anima
1483 1907 1676 1942 immortalis-

210 1965 271 1997 Cr..
295 1963 481 1995 Immortalis
496 1964 637 2006 quidem.
681 1963 738 1996 So.
762 1962 833 2005 Age
850 1963 969 2005 ntique,
985 1964 1085 1995 hocne
1098 1962 1164 2005 jam
1182 1963 1427 1994 demonstratum
1444 1962 1608 1995 dicemus?
1631 1973 1674 1995 au

210 2019 299 2050 aliter
315 2018 372 2049 tibi
387 2018 536 2049 videtur?
582 2017 643 2051 Cn.
667 2017 709 2049 Et
724 2017 980 2049 sufficientissime
1007 2017 1146 2059 quidem,
1162 2027 1181 2048 o
1203 2016 1357 2048 Socrates.
1403 2017 1459 2048 So.
1481 2016 1567 2054 Quid
1586 2026 1673 2059 ergO,

206 2072 333 2105 Cebes?
356 2072 382 2103 si
396 2082 522 2104 necesse
538 2071 629 2110 foret,
645 2072 730 2114 quod
748 2071 876 2103 omnino
891 2076 938 2103 est
952 2071 1064 2113 impar,
1090 2070 1188 2114 [106]
1212 2075 1245 2102 et
1258 2070 1457 2112 imperdibile
1472 2069 1550 2108 fore,
1564 2079 1671 2101 nonne

210 2127 267 2159 tria
281 2126 492 2169 imperdibilia
507 2127 632 2158 forent?
679 2126 739 2158 Cn.
763 2125 907 2163 Quidni?
951 2125 1007 2158 So.
1034 2125 1199 2161 Praeterea,
1221 2124 1260 2166 si,
1286 2125 1370 2166 quod
1386 2122 1598 2156 incalescibile
1620 2123 1675 2162 sit,

211 2192 339 2214 necesse
362 2181 442 2213 foret
469 2180 665 2224 imperdibile
692 2191 771 2219 esse,
797 2181 925 2222 quando
950 2181 1021 2222 quis
1047 2180 1088 2211 ad
1117 2180 1221 2211 nivem
1247 2179 1384 2211 calidum
1411 2179 1601 2216 admoveret,
1621 2177 1675 2209 nix

210 2237 338 2279 quidem
354 2235 518 2268 incolumis
531 2235 787 2278 illiqucfactaque
802 2235 1051 2277 subterfugeret?
1075 2244 1177 2277 neque
1193 2234 1275 2266 enim
1294 2234 1342 2265 vel
1359 2233 1473 2275 periret
1487 2233 1536 2264 vel
1551 2242 1674 2275 perma-

209 2301 288 2322 nens
305 2290 440 2323 calorem
454 2290 642 2323 admitteret.
688 2290 752 2323 Cn.
775 2289 858 2321 Vera
884 2299 999 2322 narras.
1044 2289 1102 2320 So.
1124 2287 1236 2326 Simili,
1265 2292 1300 2319 ut
1325 2287 1466 2325 arbitror,
1481 2287 1613 2324 ratione,
1637 2286 1677 2329 si,

213 2344 299 2386 quod
314 2343 547 2387 infrigescibile,
571 2343 664 2375 etiarn
681 2343 878 2386 imperdibile
893 2346 987 2384 esset,
1004 2343 1132 2384 quando
1147 2342 1180 2373 in
1197 2342 1299 2384 ignem
1323 2341 1471 2373 adventat
1485 2339 1593 2382 frigus,
1607 2350 1674 2372 non

211 2397 457 2439 exstingueretur
478 2403 510 2430 et
531 2402 731 2430 evanesceret
755 2397 848 2440 ignis,
872 2398 927 2430 sed
944 2397 1043 2429 abiret
1058 2396 1236 2429 incolumis.
1283 2395 1344 2428 (ΖΕ.
1366 2395 1417 2427 Ita
1433 2405 1560 2427 necesse
1581 2394 1674 2428 foret.

213 2451 271 2482 So.
295 2451 415 2482 Eodem
439 2457 532 2494 pacto
548 2453 588 2483 de
610 2452 776 2484 immortali
797 2462 924 2495 quoque
946 2462 1074 2484 necesse
1100 2455 1147 2483 est
1161 2450 1314 2483 dicamus.
1360 2449 1395 2481 Si
1409 2449 1504 2487 enim,
1519 2449 1605 2492 quod
1627 2454 1676 2482 est

208 2505 393 2542 immortale,
409 2510 457 2536 est
471 2505 565 2536 etiarn
580 2505 791 2548 imperdibile,
806 2504 1000 2547 impossibile
1027 2510 1074 2537 est
1097 2504 1230 2536 animam
1253 2504 1434 2536 imminente
1451 2509 1546 2535 morte
1563 2503 1673 2546 perire.

208 2558 293 2590 Nam
310 2565 437 2589 mortem
454 2559 595 2601 quidem,
621 2560 886 2602 quemadmodum
902 2570 939 2591 ex
963 2559 1172 2602 superioribus
1188 2563 1322 2595 constat,
1338 2568 1401 2589 non
1417 2558 1547 2601 recipiet
1569 2568 1673 2601 neque

209 2612 381 2644 interierit:
427 2614 690 2655 quemadmodum
720 2614 870 2646 ternarius
904 2623 1076 2656 nunquam,
1103 2619 1137 2644 ut
1174 2613 1320 2651 diximus,
1357 2623 1411 2655 par
1444 2613 1524 2644 erit:
1570 2621 1675 2654 neque
1700 2613 1704 2617 ’

209 2678 312 2699 rursus
340 2668 441 2709 impar
470 2668 528 2699 erit
549 2678 626 2710 par:
658 2679 761 2711 neque
790 2668 873 2711 ignis
902 2669 1043 2711 frigidus,
1074 2678 1175 2710 neque
1201 2667 1357 2708 caliditas,
1382 2677 1454 2709 quae
1479 2666 1562 2698 inest
1592 2665 1675 2708 igni,

210 2720 362 2763 frigiditas
389 2731 524 2763 uuquam
551 2722 620 2753 erit.
665 2722 811 2755 Ceterum
837 2723 923 2755 dicet
947 2722 1113 2765 quispiam,
1137 2722 1287 2765 quidnam
1314 2721 1471 2763 prohibet,
1494 2731 1557 2763 quo
1573 2719 1675 2752 miuus

211 2775 315 2818 ipsum
340 2775 440 2818 impar
463 2787 519 2818 par
551 2777 678 2819 quidem
705 2787 770 2809 non
796 2777 851 2809 fiat
879 2776 1066 2809 adveniente
1090 2777 1168 2819 pari,
1195 2776 1461 2819 quemadmodum
1497 2775 1579 2807 inter
1614 2783 1674 2806 nos

210 2830 370 2868 convenit,
385 2835 522 2862 attamen
537 2841 575 2862 eo
591 2830 741 2863 dissoluto
758 2843 814 2875 par
837 2842 892 2874 pro
907 2831 977 2875 ipso
994 2831 1162 2864 succedat?
1207 2831 1256 2863 Ita
1280 2830 1397 2863 dicenti
1412 2838 1584 2872 repugnare
1605 2837 1671 2860 non

214 2884 397 2922 valeremus,
412 2885 488 2927 quin
503 2885 544 2917 sit
558 2886 761 2918 destructum.
775 2887 895 2929 quippe
910 2897 980 2919 cum
997 2897 1060 2918 non
1075 2886 1158 2918 idem
1173 2886 1213 2918 sit
1225 2886 1324 2928 impar
1337 2890 1431 2926 atque
1446 2881 1675 2915 indissolubile.

212 2937 365 2980 Alioquin
380 2939 406 2970 si
421 2939 512 2971 nobis
527 2939 558 2971 id
575 2940 776 2980 constitisset,
793 2941 884 2973 facile
895 2941 1116 2982 obtineremus,
1127 2940 1294 2972 invadente
1306 2937 1372 2981 pari
1383 2938 1482 2980 impar
1493 2935 1674 2968 ternarium-

218 3003 279 3035 que
295 2992 414 3026 salvum
430 2992 600 3030 discedere.
623 2994 821 3040 similiterque
845 2995 884 3028 de
902 2994 973 3039 igue
988 3002 1020 3030 et
1030 2995 1132 3029 calido
1145 2994 1317 3037 ceterisque
1333 3000 1545 3025 assereremus.
1567 2998 1673 3034 nonno
