1846 3268
203 281 298 332 166]
727 264 729 266 ’
754 274 1099 314 THEAETETUS.
1589 275 1668 316 245

195 382 374 415 absurdiora
404 381 498 413 etiam
527 377 740 421 superioribus
766 378 910 410 confiteri
938 384 1069 420 cogetur
1098 377 1202 410 dicam
1231 376 1288 409 tibi
1317 377 1596 420 quemadmodum,
1626 388 1667 409 an

192 437 378 469 Theaeteto?
421 435 533 466 Tum
558 433 706 475 Utrisque
719 433 938 465 communiter.
960 432 1151 474 respondeat
1165 436 1270 464 autem
1291 431 1409 473 junior.
1432 441 1503 462 narn
1520 432 1668 473 redargu-

196 496 247 523 tus
270 490 371 523 minus
386 487 621 530 vituperabitur.
665 486 720 518 So.
743 485 864 518 Duram
888 491 995 518 autem
1020 485 1227 528 quaestionem
1252 485 1324 518 dico
1351 485 1555 527 hujusmodi:
1579 480 1667 516 Num

195 545 263 577 fieri
277 548 395 587 potest,
410 547 446 574 ut
460 542 515 585 qui
538 541 657 584 aliquid
683 540 784 582 novit,
799 540 885 582 quod
910 540 1013 572 noscit
1037 540 1183 582 ignoret?
1227 541 1338 572 Tamo.
1360 540 1447 577 Quid
1463 540 1669 582 respondebi-

197 609 280 640 mus,
288 598 448 630 Theaetete
461 597 472 628 ἓ
516 596 607 628 Trra.
629 594 713 627 Fieri
726 605 791 626 non
807 599 923 637 potest,
939 594 1079 626 arbitror.
1116 595 1172 627 So.
1195 594 1228 626 N
1230 605 1271 626 on
1287 595 1408 636 utique,
1421 594 1446 626 si
1460 594 1578 632 videre,
1590 594 1670 626 scire

198 663 267 685 esse
281 651 431 694 posueris.
456 651 496 682 ad
513 650 590 692 quid
606 649 690 681 enirn
706 649 802 680 uteris
816 648 993 680 inevitabili
1005 648 1193 690 quaestione,
1215 654 1326 691 puteo,
1342 654 1378 680 ut
1393 649 1500 687 fertur,
1516 647 1669 685 inclusus,

197 706 225 738 si
239 706 308 748 quis
331 710 362 737 te
377 705 423 736 vir
449 704 627 747 intrepidus
650 703 898 745 interrogaverit,
913 713 1008 734 manu
1029 702 1160 734 alterum
1183 702 1241 734 tibi
1266 708 1375 745 tegens
1402 703 1542 742 oculum,
1565 707 1669 735 utrum

197 764 284 792 tecto
297 760 390 792 oculo
406 764 525 791 vestem
542 758 674 790 videas?
718 757 808 790 Tne.
831 757 907 788 Non
923 758 984 789 hoc
997 757 1113 794 dicam,
1130 757 1185 789 sed
1201 757 1312 789 altero.
1357 756 1414 789 So.
1440 758 1494 788 An
1509 757 1668 788 nunidem
1682 777 1686 781 -

197 814 288 845 simul
304 818 337 845 et
351 813 439 845 vides
454 817 487 845 et
502 823 565 844 non
582 812 695 844 vides?
739 811 826 843 Tmz.
850 811 900 842 Ita
925 811 1170 852 quodammodo.
1217 811 1273 842 So.
1296 810 1391 842 Haud
1408 811 1570 852 equidem,
1586 811 1672 843 dicet

196 867 262 904 ille,
275 867 374 909 jubeo
394 868 442 898 vel
458 867 589 910 quaesivi
606 877 669 908 quo
685 870 792 908 pacto,
809 865 863 897 sed
879 869 982 896 utrum
1000 866 1085 907 quod
1101 865 1160 896 scis
1175 865 1258 896 idem
1274 869 1307 896 et
1322 865 1456 898 nescias.
1477 865 1509 896 in
1533 875 1671 907 praesen-

198 921 244 954 tia
259 932 330 954 vero
346 922 431 964 qnod
449 932 512 953 non
528 921 628 959 vides,
645 921 751 952 videre
766 919 880 951 videris
897 931 905 950 ι
928 924 962 951 et
976 930 1069 962 supra
1085 919 1248 951 confessus
1266 930 1311 957 es,
1329 919 1433 950 videre
1448 919 1577 961 quidem
1593 920 1671 951 scire

198 986 279 1014 esse,
293 987 357 1007 non
375 975 480 1007 videre
495 980 600 1007 autem
616 973 746 1006 nescire.
769 973 886 1016 collige
902 974 980 1016 quid
994 985 1031 1006 ex
1050 973 1098 1005 his
1111 974 1258 1005 adversus
1273 979 1304 1005 te
1321 973 1539 1005 concludatur.
1583 973 1671 1004 Tne.

199 1030 364 1063 Contraria
378 1030 472 1071 plane
486 1040 605 1067 eorum,
620 1039 691 1072 quse
707 1039 941 1071 proposueram.
985 1029 1042 1062 So.
1066 1028 1162 1060 Plura
1173 1028 1315 1066 forsitan,
1332 1039 1351 1059 ο
1367 1027 1495 1059 mirifice
1511 1038 1599 1070 puer,
1613 1026 1672 1058 tibi

199 1084 275 1116 talia
290 1084 507 1126 contigissent,
530 1084 556 1114 si
571 1083 642 1126 quis
657 1094 674 1115 a
691 1088 722 1115 te
738 1083 913 1125 quaesisset,
929 1087 1033 1114 utrum
1059 1083 1138 1115 scire
1163 1083 1257 1115 liceat
1276 1087 1310 1115 ct
1334 1089 1426 1114 acute
1439 1087 1472 1113 et
1486 1083 1616 1122 obtuse;
1638 1087 1672 1113 et

200 1139 342 1171 cominus
367 1139 558 1180 quandoque
581 1138 672 1175 scire,
694 1138 816 1170 eminus
842 1148 914 1169 vero
938 1148 1136 1180 nequaquam
1149 1149 1158 1178 ;
1181 1142 1213 1168 et
1242 1138 1441 1169 vehementer
1464 1136 1550 1168 idem
1576 1140 1672 1178 atque

201 1193 327 1224 remisse
341 1204 350 1233 ;
373 1197 539 1234 ceteraque
567 1192 731 1233 permulta.
754 1202 825 1234 quae
851 1191 979 1234 quidem
1006 1191 1184 1223 insidiando
1207 1191 1252 1223 vir
1278 1192 1445 1234 clypeatus
1471 1195 1503 1222 et
1527 1190 1672 1221 mercede

200 1247 376 1278 conductus
399 1247 432 1277 in
460 1246 653 1278 sermonibus
676 1256 832 1288 quaerens,
847 1247 975 1288 quando
992 1246 1075 1277 idem
1090 1246 1252 1278 scientiam
1268 1256 1455 1287 sensumque
1472 1245 1623 1287 ponebas,
1640 1248 1671 1274 te

201 1300 237 1331 in
253 1301 407 1342 auditum,
422 1301 572 1332 olfactum
588 1311 624 1332 ac
639 1305 759 1332 ceteros
775 1311 883 1332 seusus
898 1300 1008 1332 ordine
1027 1299 1198 1342 injecisset,
1214 1300 1416 1342 studioseque
1440 1304 1472 1331 et
1495 1299 1606 1330 sedulo
1623 1297 1674 1328 ni·

202 1354 296 1386 mium
313 1355 520 1396 redarguisset
534 1365 541 1386 :
567 1360 663 1397 atque
679 1359 710 1387 te
723 1355 995 1397 comprehendens
1010 1366 1074 1386 non
1090 1356 1176 1397 prius
1193 1360 1223 1386 te
1239 1354 1418 1392 dimisisset,
1439 1364 1531 1396 quam
1550 1358 1583 1384 tu
1599 1352 1669 1394 ejus

201 1408 390 1448 exquisitam
418 1408 605 1450 sapientiam
631 1407 801 1440 admiratus
827 1409 867 1439 ab
892 1419 931 1440 eo
948 1409 1072 1441 vinctus
1097 1420 1202 1442 esses:
1227 1410 1282 1440 ubi
1305 1414 1416 1451 captus
1436 1413 1531 1451 atque
1555 1407 1670 1449 ligatus

202 1467 291 1494 tanta.
305 1467 337 1495 te
350 1464 420 1504 ipse
435 1463 570 1505 pecunia
582 1464 776 1500 redemisses,
790 1467 909 1505 quanta
925 1469 957 1495 tu
975 1469 1008 1495 et
1023 1463 1076 1495 ille
1100 1463 1298 1496 statuissetis.
1345 1464 1449 1502 Quam
1465 1463 1559 1506 igitur
1573 1462 1668 1494 ratio-

201 1527 272 1548 nem
289 1528 343 1559 pro
360 1517 499 1548 tutandis
514 1517 715 1559 opinionibus
737 1518 1013 1560 suiseProtagoras
1036 1519 1232 1560 assignabit?
1277 1518 1350 1550 Hoc
1373 1523 1407 1550 tu
1432 1518 1560 1550 forsitan
1585 1527 1672 1559 qure-

202 1581 293 1603 reres..
336 1571 491 1614 Nunquid
508 1572 594 1603 aliud
610 1573 796 1604 tentandum
810 1572 881 1603 est?
926 1572 1013 1603 Tae.
1037 1572 1079 1603 Et
1101 1573 1233 1604 maxime
1247 1572 1390 1614 quidem.
1431 1572 1488 1605 So.
1513 1571 1592 1603 Haec
1608 1571 1671 1602 uti-

202 1636 265 1668 que
280 1626 396 1663 omnia,
412 1637 483 1668 quae
509 1638 565 1658 nos
587 1637 679 1669 opem
701 1627 748 1658 illi
768 1627 903 1674 fer-entes
923 1627 1069 1665 dicimus,
1090 1631 1123 1658 et
1143 1627 1236 1658 simul
1258 1627 1324 1664 ille,
1349 1626 1446 1669 [166]
1470 1632 1507 1658 ut
1532 1625 1673 1663 arbitror,

202 1681 359 1717 admittet,
374 1680 553 1722 despiciens
568 1692 626 1712 nos
640 1681 780 1723 penitus,
796 1686 891 1723 atque
907 1681 1072 1723 objectans
1086 1693 1093 1712 ε
1119 1682 1230 1713 Bonus
1245 1682 1302 1712 iste
1319 1681 1476 1722 Socrates,
1489 1691 1560 1712 cum
1575 1680 1672 1711 inter-

202 1740 342 1776 rogasset
357 1745 500 1776 puerum,
516 1741 620 1766 utrum
643 1735 714 1777 quis
739 1735 839 1777 possit
861 1736 946 1777 quod
973 1735 1124 1773 meminit,
1139 1736 1224 1767 idem
1247 1735 1337 1767 simul
1354 1740 1387 1766 et
1401 1735 1555 1777 ignorare,
1571 1739 1604 1766 et
1619 1734 1672 1765 ille

204 1789 383 1830 perterritus
400 1789 578 1830 negavisset
591 1799 629 1820 ex
649 1799 687 1820 eo
703 1790 789 1831 quod
811 1800 874 1821 rem
899 1790 1000 1831 ipsam
1021 1800 1085 1831 prae
1110 1790 1220 1821 timore
1235 1790 1414 1831 prospicere
1430 1800 1493 1820 non
1507 1793 1672 1830 potuerat:

204 1842 370 1874 ridiculum
386 1853 434 1873 me
448 1842 483 1873 in
508 1843 724 1884 disputatione
747 1845 941 1875 monstravit.
985 1843 1054 1875 Res
1071 1849 1188 1881 autem,
1205 1855 1223 1874 0
1239 1844 1441 1886 ignavissime
1457 1844 1612 1881 Socrates,
1626 1842 1673 1874 ita

205 1908 238 1928 se
265 1897 370 1928 habet.
415 1897 573 1934 Quotiens
595 1907 632 1927 ex
658 1896 735 1928 meis
753 1897 874 1938 aliquid
899 1907 953 1938 per
977 1898 1184 1938 quaestionem
1207 1897 1398 1939 consideras,
1413 1898 1439 1928 si
1464 1897 1673 1939 interrogatus

202 1951 390 1993 respondeat
404 1950 526 1987 eadem,
541 1959 612 1991 quae
639 1960 698 1991 ego
721 1949 815 1981 etiam
838 1950 1071 1991 responderem,
1092 1950 1328 1993 refellaturque,
1346 1962 1394 1982 me
1416 1962 1543 1993 quoque
1567 1951 1673 1982 redar-

203 2010 312 2047 gutum
327 2004 502 2036 existimato
515 2015 522 2035 ε
546 2006 595 2035 sin
611 2003 726 2046 aliena,
741 2004 844 2046 ipsum
859 2003 1057 2035 solummodo
1071 2004 1127 2047 qui
1140 2005 1314 2047 respondit.
1359 2005 1522 2047 Principio
1538 2010 1674 2048 putasne

203 2059 339 2101 aliquem
355 2068 572 2090 concessurum
590 2058 661 2095 tibi,
677 2059 857 2090 memoriam
873 2059 984 2090 adesse
997 2058 1147 2101 cuipiam,
1164 2061 1291 2102 quando
1312 2071 1378 2091 non
1394 2059 1527 2102 amplius
1542 2060 1676 2102 patitur,

204 2123 308 2145 earum
325 2123 424 2145 rerum
440 2123 518 2154 quas
535 2123 644 2155 passus
664 2113 771 2155 fuerit,
785 2118 818 2144 et
831 2113 934 2156 ipsam
957 2113 1053 2146 talem
1076 2114 1252 2156 passionem
1269 2125 1349 2152 esse,
1364 2115 1467 2156 qualis
1481 2114 1581 2147 fuerat
1597 2115 1674 2145 dum

203 2167 386 2209 pateretur?
433 2167 626 2200 Permultum
641 2167 740 2199 abest.
764 2178 804 2199 an
819 2167 1058 2199 formidaturum
1074 2178 1184 2200 censes
1199 2169 1375 2206 admittere,
1392 2168 1478 2210 quod
1501 2168 1603 2210 possit
1617 2168 1676 2200 ali-

202 2221 272 2264 quis
286 2222 370 2253 idem
385 2231 476 2252 nosse
490 2222 580 2253 simul
596 2227 629 2253 et
642 2222 786 2264 ignorare
799 2223 811 2253 ?
834 2222 920 2264 quod
935 2222 960 2254 si
975 2222 1106 2254 forsitan
1130 2223 1233 2254 minus
1247 2224 1376 2260 audeat,
1398 2223 1543 2254 daturum
1559 2233 1677 2265 speraS,

202 2277 339 2308 eundem
351 2287 418 2307 esse
437 2276 623 2308 dissimilem
646 2277 765 2309 sactum
789 2275 896 2314 alicui,
915 2276 1097 2319 priusquam
1122 2276 1177 2307 fiat
1199 2275 1358 2308 dissimilis
1381 2277 1553 2308 existenti?
1575 2277 1676 2319 magis

203 2335 308 2362 autem
324 2330 417 2362 istum
432 2341 500 2362 esse
514 2331 663 2373 aliquem,
679 2331 735 2362 sed
751 2341 814 2362 non
829 2331 920 2370 istos,
936 2336 969 2363 et
982 2342 1036 2363 eos
1051 2331 1179 2374 quidem
1192 2332 1333 2364 infinitos
1348 2332 1491 2370 effectos,
1507 2331 1534 2363 si
1546 2331 1677 2374 quidem

203 2384 426 2420 dissimilitudo
439 2385 515 2418 fiat:
540 2385 566 2416 si
583 2386 675 2417 modo
700 2386 929 2428 aucupationes
941 2387 1106 2418 verborum
1118 2387 1217 2419 vitare
1230 2386 1365 2419 invicem
1381 2386 1565 2429 oportuerit.
1612 2387 1675 2419 Ce-

205 2442 316 2476 terum,
332 2450 353 2469 o
375 2439 478 2476 beate,
494 2439 674 2481 generosius
699 2449 748 2477 ea,
763 2450 836 2482 quae
859 2440 943 2478 dico,
965 2441 1146 2483 aggredere,
1161 2451 1275 2484 meque
1290 2441 1316 2473 si
1341 2447 1432 2483 potes
1456 2442 1574 2480 refelle,
1589 2442 1675 2484 quod

204 2501 269 2522 non
292 2492 411 2534 proprii
437 2493 553 2535 cuique
573 2499 712 2525 nostrum
733 2505 843 2527 sensus
864 2495 965 2527 fiant:
990 2496 1041 2526 vel
1066 2496 1161 2527 etiam
1183 2496 1208 2528 si
1234 2497 1351 2539 proprii
1373 2497 1447 2535 sint,
1462 2497 1562 2528 nihilo
1578 2496 1679 2538 magis

203 2546 290 2586 quod
315 2551 457 2587 apparet,
484 2547 529 2578 illi
555 2548 610 2579 soli
635 2548 710 2579 fiat:
737 2549 786 2581 vel
815 2549 842 2580 si
864 2559 932 2580 esse
955 2554 1111 2591 oporteat,
1136 2550 1298 2582 nominare
1322 2550 1428 2589 liceat,
1455 2551 1507 2583 cui
1534 2555 1677 2593 apparet.

206 2598 285 2630 Sues
299 2604 404 2631 autem
421 2605 454 2632 et
476 2602 671 2644 prodigiosos
692 2613 787 2635 canes
809 2604 885 2635 dum
901 2614 1018 2642 narras,
1034 2615 1099 2636 non
1115 2604 1183 2647 ipse
1199 2605 1299 2637 solum
1315 2605 1447 2637 bestiam
1464 2606 1605 2644 imitaris,
1622 2606 1678 2637 sed

206 2652 289 2683 idem
305 2663 432 2695 quoque
447 2654 480 2686 in
497 2666 566 2687 mea
581 2657 698 2699 scripta
721 2657 842 2690 efficere
866 2658 935 2690 aliis
956 2659 1134 2701 persuades.
1156 2669 1260 2702 neque
1282 2665 1367 2692 recte
1382 2661 1473 2693 sacis.
1518 2660 1679 2703 Equidem

205 2707 367 2739 veritatem
383 2709 497 2742 habere
512 2720 544 2742 se
560 2721 679 2749 assero,
691 2713 958 2754 quemadmodum
977 2713 1101 2756 scripsi.
1122 2724 1298 2750 mensuram
1321 2714 1405 2747 enim
1420 2724 1678 2757 unumquemque

205 2766 344 2793 nostrum
359 2773 478 2801 eorum,
494 2774 567 2807 quae
581 2770 654 2797 sunt
667 2772 701 2798 et
715 2777 786 2809 quae
809 2777 874 2799 non
899 2772 983 2810 sunt,
997 2778 1088 2800 esse:
1113 2770 1168 2801 sed
1188 2779 1378 2812 magnopere
1398 2770 1459 2801 hoo
1485 2769 1556 2812 ipso
1581 2768 1679 2799 alium

204 2817 245 2847 ab
259 2816 322 2847 alio
337 2817 524 2859 discrepare,
541 2820 629 2861 quod
642 2820 718 2853 huic
742 2820 804 2853 alia
829 2828 902 2853 sunt
925 2827 1155 2865 apparentque,
1169 2822 1216 2854 illi
1227 2823 1302 2857 alia.
1347 2823 1542 2866 Sapientiam
1558 2832 1631 2853 vero
1646 2825 1679 2852 et

204 2871 379 2912 sapientem
394 2872 492 2903 virum
509 2873 597 2905 nullo
612 2875 710 2907 modo
723 2875 856 2908 existere
870 2887 954 2919 nego
967 2889 974 2908 :
998 2876 1095 2910 immo
1110 2878 1194 2910 hunc
1208 2877 1312 2921 ipsum
1327 2879 1503 2920 sapientem
1516 2887 1606 2915 voco,
1622 2875 1679 2918 qui

204 2924 287 2956 illius
300 2925 527 2966 conditionem,
543 2927 595 2960 cui
611 2930 693 2960 mala
707 2929 854 2962 videntur
866 2936 1014 2974 suntque,
1030 2937 1211 2973 permutans
1232 2933 1314 2964 bona
1336 2943 1486 2975 apparere
1501 2936 1534 2963 et
1548 2941 1617 2962 esse
1631 2929 1680 2962 illi

203 2978 290 3013 facit.
336 2981 517 3014 Sermonem
532 2987 636 3015 autem
661 2995 765 3016 meum
789 2995 830 3016 ne
845 2986 946 3018 verbis
971 2986 1126 3019 duntaxat
1139 2997 1347 3031 persequere:
1370 2997 1477 3019 verum
1492 2985 1537 3018 sic
1553 2983 1678 3028 planius
