1846 3268
146 266 241 316 344]
566 243 568 245 ’
686 255 1071 297 PRoTAGoRAs.
1560 258 1611 303 59

146 367 454 401 Lacedaemoniorum
478 364 572 395 virtus
595 363 627 394 in
653 362 816 405 sapientiae
837 362 935 403 magis
955 372 1050 403 quam
1073 361 1302 393 exercitationis
1323 363 1614 405 studio‘consistat',

144 419 489 464 intelligunt-nonnulli
511 423 624 449 nostrae
636 417 740 448 aetatis
755 416 911 456 homines,
937 421 969 446 et
991 416 1066 446 olim
1098 415 1185 446 multi
1208 416 1293 447 idem
1319 418 1615 463 animadverterunt,

146 478 292 516 scientes,
305 475 398 506 verba
421 473 578 516 ejusmodi
603 472 765 503 enuntiare
790 481 892 511 posse,
918 470 975 500 viri
1002 470 1145 501 absolute
1160 470 1246 501 docti
1264 471 1400 502 officium
1417 483 1494 504 esse.
1517 474 1613 518 [343]

148 530 268 562 Horum
298 540 316 560 e
342 538 469 560 numero
491 527 551 558 fuit
570 525 684 557 Thales
699 524 855 561 Milesius,
879 529 912 555 et
938 524 1146 566 Mitylenaeus
1170 524 1325 565 Pittacus,
1357 526 1432 557 Bias
1454 527 1617 567 Prieneus,

149 590 255 616 noster
281 583 390 620 Solon,
418 581 591 614 Cleobulus
614 579 756 616 Lindius,
784 579 904 621 Myson
929 578 1103 610 Chenaeus:
1127 578 1278 620 septimus
1299 580 1408 611 horum
1435 581 1539 613 dictus
1569 590 1617 614 est

146 637 401 675 Lacedaemonius
417 636 544 668 Chilon.
588 634 631 665 Hi
647 644 754 665 onmes
770 633 875 664 aemuli
892 632 1090 674 studiosique
1105 632 1232 664 fuerunt
1249 634 1394 675 discipuli
1408 635 1617 669 Lacedaemo-

150 692 232 723 nicae
244 691 420 733 sapientiae.
467 690 608 727 Quorum
626 687 812 730 sapientiam
839 686 932 717 talem
957 697 1024 717 esse
1049 686 1276 728 comperimus:
1302 689 1396 720 verba
1411 690 1528 730 brevia,
1554 703 1618 724 me—

152 751 271 777 moratu
286 745 454 786 unicuique
468 743 576 785 digna.
621 742 667 774 Hi
690 742 773 773 facto
795 740 934 772 concilio
957 751 995 771 ex
1021 741 1179 772 communi
1205 753 1371 779 consensu,
1395 744 1449 774 lias
1465 745 1617 787 Delphici

149 799 308 842 Apollinis
323 798 441 840 templo
457 798 609 840 primitias
623 794 787 838 sapientiae
801 795 999 832 dedicarunt,
1014 805 1086 837 quae
1103 795 1221 837 templo
1237 795 1406 838 inscriptae,
1419 799 1458 828 ab
1471 801 1615 832 omnibus

149 855 363 887 celebrantur:
388 853 555 895 Cognosce
585 851 735 893 teipsum,
763 849 852 880 Nihil
883 849 986 880 nimis.
1008 860 1011 862 ’
1030 848 1110 880 Haec
1133 850 1176 879 ob
1201 860 1270 880 eam
1297 861 1421 882 causam
1449 853 1560 893 reser0,
1586 862 1621 887 ut

150 913 268 950 pateat,
280 918 348 939 eam
363 907 472 949 priscas
489 905 695 948 philosophiae
715 904 812 935 fuisse
835 903 977 944 figuram,
1003 903 1294 935 Lacedaemonicum
1312 905 1431 936 scilicet
1446 909 1619 948 quoddam,

152 968 187 994 ut
201 963 245 994 ita
257 963 398 1000 dixerim,
413 960 652 1002 breviloquium.
701 958 801 999 Atqui
815 963 847 989 et
862 956 979 989 Pittaci
995 958 1151 999 proprium
1166 958 1227 989 hoc
1240 958 1357 990 dictum
1382 961 1620 994 circumfereba-

152 1023 212 1055 tur,
238 1028 257 1049 a
282 1016 476 1058 sapientibus
498 1015 709 1047 celebratum:
734 1013 859 1043 Bonum
885 1022 1010 1044 manere
1036 1011 1162 1043 difficile
1185 1023 1263 1044 esse.
1309 1013 1487 1046 Simonides
1502 1016 1621 1058 itaque,

153 1083 224 1104 cum
235 1070 397 1113 sapientiae
412 1069 541 1111 gloriam
555 1073 696 1110 cuperet,
710 1066 874 1108 cognovit,
888 1066 913 1097 si
929 1066 1126 1112 proverbium
1141 1065 1175 1097 id
1191 1067 1347 1098 refelleret
1357 1069 1621 1113 convinceretque

155 1128 303 1168 tanquam
318 1125 471 1166 insignem
485 1127 682 1162 certatorem,
696 1121 762 1152 fore
778 1125 813 1151 ut
837 1121 905 1162 ipse
928 1119 1055 1151 illustris
1071 1121 1110 1151 ab
1126 1121 1271 1152 omnibus
1281 1122 1454 1155 haberetur.
1502 1125 1620 1162 Quam-

153 1182 260 1212 obrem
276 1180 412 1211 carmina
427 1178 480 1209 illa
495 1175 684 1219 composuit,
709 1175 758 1206 illi
783 1175 962 1216 insidiatus,
981 1174 1049 1216 ejus
1064 1175 1156 1206 verba
1175 1176 1414 1215 disturbaturus,
1431 1183 1466 1208 ut
1480 1179 1621 1211 arbitror.

155 1234 359 1266 discutiamus
383 1234 451 1264 haec
474 1242 538 1262 una
565 1241 684 1267 omnes,
712 1229 926 1261 utvideamus
955 1234 1056 1260 utrum
1072 1240 1143 1260 vera
1165 1229 1285 1271 loquar.
1330 1231 1469 1263 Primum
1494 1234 1623 1275 quidem

154 1287 292 1320 carmina
308 1288 361 1318 illa
377 1286 479 1328 priora
493 1286 636 1316 insanum
651 1285 812 1316 hominem
829 1284 1016 1321 indicarent,
1042 1283 1068 1314 si
1088 1283 1193 1315 dicere
1209 1285 1328 1324 volens,
1345 1286 1454 1318 Virum
1470 1288 1550 1319 effici
1567 1290 1621 1320 bo-

152 1353 229 1374 num
244 1352 311 1373 esse
326 1341 464 1377 difficile,
478 1340 594 1371 deinde
607 1338 767 1380 injecisset
780 1339 861 1369 hanc
878 1337 1062 1380 particulam
1089 1338 1240 1375 Quidem.
1274 1340 1333 1371 hoc
1349 1341 1433 1372 enim
1450 1343 1535 1373 nulla
1553 1344 1624 1375 rati-

155 1407 217 1428 one
233 1396 355 1427 videtur
366 1394 516 1437 injectum
532 1405 539 1425 ε
562 1392 624 1424 nisi
638 1393 709 1434 quis
725 1397 827 1434 putet,
842 1392 989 1423 adversus
1004 1392 1119 1423 Pittaci
1136 1394 1229 1424 verba
1243 1400 1413 1426 certantem
1430 1396 1623 1428 Simonidem

161 1451 248 1493 loqui
262 1462 270 1482 ε
294 1455 327 1481 et
342 1460 413 1481 cum
430 1449 482 1480 ille
498 1449 597 1490 dicat,
613 1447 757 1479 Difficile
772 1457 840 1479 esse
854 1447 971 1478 bonum
987 1457 1122 1483 manere,
1138 1447 1331 1479 Simonidem
1347 1451 1386 1480 ad
1398 1451 1464 1482 haec
1476 1452 1627 1493 objicere,
1645 1438 1649 1442 ⁴

158 1505 233 1537 Non
249 1506 293 1536 ita
307 1510 364 1542 est,
382 1516 400 1535 o
418 1503 552 1540 Pittace,
577 1502 671 1533 immo
697 1502 811 1533 bonum
828 1502 956 1544 quidem
972 1502 1070 1532 virum
1087 1502 1167 1533 effici
1183 1502 1310 1534 difficile
1325 1509 1385 1547 est,
1406 1510 1438 1536 et
1455 1516 1535 1543 vere,
1559 1518 1622 1538 non

156 1571 262 1591 revera
292 1561 419 1590 bonum.
447 1557 540 1589 ·Non
559 1557 600 1588 ob
622 1559 681 1589 hoc
705 1556 841 1594 Revera,
866 1557 940 1598 quia
964 1557 1026 1587 sint
1040 1556 1137 1598 aliqui
1152 1567 1222 1588 vere
1240 1558 1326 1597 boni,
1352 1559 1404 1589 alii
1429 1566 1533 1591 autem
1549 1562 1624 1593 boni

158 1614 298 1657 quidem,
325 1614 380 1645 sed
405 1623 469 1644 non
485 1623 567 1644 vere.
590 1612 742 1643 absonum
768 1612 828 1642 hoc
856 1611 965 1652 utique
979 1611 1147 1648 videretur,
1172 1622 1275 1654 neque
1299 1612 1461 1645 Simonide
1485 1615 1627 1657 dignum.

160 1671 214 1701 sed
231 1670 270 1700 ad
287 1678 540 1710 superexcessum
556 1677 672 1708 ponere
687 1671 812 1708 oportet
824 1666 856 1696 in
874 1666 1011 1696 versibus
1027 1665 1056 1696 id
1074 1667 1158 1707 quod
1176 1675 1246 1697 vere
1269 1667 1357 1703 dicit,
1381 1668 1559 1709 supplendo
1583 1670 1627 1700 ita

162 1723 277 1756 Pittaci
293 1723 402 1754 verba:
426 1732 484 1753 ceu
510 1720 537 1752 si
554 1731 738 1762 poneremus
755 1719 911 1751 Pittacum
927 1720 1030 1761 ipsum
1046 1719 1162 1761 dicere,
1177 1720 1206 1750 Ο
1221 1721 1287 1759 viri,
1302 1721 1429 1753 difficile
1445 1728 1492 1753 est
1507 1723 1623 1755 bonum

113 1817 118 1821 ζ
162 1788 286 1810 manere
304 1788 312 1808 :
337 1783 370 1808 et
385 1775 577 1807 Simonidem
594 1775 795 1816 respondere,
827 1773 923 1815 [344]
947 1773 976 1804 O
992 1772 1128 1810 Pittace,
1152 1784 1224 1805 vcra
1240 1775 1365 1806 minime
1382 1775 1527 1818 loqueris.
1562 1789 1626 1809 non

163 1833 246 1864 enim
263 1841 341 1867 esse,
357 1831 411 1861 sed
427 1829 494 1861 fieri
510 1830 607 1860 virum
623 1829 752 1866 bonum,
765 1828 908 1859 manibus
925 1828 1132 1870 pedibusque,
1145 1833 1178 1858 et
1195 1834 1297 1860 mente
1310 1830 1494 1871 quadratum
1511 1833 1628 1874 absque

164 1885 391 1928 vituperatione
407 1884 513 1926 aliqua
526 1883 723 1920 fabricatum,
751 1889 798 1914 est
813 1882 939 1914 difficile
953 1893 1034 1915 vere.
1082 1882 1130 1914 Ita
1147 1879 1269 1914 videtur
1289 1884 1435 1916 adversus
1456 1891 1628 1918 sennonem

167 1941 227 1972 hoc
243 1939 382 1977 Quidem
400 1938 550 1980 injectum
565 1949 572 1968 z
597 1943 629 1968 et
643 1937 748 1979 ipsum
765 1937 846 1968 Vere
861 1937 945 1968 haud
962 1938 1001 1968 ab
1017 1948 1048 1968 re
1064 1944 1220 1978 postremo
1239 1938 1385 1971 locatum.
1410 1941 1497 1981 atqui
1511 1947 1543 1972 et
1558 1953 1629 1982 qum

166 2000 350 2037 sequuntur,
365 1993 470 2024 omnia
486 1991 558 2023 huic
574 1996 773 2032 attestantur,
789 1992 873 2033 quod
890 1992 974 2022 hunc
988 1991 1022 2021 in
1039 1992 1164 2022 modum
1181 1997 1228 2022 est
1249 1992 1379 2024 dictum.
1423 1994 1530 2025 Multa
1544 1996 1630 2026 insu-

163 2050 219 2090 per'
233 2053 368 2083 exstant,
384 2058 454 2090 quae
471 2051 553 2078 recte
570 2045 724 2087 disposita
739 2045 772 2077 in
787 2046 836 2076 his
850 2045 1050 2081 carminibus,
1075 2045 1232 2087 sigillatim
1256 2048 1419 2078 ostendere
1445 2059 1608 2089 possumus
1622 2063 1630 2082 2

163 2103 239 2135 scite
254 2113 389 2144 namque
404 2107 436 2133 et
446 2106 591 2133 accurate
608 2100 784 2142 composita
809 2105 902 2132 sunt:
928 2100 983 2131 sed
1005 2100 1152 2141 prolixior
1176 2101 1256 2131 foret
1271 2101 1379 2132 oratio.
1426 2102 1531 2140 Quare.
1546 2115 1629 2134 suin-

165 2157 272 2188 malim
289 2156 395 2199 po‘e'tae
411 2155 505 2197 hujus
520 2156 648 2186 formam
659 2155 888 2196 consiliumque
900 2155 1131 2196 exponendum.
1177 2154 1321 2186 Intendit
1335 2160 1438 2186 autem
1450 2156 1483 2186 in
1499 2148 1631 2198 singulis

162 2213 300 2243 versibus
316 2210 432 2241 Pittaci
446 2210 538 2241 verba
553 2209 704 2240 refellere.
751 2208 795 2239 ait
820 2208 903 2240 enim
929 2209 1025 2250 paulo
1042 2214 1113 2250 post
1125 2209 1220 2240 ferme
1236 2209 1269 2239 in
1286 2210 1368 2249 hunc
1384 2210 1522 2250 modum,
1545 2214 1629 2253 quod

166 2266 247 2298 effici
264 2266 360 2296 virum
378 2265 491 2295 bonum
507 2263 634 2295 difficile
649 2274 719 2294 vere
733 2275 740 2294 2
765 2263 913 2305 possibile
929 2270 1034 2294 tamen
1049 2264 1088 2293 ad
1115 2268 1247 2304 tempus.
1282 2263 1399 2294 sactum
1416 2275 1486 2295 vero
1503 2266 1630 2305 bonum,

163 2321 245 2352 eoin
262 2320 367 2350 babitu
387 2328 594 2360 perseverare,
610 2328 739 2359 esseque
767 2318 895 2354 bonum,
923 2323 957 2347 ut
980 2318 1047 2359 ipse
1063 2317 1121 2355 ais,
1148 2328 1167 2347 0
1194 2317 1329 2354 Pittace,
1357 2317 1549 2359 impossibile
1573 2328 1632 2360 est,

163 2386 267 2416 neque
283 2375 449 2404 humanum
467 2384 474 2404 ε
511 2373 567 2403 sed
590 2371 674 2403 solus
689 2373 749 2403 boc
765 2371 856 2402 Deus
873 2382 998 2402 munere
1013 2371 1152 2413 fungitur
1167 2383 1174 2401 :
1198 2371 1354 2402 hominem
1371 2382 1442 2402 vero
1458 2372 1500 2403 ita
1517 2374 1631 2406 bonum

167 2439 302 2464 manere,
316 2439 354 2459 ne
370 2438 470 2458 rursus
493 2427 625 2463 labatur,
646 2426 842 2467 impossibile
868 2431 927 2466 est,
955 2436 1047 2467 quem
1064 2426 1126 2456 sors
1140 2425 1269 2466 inopina
1286 2426 1466 2467 confringit.
1513 2428 1632 2465 Quem-

165 2495 236 2514 nam
255 2482 448 2524 potissimum
465 2481 647 2522 inopinatus
663 2491 753 2512 casus
767 2480 800 2511 in
830 2480 918 2511 navis
943 2479 1168 2520 gubernatione
1195 2480 1390 2521 submergit?
1436 2480 1508 2511 Non
1527 2484 1632 2514 rudem

166 2538 336 2568 hominem.
360 2546 431 2566 nam
447 2545 569 2576 semper
582 2534 636 2566 ille
652 2535 839 2566 succumbit.
872 2541 905 2565 et
919 2535 1181 2576 quemadmodum
1204 2533 1364 2575 jacentem
1381 2534 1485 2565 nullus
1509 2535 1632 2577 dejicit,

165 2593 219 2623 sed
235 2595 367 2621 stantem
384 2589 574 2630 quandoque
590 2589 702 2630 aliquis
717 2589 839 2630 dejicit,
855 2594 890 2620 ut
901 2588 1008 2630 jacere
1026 2594 1141 2630 cogat;
1159 2587 1319 2629 jacentem
1331 2599 1401 2619 vero
1414 2599 1633 2631 nequaquam:

168 2647 212 2677 ita
242 2644 385 2675 solertem
408 2648 439 2673 et
466 2652 607 2683 sagacem
635 2643 794 2674 hominem
823 2653 1049 2684 nonnunquam
1078 2642 1262 2684 inopinatus
1290 2652 1380 2673 casus
1407 2642 1609 2675 circumvenit
1627 2657 1636 2677 z

170 2710 241 2730 eum
257 2708 329 2728 vero
339 2697 393 2739 qui
409 2695 486 2727 nibil
502 2696 589 2736 pensi
605 2707 743 2738 unquam
766 2698 871 2734 habet,
897 2698 1036 2729 minime.
1059 2702 1092 2728 et
1107 2696 1303 2738 gubernatori
1319 2697 1509 2738 quandoque
1525 2698 1636 2739 ingens

170 2751 364 2794 tempestatis
389 2750 524 2791 impetus
554 2750 740 2792 improvisus
766 2751 966 2792 supervenit:
991 2756 1023 2782 et
1049 2750 1226 2791 agricultori
1251 2749 1453 2791 intemperies
1483 2752 1578 2783 anni:
1604 2760 1636 2784 et

170 2807 295 2838 medico
311 2814 436 2846 quoquc
452 2803 563 2834 similia
577 2815 587 2843 3
609 2805 689 2836 adeo
704 2811 741 2836 ut
763 2811 838 2837 tunc
862 2803 1030 2847 improvidi
1055 2804 1150 2837 fuisse
1167 2805 1338 2835 videantur.
1363 2809 1466 2844 posset
1481 2805 1563 2836 enim
1581 2808 1635 2837 bo-

170 2872 229 2893 nus
244 2859 357 2901 aliquis
366 2855 471 2889 'malus
487 2858 552 2888 fieri
567 2869 575 2890 :
601 2858 686 2900 quod
704 2859 782 2889 alius
800 2858 895 2901 poiita
911 2863 1052 2895 testatur,
1067 2858 1186 2894 dicens,
1203 2857 1261 2890 Vir
1285 2858 1384 2899 bonus
1411 2857 1487 2888 alias
1511 2869 1635 2900 pravus,

173 2916 249 2947 alias
263 2915 363 2945 bonus
379 2917 437 2944 est.
461 2917 496 2942 ut
511 2917 614 2943 autem
631 2913 729 2943 malus
751 2913 902 2944 efficiatur
928 2913 1039 2949 malus,
1063 2912 1128 2944 fieri
1141 2923 1206 2943 non
1225 2917 1328 2954 potest
1345 2924 1352 2942 ε
1376 2923 1443 2943 esse
1459 2905 1541 2943 enim
1556 2925 1635 2944 sem-

179 2979 235 3012 per
250 2977 378 2999 necesse
393 2972 451 3001 est.
497 2966 707 3004 Quamobrem
722 2967 844 3010 quoties
860 2977 949 2999 casus
964 2967 1144 3009 inopinatus
1161 2967 1322 3009 providum
1339 2966 1495 2997 hominem
1511 2968 1635 3008 sapien-
