1846 3268
189 273 260 326 85]
813 273 1032 315 PHAEDO.
1564 290 1645 328 443

186 377 358 416 hementer,
373 377 527 421 simulque
541 381 650 420 putare
667 374 757 415 illud,
771 377 855 410 circa
876 379 962 420 quod
985 379 1045 411 hoc
1069 378 1202 412 maxime
1217 381 1346 423 patitur,
1359 384 1642 421 manifestissimum

185 442 252 463 esse
267 438 361 474 atque
376 433 578 470 verissimum,
593 441 665 463 cum
681 431 774 472 longo
789 431 829 462 sit
845 441 945 463 secus.
967 432 1035 465 hacc
1051 437 1156 464 autom
1174 434 1305 466 maxime
1326 442 1409 475 sunt,
1425 449 1496 480 quae
1512 441 1645 475 visibilia

185 490 269 517 sunt.
291 486 420 517 noune?
466 485 528 518 Cn.
552 484 702 516 Omnino.
746 485 803 516 So.
826 484 879 516 An
895 496 959 517 non
974 485 1006 518 in
1022 487 1082 518 hac
1106 487 1252 528 passione
1273 489 1379 523 anima
1400 501 1493 533 quam
1509 495 1641 529 maxime

182 532 297 581 ligatur
310 550 330 571 a
343 539 496 581 corpore?
540 539 602 572 Ca.
625 539 771 577 Quonam
787 542 881 581 'pacto
896 539 908 570 ?
951 538 1007 571 So.
1030 539 1191 578 Quoniam
1205 542 1306 575 omnis
1319 544 1464 587 voluptas
1479 552 1573 590 atque
1585 550 1641 582 do-

182 594 242 634 lor,
255 593 344 636 quasi
359 594 480 625 clavum
498 597 620 631 tenens,
635 594 768 624 animam
784 593 905 635 corpori
922 594 1020 636 affigit
1046 599 1141 637 atque
1165 598 1336 640 connectit,
1350 599 1507 642 efficitque
1530 612 1643 645 corpo-

182 657 264 678 ream
280 647 374 687 adeo,
388 651 425 678 ut
435 646 501 688 jam
517 647 663 689 opinetur
677 657 716 678 ea
729 657 796 678 esse
811 657 894 685 vere,
910 656 981 688 quae
1005 648 1137 679 suadeat
1157 660 1281 693 corpus.
1303 661 1416 695 nempe
1437 662 1475 685 ex
1490 666 1540 694 eo,
1555 658 1641 699 quod

181 700 292 731 eadem
307 700 453 742 opinetur
461 711 532 732 cum
544 711 673 742 corpore
683 700 864 742 eisdemque
874 700 1060 739 oblectetur,
1083 702 1219 744 cogitur,
1234 709 1270 740 ut
1287 710 1380 748 puto,
1394 706 1534 747 ejusdem
1550 711 1643 743 moris

181 751 385 796 ejusdemque
405 754 561 786 alimoniae
573 754 638 786 fieri
652 765 660 785 t
684 758 720 785 ut
741 764 900 796 nunquam
912 754 1010 796 possit
1021 765 1097 797 pura
1109 756 1142 787 in
1157 757 1252 788 vitam
1262 758 1388 790 alteram
1405 761 1571 802 proficisci,
1587 765 1643 796 sed

181 817 304 849 semper
316 808 410 850 plena
424 808 561 850 corporis
584 809 655 840 labe
677 808 874 850 egrediatur3
895 808 1033 850 ideoque
1058 809 1123 841 cito
1145 811 1239 842 cadat
1252 821 1353 843 rursus
1367 813 1399 844 in
1415 814 1500 846 aliud
1516 827 1641 859 eorpus,

179 865 212 892 et
228 862 315 904 quasi
331 867 397 895 sata
411 863 520 894 iterum
533 863 723 903 innascatur,
738 867 833 904 atque
848 868 1011 904 propterea
1023 873 1043 894 a
1057 864 1242 896 commercio
1258 865 1387 908 divinae,
1403 878 1500 909 purae,
1521 871 1639 902 unifor-

182 914 240 946 mis
254 916 397 948 essentiae
412 917 515 948 aliena
539 926 661 959 prorsus
685 916 811 948 evadat.
855 916 918 949 Cn.
941 916 1111 948 Verissima
1126 928 1241 956 narras,
1256 930 1275 950 ο
1290 919 1445 953 Socrates.
1488 923 1545 956 So.
1569 924 1640 956 Ho-

177 978 244 1000 rum
260 969 354 1011 igitur
368 970 476 1012 gratia,
491 981 511 1002 o
527 970 642 1008 Cebes,
653 969 734 1012 justi
748 970 886 1001 scientiae
901 969 1034 1001 studiosi
1048 970 1284 1012 temperantiam
1299 972 1578 1017 fortitudinemque
1590 987 1640 1008 se-

178 1027 339 1064 quuntur3
361 1034 426 1056 non
450 1028 554 1056 autem
579 1023 714 1061 illorum,
733 1020 869 1066 'quorum
900 1024 998 1066 gratia
1020 1029 1128 1056 censet
1154 1025 1275 1067 vulgus.
1297 1036 1337 1057 an
1362 1031 1397 1057 tu
1421 1033 1512 1069 putas
1525 1029 1536 1060 ?
1560 1031 1638 1073 [84]

179 1076 242 1109 ΟΒ.
264 1077 398 1110 Minime
413 1077 551 1120 quidem.
595 1078 653 1110 So.
676 1077 750 1109 Non
774 1083 868 1110 certe.
892 1078 947 1111 scd
974 1078 1017 1109 ita
1033 1078 1095 1111 veri
1123 1078 1301 1121 philosophi
1320 1080 1442 1113 animus
1466 1083 1617 1124 cogitaret
1630 1095 1640 1117 z

177 1141 237 1163 nec
252 1131 317 1162 ullo
332 1132 426 1163 modo
441 1132 646 1169 arbitraretur,
659 1142 731 1164 cum
742 1132 845 1173 ipsum
860 1132 1059 1175 philosophia
1075 1132 1228 1171 solvisset,
1240 1139 1384 1175 oportere
1397 1135 1508 1167 iterum
1525 1137 1640 1180 volup-

176 1185 293 1216 tatibus
309 1185 530 1228 doloribusque
551 1196 584 1217 se
608 1185 724 1217 dedere
748 1185 923 1226 iterumque
938 1185 1059 1227 vinciri,
1074 1190 1169 1227 atque
1193 1186 1310 1217 irritum
1326 1197 1405 1229 opus
1420 1188 1533 1227 facere,
1548 1190 1640 1232 quasi

177 1237 270 1269 telam
285 1238 462 1280 Penelopes
485 1243 687 1270 retexentem.
705 1238 799 1269 immo
816 1249 888 1269 vero
914 1239 1022 1270 horum
1049 1239 1266 1280 tranquillitati
1286 1241 1427 1279 studens,
1440 1253 1637 1286 sequensque

176 1291 340 1328 rationem,
356 1301 393 1323 ac
408 1301 529 1333 semper
543 1291 574 1322 in
600 1301 638 1322 ea
662 1301 858 1332 permanens,
881 1301 985 1322 verum
1001 1296 1034 1322 et
1048 1291 1190 1321 divinum
1206 1291 1451 1335 opinionemque
1466 1298 1637 1336 superemi-

175 1355 254 1376 nens
269 1345 520 1387 contemplatur:
546 1355 564 1375 a
584 1355 648 1386 quo
672 1344 806 1375 nutritus
831 1343 875 1374 ita
889 1344 1057 1374 vivendum
1082 1349 1202 1380 censet,
1217 1354 1311 1385 quam
1338 1347 1393 1376 diu
1409 1348 1496 1379 vivat
1508 1359 1518 1387 ;
1540 1354 1636 1391 atque

175 1402 280 1439 sperat
292 1409 336 1435 se,
351 1397 406 1429 ubi
421 1397 600 1434 decesserit,
622 1397 656 1427 in
679 1401 846 1436 cognatum
863 1396 1035 1437 atque'tale
1050 1396 1232 1437 migrantem
1248 1397 1287 1427 ab
1302 1397 1445 1430 humanis
1460 1401 1555 1432 eximi
1570 1413 1636 1434 ma-

171 1451 221 1483 lis.
265 1451 314 1482 Ex
330 1450 509 1492 hujusmodi
521 1449 649 1492 quidem
664 1448 852 1480 educatione
865 1459 928 1479 non
944 1453 1004 1489 est,
1018 1459 1072 1480 eur
1089 1453 1217 1487 metuat,
1233 1460 1252 1481 o
1267 1449 1396 1482 Simmia
1416 1457 1449 1483 et
1464 1453 1577 1493 Cebes,
1593 1466 1634 1489 ne

172 1514 243 1536 cum
258 1497 383 1536 recedat
403 1498 421 1535 a
447 1513 588 1545 corpore,
603 1499 791 1534 distrahatur
816 1507 849 1533 et
872 1502 1052 1544 dissipetur,
1067 1502 1231 1544 omnisque
1245 1503 1278 1534 in
1294 1509 1402 1536 ventos
1418 1506 1482 1538 vita
1496 1510 1634 1542 recedat.

171 1557 334 1590 cumhaec
350 1552 492 1589 Socrates
506 1556 646 1594 dixisset,
662 1555 790 1597 longum
805 1555 922 1587 factum
947 1559 996 1586 est
1018 1554 1187 1587 silentium.
1208 1556 1321 1598 etipse
1337 1558 1463 1599 quidem
1480 1561 1635 1601 Socrates,
1671 1585 1673 1587 .

171 1611 339 1654 quaedicta
350 1603 485 1648 fuerant,
501 1619 618 1647 secum,
642 1613 677 1640 ut
689 1608 864 1646 videbatur,
880 1609 1052 1650 repetebat,
1068 1608 1214 1650 idemque
1229 1609 1369 1652 plerique
1384 1617 1521 1644 nostrum
1537 1614 1633 1648 facie-

171 1664 259 1698 bant.
303 1664 407 1696 Cebes
429 1667 533 1695 autem
559 1668 593 1694 et
616 1662 759 1694 Simmias
783 1673 950 1704 parumper
974 1662 1101 1704 insuper
1123 1663 1257 1695 invicem
1273 1664 1421 1697 collocu'ti
1435 1673 1519 1700 sunt.
1563 1669 1633 1701 Hos

170 1727 244 1759 ergo
265 1717 397 1749 intuitus
421 1717 575 1754 Socrates,
599 1715 759 1753 Quidnam
775 1716 874 1753 vobis,
890 1716 1004 1758 inquit,
1019 1716 1060 1747 de
1085 1716 1145 1754 his,
1170 1726 1241 1758 quae
1263 1718 1349 1750 dicta
1373 1725 1458 1758 sunt,
1483 1721 1633 1754 videtur?

169 1781 210 1802 an
225 1770 304 1802 forte
319 1771 437 1813 aliquid
453 1771 579 1812 insuper
593 1770 626 1801 in
651 1769 700 1801 his
727 1769 933 1801 desideratis?
956 1770 1062 1800 multae
1076 1769 1159 1802 enim
1175 1771 1279 1803 adhuc
1294 1772 1508 1806 dubitationes
1524 1776 1634 1818 objec-

168 1823 335 1865 tionesque
350 1829 529 1865 supersunt,
544 1823 570 1854 si
585 1822 654 1865 quis
669 1822 856 1855 sufficienter
871 1833 910 1854 ea
924 1822 965 1854 sit
979 1827 1175 1856 tractaturus,
1220 1824 1253 1856 Si
1269 1825 1362 1867 igitur
1376 1827 1462 1859 aliud
1478 1829 1628 1870 quiddam

167 1877 248 1909 inter
261 1888 317 1909 vos
331 1877 468 1919 agitatis,
484 1876 563 1908 nihil
579 1876 665 1909 dico.
688 1876 736 1908 sin
751 1881 857 1907 autern
871 1876 906 1907 in
920 1876 983 1914 his,
998 1887 1068 1918 quae
1084 1877 1169 1908 dicta
1192 1883 1275 1915 suut,
1292 1879 1454 1919 haesitatis,
1468 1891 1508 1913 ne
1524 1893 1629 1915 verea-

169 1931 246 1962 mini
261 1931 348 1973 loqui
362 1935 457 1973 atque
472 1939 660 1973 percurrere,
675 1930 700 1961 si
715 1940 778 1972 qua
801 1931 837 1962 in
862 1935 950 1972 parte
977 1930 1093 1972 putatis
1114 1930 1225 1962 melius
1240 1932 1303 1964 dici
1318 1943 1420 1975 posse.
1443 1935 1520 1977 quin
1534 1936 1630 1968 etiam

169 1984 287 2016 socium
303 1994 352 2016 me
367 1984 526 2023 assumite,
541 1984 566 2015 si
582 1994 702 2016 mecum
718 1984 751 2016 id
767 1983 960 2016 commodius
975 1983 1044 2015 fieri
1058 1994 1149 2026 posse
1171 1984 1365 2019 existimatis.
1409 1986 1488 2021 Suu.
1511 1989 1629 2021 Verum

168 2038 327 2080 equidem,
342 2037 498 2079 Socrates,
514 2037 571 2069 tibi
594 2037 725 2069 fatebor.
768 2037 789 2069 J
793 2037 963 2068 amdudum
989 2036 1150 2079 ambigens
1177 2042 1307 2080 uterque
1332 2044 1470 2073 nostrum
1496 2042 1632 2085 impellit

166 2091 297 2123 alterurn
309 2091 465 2134 jubetque
479 2091 666 2133 interrogare
690 2095 818 2134 propter
842 2091 992 2123 audiendi
1013 2091 1230 2133 cupiditatem.
1253 2103 1394 2125 veremur
1406 2099 1523 2133 autem,
1538 2106 1578 2128 ne
1594 2096 1628 2128 id

167 2145 226 2176 tibi
240 2146 282 2177 ob
297 2151 480 2187 praeseutem
496 2145 704 2178 calamitatem
719 2144 884 2186 rogitando
899 2145 993 2176 simus
1000 2144 1205 2178 molestiores.
1251 2145 1330 2179 Haec
1341 2147 1483 2180 Socrates
1494 2148 1628 2181 audiens

168 2198 280 2230 leniter
301 2198 412 2236 arrisit,
428 2199 548 2236 dicens,
564 2198 675 2241 Papae,
691 2209 710 2230 o
732 2197 872 2239 Simmia,
887 2208 982 2240 quam
999 2197 1126 2230 difficile
1147 2198 1216 2230 aliis
1235 2201 1466 2241 persuaderem,
1480 2203 1562 2234 hanc
1577 2213 1628 2234 me

167 2251 323 2283 fortunam
339 2253 581 2295 haudquaquam
597 2253 758 2283 adversam
773 2252 960 2294 existimare,
973 2252 1100 2294 quando
1111 2262 1151 2283 ne
1161 2252 1248 2283 vobis
1257 2253 1383 2294 quidem
1399 2254 1430 2286 id
1442 2255 1628 2296 persuadere

165 2315 311 2347 possum:
334 2306 452 2348 quippe
467 2316 538 2338 eum
555 2306 710 2348 metuatis,
724 2316 765 2337 ne
778 2305 934 2338 diffieilior
948 2305 1145 2348 moestiorque
1162 2306 1218 2336 sim
1233 2306 1267 2337 in
1292 2308 1470 2348 praesentia,
1484 2318 1576 2350 quam
1592 2309 1627 2340 in

166 2359 316 2401 superiori
328 2359 437 2391 fuerim
452 2359 528 2392 vita.
572 2360 694 2402 Atque,
707 2364 744 2391 ut
758 2364 900 2401 apparet,
915 2359 1049 2392 deterior
1063 2360 1175 2402 cygnis
1187 2360 1228 2391 ad
1240 2359 1444 2392 divinandum
1460 2362 1548 2394 vobis
1557 2372 1626 2394 esse

166 2413 285 2445 videor.
307 2413 353 2444 illi
367 2414 508 2456 quidem,
521 2413 649 2457 quando
676 2423 709 2445 se
731 2414 817 2445 brevi
841 2414 1046 2456 praesentiunt
1070 2414 1244 2451 morituros,
1256 2420 1331 2446 tunc
1345 2415 1443 2456 magis
1457 2415 1627 2446 admodum

165 2466 351 2508 dulciusque
366 2473 495 2506 canunt,
510 2478 604 2509 quam
628 2467 704 2510 [85]
728 2472 821 2499 antea
836 2468 1067 2509 consueverint,
1081 2467 1347 2510 congratulantes,
1361 2469 1447 2510 quod
1463 2469 1503 2499 ad
1518 2468 1624 2500 Deum

168 2519 241 2557 sint,
263 2519 356 2561 cujus
379 2526 469 2552 erant
489 2521 611 2563 famuli,
622 2521 690 2563 jam
711 2522 884 2563 migraturi.
929 2521 1082 2553 Homines
1097 2531 1181 2559 vero,
1203 2532 1275 2553 eum
1297 2521 1358 2563 ipsi
1381 2526 1509 2553 mortem
1531 2532 1625 2564 expa-

166 2577 304 2610 vescant,
318 2583 438 2615 cygnos
452 2583 579 2616 quoque
598 2575 678 2606 falso
701 2575 914 2617 criminantur,
929 2576 1014 2618 quod
1039 2575 1181 2617 lugentes
1196 2579 1323 2606 mortem
1339 2575 1380 2606 ob
1395 2575 1533 2606 dolorem
1548 2585 1624 2607 can-

165 2629 232 2656 tum
247 2625 414 2658 emittant:
439 2627 579 2668 prot'ecto
595 2628 678 2659 haud
692 2628 944 2659 animadvertunt
954 2628 1071 2659 nullam
1086 2638 1154 2658 esse
1169 2638 1271 2669 avem,
1283 2637 1354 2668 quae
1368 2633 1487 2665 cantet,
1498 2629 1625 2670 quando

167 2678 282 2709 esuriat
296 2683 350 2710 aut
365 2679 463 2721 rigeat
476 2685 530 2711 aut
546 2680 656 2721 quovis
671 2680 734 2711 alio
751 2681 901 2712 afficiatur
915 2680 1114 2712 incommodo
1128 2692 1135 2711 :
1161 2691 1224 2711 non
1241 2681 1309 2721 ipsa
1323 2679 1491 2722 philomela
1506 2691 1564 2713 nec
1577 2680 1624 2711 hi-

165 2732 280 2772 rundo,
294 2742 353 2763 nec
366 2742 477 2774 epops,
492 2743 569 2775 quas
583 2733 687 2764 serunt
711 2745 765 2775 per
784 2734 1008 2775 querimoniam
1033 2738 1158 2765 cantare
1171 2733 1324 2775 lugentes.
1371 2733 1418 2764 At
1432 2733 1507 2764 mihi
1519 2743 1623 2775 neque

165 2785 214 2815 hae
229 2795 302 2816 aves
324 2795 388 2826 prae
411 2785 518 2816 dolore
534 2786 679 2818 videntur
701 2797 824 2824 canere,
841 2797 943 2828 neque
968 2787 1075 2829 cygni.
1100 2787 1153 2817 sed
1171 2787 1246 2829 quia
1260 2787 1380 2820 Phoebo
1396 2786 1475 2818 sacri
1488 2791 1572 2826 sunt,
1589 2790 1626 2817 nt

165 2838 307 2879 arbitror,
323 2839 516 2871 divinatione
528 2839 650 2882 praediti
664 2841 854 2884 praesagiunt
868 2840 993 2872 alterius
1014 2840 1087 2871 vita
1103 2840 1204 2873 bona:
1229 2840 1365 2882 ideoque
1377 2844 1504 2871 cantant
1514 2839 1621 2870 alacri-

167 2902 203 2923 us
219 2893 417 2934 gestiuntque
432 2903 470 2924 ea
483 2893 535 2924 die
549 2903 642 2935 quam
659 2894 807 2935 superiori
823 2899 972 2936 tempore.
1019 2894 1124 2935 Atque
1135 2898 1167 2924 et
1179 2904 1239 2936 ego
1251 2894 1378 2925 arbitror
1389 2903 1437 2924 me
1446 2902 1617 2934 cygnorum

167 2955 234 2978 esse
262 2956 442 2979 conservum
478 2946 644 2990 eidemque
672 2947 743 2979 Deo
769 2957 888 2980 sacrum
903 2958 912 2988 ;
945 2957 1046 2989 neque
1069 2947 1204 2987 deterius
1228 2946 1405 2980 vaticinium
1442 2946 1480 2978 ab
1510 2945 1620 2977 eodem
