1846 3268
167 277 266 330 228]
427 271 657 316 INCERTI
686 268 962 312 AUCTORIS
992 268 1366 313 HIPPARCHUS.
1555 271 1629 312 171

166 382 229 415 ista
241 379 358 413 nulllus
371 389 439 413 esse
454 377 558 422 pretii.
575 376 643 420 jam
657 375 818 409 entmnos
830 375 918 419 ipsos
931 374 965 407 in
979 374 1053 416 hoc,
1068 374 1143 418 quia
1166 378 1250 407 esset
1270 370 1479 416 impossibile,
1503 373 1634 406 rationi-

169 437 228 469 bus
252 433 474 477 redarguimus.
516 432 600 465 Hn’.
621 429 708 462 Mihi
738 440 813 462 sane
843 429 978 461 videtur.
1022 429 1081 463 So.
1104 428 1139 461 Si
1166 439 1232 460 non
1256 432 1466 471 cognoscunt,
1488 427 1635 470 ignorant

168 490 284 533 igitur:
307 488 476 531 opinantur
490 491 608 524 tamen,
631 495 703 528 qum
727 484 847 517 nullius
861 483 952 527 pretii
968 487 1052 526 sunt,
1073 482 1165 515 multi
1174 483 1323 515 facienda
1335 493 1414 515 esse.
1458 481 1541 514 Hm.
1563 479 1636 523 Ap-

167 549 267 587 paret.
309 542 365 575 So.
388 541 482 574 Lucri
496 541 607 584 cupidi
631 550 738 572 nonne
763 539 883 572 lucrum
905 537 1060 580 cupiunt?
1105 537 1189 570 Hm.
1212 536 1372 569 Profecto.
1415 535 1474 569 So.
1498 534 1634 568 Lucrum

168 608 240 630 vero
255 598 369 629 damno
384 595 592 628 contrarium?
616 595 714 637 [227]
739 594 822 626 Hm.
846 593 915 626 Est.
960 593 1016 625 So.
1039 591 1138 624 Estne
1150 593 1270 624 bonum
1291 590 1385 623 alicui
1399 591 1514 622 damno
1529 589 1651 622 affici?-

167 651 250 684 Hm.
284 650 427 683 Nemini.
482 650 539 682 So.
582 649 707 681 Malum
729 648 859 680 autem?
915 647 1001 680 Hm.
1045 646 1187 683 Prorsus.
1243 646 1299 679 So.
1331 645 1505 678 Laeduntur
1527 644 1635 687 itaque

165 706 281 737 damno
291 704 456 736 homines?
499 704 584 736 Hm.
605 703 790 735 Laeduntur.
834 702 890 735 So.
913 701 1038 733 Malum
1058 701 1152 743 igitur
1173 700 1347 732 damnum?
1391 699 1475 732 Hm.
1498 699 1635 730 Malum.

165 760 221 792 So.
245 759 441 792 Contrarium
467 759 582 790 damno
608 758 753 789 lucrum?
799 756 882 788 Hir·-
914 751 1123 789 Contrarium.
1167 755 1226 788 So.
1262 754 1431 786 Bonumne
1460 753 1557 795 igitur
1584 753 1634 784 lu·

165 814 274 847 crum?
318 814 401 846 Hm.
423 813 528 846 Certe.
571 812 631 844 So.
653 812 781 844 Bonum
793 811 890 854 igitur
909 815 1060 848 amantes,
1075 809 1154 842 lucri
1168 808 1303 852 cupidos
1318 807 1506 851 nuncupas?
1552 806 1636 840 Hm.

165 867 314 901 Videtur.
358 868 414 901 So.
437 867 515 899 Non
539 867 664 898 insanos
688 866 828 909 quidem,
853 876 872 897 ο
895 865 1008 903 amice,
1033 864 1112 897 lucri
1137 864 1271 907 cupidos
1297 863 1391 896 dicis.
1425 862 1482 894 sed
1506 867 1541 894 tu
1566 861 1635 903 ipse

164 927 267 953 utrum
279 931 364 953 amas
377 922 464 964 quod
487 921 604 952 bonum
626 924 686 958 est,
710 930 751 951 an
773 930 839 951 non
862 919 970 951 amas?
1016 918 1098 950 Hm.
1120 918 1204 950 Amo
1227 918 1387 960 equidem.
1429 916 1486 948 So.
1508 914 1561 947 An
1587 919 1637 947 est

165 976 282 1007 bonum
298 975 478 1018 quicquam,
504 975 590 1017 quod
616 984 681 1005 non
702 973 844 1011 affectes,
867 973 922 1004 sed
949 972 1088 1004 malum?
1133 971 1216 1003 Hm.
1238 971 1316 1003 Non
1340 981 1396 1013 per
1408 970 1535 1003 Jovem.
1579 969 1638 1001 80.

166 1029 214 1062 At
235 1030 364 1062 forsitan
391 1030 495 1061 omnia
518 1030 601 1060 bona
623 1028 763 1061 affectas.
806 1027 891 1061 Hm.
914 1027 1044 1060 Omnia.
1091 1027 1149 1059 So.
1171 1026 1334 1068 Interroga
1355 1025 1486 1068 insuper
1513 1029 1547 1055 et
1573 1033 1636 1062 me.

165 1090 269 1116 utrum
285 1089 318 1116 et
331 1084 411 1127 ipse.
432 1084 516 1115 bona
531 1082 677 1125 equidem
705 1091 806 1113 amare
831 1092 881 1113 me
904 1081 1090 1113 confitebor.
1111 1081 1168 1112 sed
1193 1084 1306 1123 praeter
1327 1089 1378 1111 me
1401 1089 1439 1111 ac
1459 1083 1504 1116 te,
1529 1087 1637 1109 nonne

166 1138 279 1180 reliqui
293 1138 434 1170 homines
448 1148 555 1169 omnes
571 1141 678 1168 amant
693 1136 879 1174 bona,mala
895 1135 1051 1167 oderunt?
1096 1135 1180 1168 Hm.
1205 1134 1373 1167 Videntur.
1418 1133 1475 1165 80.
1499 1132 1635 1164 Lucrum

166 1197 271 1224 autem
287 1203 393 1224 nonne
409 1193 526 1223 bonurn
540 1201 608 1223 esse
623 1190 759 1223 confessi
774 1201 879 1222 sumus
892 1190 904 1221 ?
949 1189 1032 1221 Hm.
1054 1188 1192 1231 Nempe.
1236 1188 1295 1221 So.
1319 1187 1439 1219 Omnes
1452 1186 1548 1228 igitur
1559 1185 1639 1218 lucri

165 1247 276 1288 cupidi
297 1246 442 1278 videntur
467 1246 528 1277 hoc
553 1246 667 1277 modo:
691 1255 754 1286 quo
779 1254 851 1276 vero
879 1243 963 1286 prius
988 1243 1135 1282 diximus,
1159 1242 1266 1274 nullus
1289 1241 1368 1274 lucri
1389 1241 1523 1283 cupidus
1545 1245 1638 1273 esset.

167 1301 246 1333 Utra
259 1301 356 1342 igitur
366 1300 490 1331 istarum
507 1299 661 1330 rationum
671 1298 784 1340 aliquis
799 1304 890 1330 utens
901 1308 967 1330 non
979 1298 1155 1330 aberrabit?
1201 1297 1285 1332 Hm.
1307 1297 1341 1329 Si
1355 1296 1436 1339 quis,
1449 1307 1468 1327 o
1480 1296 1637 1333 Socrates,

165 1360 251 1387 recte
266 1355 344 1386 lucri
357 1354 509 1396 cupidum
524 1354 667 1390 definiat,
683 1363 767 1393 eum,
781 1357 818 1383 ut
832 1357 924 1395 puto,
951 1352 1030 1384 lucri
1045 1353 1197 1395 cupidum
1217 1352 1425 1388 arbitrabitur,
1450 1350 1505 1392 qui
1530 1350 1637 1381 studet

165 1409 204 1441 iis
220 1414 254 1440 et
267 1409 383 1441 decens
397 1407 554 1440 existimat
569 1408 600 1438 in
613 1408 650 1438 iis
664 1407 785 1439 lucrum
799 1417 949 1449 quaerere,
965 1418 1004 1438 ex
1026 1407 1142 1449 quibus
1167 1406 1243 1438 boni
1259 1406 1316 1438 viri
1338 1405 1451 1437 lucrari
1472 1414 1635 1446 nunquam

166 1464 330 1496 auderent.
374 1463 429 1495 So.
451 1461 505 1493 An
521 1473 585 1493 non
603 1466 702 1499 tenes,
723 1462 807 1503 quod
824 1461 919 1503 paulo
935 1467 1008 1493 ante
1029 1462 1114 1493 inter
1137 1471 1195 1493 nos
1211 1459 1372 1498 convenit,
1388 1458 1500 1491 lucrari
1514 1457 1638 1490 scilicet

165 1528 234 1550 esse
254 1517 392 1549 utilitate
417 1517 520 1549 affici?
566 1517 649 1548 Hm.
684 1516 771 1554 Quid
798 1517 888 1548 tum?
934 1517 991 1549 So.
1025 1516 1121 1554 Quod
1147 1516 1242 1548 etiam
1266 1515 1301 1547 in
1324 1515 1385 1547 1100
1410 1511 1637 1551 consensimus,

163 1583 276 1604 omnes
291 1582 412 1614 semper
427 1572 543 1603 bonum
555 1571 650 1604 velle.
694 1570 778 1602 Hm.
802 1571 947 1603 Confessi
963 1581 1080 1604 sumus.
1124 1571 1180 1603 So.
1202 1570 1320 1602 Nonne
1335 1574 1368 1600 et
1382 1568 1459 1600 boni
1474 1566 1530 1598 viri
1544 1577 1638 1598 omne

165 1626 285 1658 lucrum
301 1631 461 1668 expetent,
476 1625 502 1656 si
525 1626 654 1668 quidem
676 1624 859 1666 hujusmodi
884 1635 976 1656 omne
1003 1626 1121 1656 bonum
1148 1625 1219 1656 est?
1265 1624 1348 1655 Hm.
1370 1622 1446 1654 Non
1470 1627 1576 1653 tamen
1598 1631 1637 1653 ea

165 1679 392 1722 lucra,quibus
418 1679 490 1711 laedi
517 1680 651 1722 possint.
696 1679 752 1711 So.
775 1679 865 1710 Laedi
880 1689 974 1711 vocas
998 1680 1146 1710 damnum
1170 1678 1250 1720 pati,
1274 1689 1314 1709 an
1338 1677 1424 1708 aliud
1448 1676 1638 1718 quippiam?

163 1734 249 1766 Hm.
274 1734 326 1765 Nil
342 1734 440 1771 aliud,
455 1744 549 1776 quam
561 1734 628 1776 pati
643 1734 805 1766 damnum.
851 1733 907 1764 So.
929 1733 961 1764 A
987 1733 1116 1764 lucrone
1139 1734 1255 1764 damno
1281 1732 1457 1763 afficiuntur
1482 1730 1638 1768 homines,

165 1799 207 1820 an
223 1799 242 1820 a
257 1789 372 1819 damno
388 1787 492 1830 potius
507 1787 518 1818 ἓ
564 1787 648 1819 Hm.
670 1786 724 1818 Ab
741 1787 892 1829 utrisque.
916 1787 1033 1818 etenim
1048 1798 1066 1818 a
1091 1788 1207 1818 damno
1230 1792 1263 1818 et
1286 1797 1306 1818 a
1321 1786 1404 1828 turpi
1418 1786 1504 1817 lucro
1520 1786 1636 1816 damno

168 1842 356 1875 afficiuntur.
401 1842 459 1873 So.
484 1841 569 1873 Num
586 1842 642 1873 tibi
658 1841 782 1873 videtur
796 1842 916 1883 aliquid
932 1842 1009 1873 utile
1036 1852 1073 1873 ac
1096 1843 1214 1873 bonum
1240 1846 1331 1883 turpe
1353 1841 1507 1872 existere?
1552 1839 1636 1871 Hm.

168 1896 316 1929 Minime.
342 1896 438 1938 [228]
462 1896 520 1927 80.
542 1896 659 1928 Nonne
687 1896 782 1938 paulo
809 1901 882 1928 ante
908 1897 1131 1934 concessimus,
1157 1896 1277 1928 lucrum
1292 1897 1419 1933 damno,
1443 1895 1527 1926 malo
1554 1895 1637 1926 exis-

165 1951 257 1989 tenti,
283 1951 470 1983 contrarium
497 1951 586 1982 esse?
633 1950 717 1983 Hm.
741 1951 866 1983 Fateor.
912 1950 969 1983 So.
1001 1951 1043 1982 Et
1068 1962 1142 1983 curn
1171 1952 1212 1982 sit
1234 1951 1316 1982 malo
1340 1950 1541 1986 contrarium,
1567 1959 1636 1980 esse

165 2005 306 2037 bonum?
351 2005 435 2036 Hm.
457 2004 689 2037 Concessimus.
735 2005 792 2038 So.
815 2005 913 2048 Ergo,
937 2010 973 2036 ut
989 2005 1089 2043 vides,
1114 2016 1165 2038 me
1190 2006 1311 2037 conaris
1331 2004 1489 2046 decipere,
1516 2004 1557 2035 de
1585 2002 1636 2034 in-

166 2060 285 2091 dustria
300 2059 453 2091 contraria
473 2059 511 2090 iis
536 2069 689 2101 asserens,
714 2070 784 2102 quae
811 2070 906 2102 supra
929 2060 1065 2092 confessi
1081 2070 1197 2093 sumus.
1241 2060 1324 2092 Hm.
1347 2059 1424 2091 Non
1440 2069 1497 2101 per
1509 2058 1639 2092 Jovem·

166 2124 186 2145 ο
213 2113 378 2146 Socrates:
402 2114 458 2145 sed
485 2119 613 2146 econtra
635 2120 673 2146 tu
696 2125 745 2146 me
772 2114 907 2156 decipis,
931 2125 968 2146 ac
983 2114 1091 2146 nescio
1116 2115 1274 2156 quomodo
1294 2115 1328 2145 in
1353 2114 1547 2156 disputando
1570 2123 1637 2144 rem

165 2178 286 2200 sursum
311 2169 519 2210 deorsumque
541 2169 705 2201 convertis.
749 2169 806 2200 So.
830 2169 923 2200 Bona
938 2169 1043 2206 verba,
1067 2179 1186 2211 quaeso.
1209 2179 1314 2211 neque
1340 2168 1426 2200 enim
1450 2172 1534 2199 recte
1549 2167 1636 2199 face-

165 2233 242 2261 rem,
257 2222 319 2254 nisi
334 2222 398 2254 viro
425 2223 510 2254 bono
530 2227 564 2254 et
587 2222 724 2264 sapienti
750 2233 901 2265 parerem.
944 2223 1028 2255 Hm.
1053 2223 1213 2254 cuinam?
1236 2227 1292 2254 aut
1313 2223 1390 2265 quid
1406 2223 1466 2254 hoc
1482 2222 1635 2254 tandem?

166 2277 225 2310 So.
248 2277 382 2310 concivi
397 2287 466 2308 meo
482 2281 515 2309 et
527 2281 595 2315 tuo,
618 2276 803 2319 Hipparcho
829 2277 984 2309 Pisistrati
998 2276 1210 2309 Philaedonici
1225 2277 1303 2316 filio,
1318 2277 1374 2319 qui
1389 2276 1522 2308 filiorum
1536 2276 1635 2308 Pisia-

166 2330 239 2362 trati
259 2335 293 2362 et
307 2330 407 2372 major
429 2335 506 2363 natu
527 2336 594 2363 erat
613 2336 657 2363 et·
670 2330 853 2373 sapientior,
875 2331 931 2374 qui
956 2336 989 2362 et
1011 2331 1073 2362 alia
1088 2331 1186 2363 multa
1200 2331 1348 2373 praeclara
1361 2341 1458 2374 opera
1472 2330 1637 2372 sapientias

160 2384 281 2423 edidit,
291 2390 324 2417 et
338 2385 469 2417 Homeri
483 2385 578 2417 libros
593 2385 711 2428 primus
726 2386 759 2417 in
773 2387 854 2418 hanc
874 2386 982 2417 urbem
1004 2386 1139 2429 invexit,
1164 2385 1332 2428 coegitque
1355 2390 1467 2428 poetas
1491 2390 1635 2417 cantores

164 2438 339 2470 carminum
365 2440 451 2482 apud
477 2438 688 2472 Athenienses
713 2440 826 2472 referre
855 2450 911 2482 per
939 2440 1104 2472 ordinem:
1128 2441 1217 2482 quod
1246 2440 1341 2471 etiam
1370 2440 1418 2471 his
1443 2439 1635 2482 temporibus

170 2492 347 2526 observant.
371 2497 405 2525 et
419 2493 619 2526 Anacreonta
633 2494 745 2526 Teium
760 2495 852 2526 missa
867 2494 939 2527 navi
955 2494 1184 2537 quinquaginta
1206 2505 1360 2527 remorum
1381 2495 1415 2526 in
1430 2495 1512 2526 hanc
1527 2494 1636 2526 urbem

167 2545 342 2579 accersivit.
386 2546 577 2580 Simonidem
591 2553 740 2591 praeterea
754 2549 869 2582 Chium
885 2550 970 2591 apud
987 2560 1020 2581 se
1047 2558 1171 2591 semper
1194 2549 1318 2592 habuit,
1339 2549 1452 2592 amplis
1474 2560 1546 2581 eum
1567 2559 1636 2581 mu—

169 2600 295 2632 neribus
309 2610 434 2634 ornans.
480 2601 561 2635 Haec
587 2608 692 2637 autem
719 2604 832 2645 agebat
855 2605 974 2646 omnia,
999 2603 1084 2636 cives
1100 2614 1171 2635 suos
1193 2602 1345 2636 instruere
1369 2604 1490 2641 volens,
1510 2608 1547 2634 ut
1573 2602 1636 2635 illis

169 2663 266 2697 quarn
282 2654 400 2696 optime
415 2655 591 2688 viventibus
605 2657 784 2702 imperaret,
797 2663 881 2691 ratus
904 2659 1032 2705 minime
1058 2663 1202 2701 oportere
1226 2658 1322 2691 alicui
1342 2658 1529 2700 sapientiam
1553 2656 1635 2688 invi-

168 2709 256 2747 dere,
279 2709 398 2752 quippe
420 2710 476 2752 qui
500 2711 650 2744 honestus
675 2723 712 2745 ac
736 2713 838 2746 bonus
859 2714 1016 2746 existeret.
1060 2713 1141 2746 Cum
1167 2723 1240 2746 vero
1265 2714 1350 2746 cives
1372 2713 1498 2745 abunde
1524 2711 1638 2744 eruditi

170 2769 286 2801 essent,
311 2769 407 2807 atque
436 2765 505 2807 ejus
531 2766 719 2808 sapientiam
741 2768 988 2801 admirarentur:
1014 2768 1170 2800 convertit
1194 2768 1334 2800 animum
1363 2768 1406 2799 ad
1433 2767 1584 2809 agricolas
1605 2772 1638 2798 et

169 2819 348 2860 peregrinos
374 2820 574 2852 erudiendos.
609 2825 705 2864 atque
728 2822 801 2854 ideo
825 2823 988 2855 columnas
1014 2823 1079 2854 sive
1103 2823 1272 2865 quadratos
1295 2822 1418 2865 lapides
1443 2822 1475 2852 in
1505 2820 1636 2862 singulis

170 2872 256 2905 urbia
279 2872 376 2904 triviis
402 2874 520 2906 erexit:
546 2885 584 2905 ex
607 2885 645 2906 ea
670 2877 874 2917 postmodum
898 2877 1066 2919 sapientia,
1081 2887 1174 2920 quam
1198 2877 1311 2920 partim
1337 2876 1501 2913 didicerat,
1523 2874 1636 2917 partim

168 2926 238 2968 ipse
251 2926 425 2966 invenerat,
440 2928 568 2961 eliciens
590 2930 725 2972 potiora,
749 2931 847 2973 elegis
872 2931 1001 2965 inclusit
1018 2931 1219 2971 carminibus,
1245 2936 1278 2964 et
1303 2930 1447 2965 instituta
1470 2928 1633 2971 sapientias

169 2980 348 3023 inscripsit:
370 2982 451 3016 adeo
468 2988 513 3016 ut
539 2983 623 3017 cives
646 2984 731 3018 haud
758 2985 892 3029 amplios
917 2985 1142 3021 admirarentur
1171 2985 1297 3029 egregia
1325 2984 1380 3018 illa
1408 2983 1634 3027 epigrammata
