1846 3268
204 287 298 338 190]
797 278 1131 319 CONVWIUM.
1589 280 1667 318 407

197 390 288 422 illum
302 391 458 421 honorans
479 387 511 418 in
538 384 683 417 omnibus
708 388 882 420 veneratur,
910 382 964 414 sed
989 382 1068 413 circa
1094 390 1228 412 amorem
1244 380 1372 412 alterum
1398 385 1593 422 pervagatur,
1609 391 1668 412 nec

199 444 303 476 officio
318 453 454 485 congrue
477 450 551 482 erga
573 443 716 481 parentes
738 438 826 468 vivos
850 442 895 468 et
905 436 1075 468 defunctos
1097 441 1130 467 et
1144 446 1217 476 erga
1239 435 1326 466 Deos
1342 434 1448 466 utitur.
1471 435 1527 466 hos
1549 445 1668 466 amores

198 498 373 530 discernere
389 501 484 538 atque
501 503 608 526 curare
634 491 775 523 vaticinii
790 490 984 533 propositum
1002 494 1060 521 est.
1104 489 1184 520 Est·
1175 499 1302 531 insuper
1317 489 1497 520 vaticinium
1523 489 1669 521 amicitiae

203 551 285 582 inter
299 551 387 582 Deos
410 555 443 580 et
463 548 605 579 homines
629 546 748 588 opifex,
770 556 809 576 ex
834 555 873 576 eo
896 544 983 586 quod
999 543 1158 585 intelligit,
1182 543 1236 585 qui
1259 531 1452 585 potissimum
1475 554 1512 575 ex
1527 544 1671 575 humanis

203 605 360 636 amoribus
374 603 421 634 fas
435 608 491 633 aut
505 601 593 633 nefas
620 600 761 642 attingit.
805 599 912 640 Atque
926 598 973 629 ita
993 598 1122 628 multam
1137 602 1170 628 et
1184 597 1360 638 amplam,
1351 607 1446 628 numo
1460 608 1531 629 vero
1548 609 1671 629 omnem

203 658 267 690 vim
283 657 459 689 summatim
477 655 606 698 quidem
623 655 724 686 omnis
739 654 882 685 continet
896 662 1004 683 amor:
1028 652 1083 683 sed
1099 651 1154 694 qui
1177 651 1260 683 circa
1284 652 1367 682 bona
1381 661 1451 683 curn
1468 652 1674 694 temperantia

199 716 233 743 et
243 711 365 754 justitia
383 717 445 741 tarn
460 720 534 751 erga
548 720 605 740 nos
621 719 715 750 quam
743 718 816 749 erga
831 706 918 737 Deos
942 710 1092 742 versatur,
1107 704 1169 735 vim
1191 715 1341 736 summam
1363 705 1459 737 habet
1482 717 1671 749 omnemque

199 766 290 798 nobis
317 765 545 796 beatitudinem
569 763 705 795 exhibet.
729 771 801 792 narn
824 765 857 791 et
878 770 936 790 nos
959 760 1094 791 invicem
1117 759 1276 791 communi
1289 759 1355 790 vita
1368 760 1528 802 conciliat,
1543 765 1576 792 et
1597 761 1671 792 Diis

197 821 334 852 humana
345 825 455 851 natura
467 816 731 861 praestantioribus
747 815 864 847 amicos
876 813 982 847 efficit.
1028 813 1121 845 Forte
1137 819 1168 845 et
1184 814 1252 856 ipse
1271 814 1380 856 multa,
1394 824 1464 856 quae
1479 815 1519 846 ad
1536 814 1670 846 laudau-

200 875 276 906 dum
301 873 448 905 Amorem
475 872 643 914 pertinent,
670 869 892 912 praetermitto:
919 878 1022 910 neque
1047 873 1159 910 sponte
1187 873 1303 900 tamen.
1326 870 1411 911 quod
1436 874 1540 901 autem
1568 870 1671 907 deest,

201 933 290 960 tuum
305 932 364 965 est,
382 926 621 967 Aristophanes,
636 923 807 965 adimplere
822 934 829 954 t
854 922 902 953 vel
919 922 945 954 si
970 922 1059 953 aliter
1074 923 1158 955 hunc
1174 922 1279 954 Deum
1295 923 1447 955 honorare
1468 924 1524 961 vis,
1541 925 1671 961 honora,

203 993 274 1014 cum
290 980 444 1022 singultus
455 980 525 1022 ipse
539 977 715 1012 cessaverit.
740 976 838 1020 [189]
862 975 947 1009 Am.
969 977 1041 1009 Jam
1053 978 1180 1009 sedatus
1192 982 1240 1009 est
1253 989 1260 1008 :
1277 988 1341 1009 non
1354 982 1458 1009 tamen
1469 978 1565 1020 prius,
1576 989 1668 1021 quarn

202 1039 448 1068 sternutamento
462 1032 688 1075 repressissem.
704 1041 767 1073 quo
783 1031 830 1067 fit,
842 1035 878 1062 ut
889 1031 1032 1069 admirer,
1045 1031 1071 1062 si
1087 1041 1224 1073 congrua
1238 1032 1376 1073 corporis
1387 1032 1512 1064 affectio
1526 1033 1672 1075 hujusce-

201 1089 288 1120 modi
305 1089 437 1131 strepitu
460 1093 493 1119 et
508 1086 688 1118 titillatione
700 1085 835 1127 indiget,
846 1085 948 1127 qualis
965 1090 1013 1117 est
1035 1086 1234 1117 sternutatio.
1256 1086 1325 1118 haec
1347 1086 1430 1118 enim
1455 1098 1524 1118 mox
1539 1088 1670 1130 expulit.

203 1143 294 1175 EnY.
317 1143 414 1180 Vide,
442 1152 460 1173 o
485 1142 567 1172 bone
592 1139 833 1182 Aristophanes,
860 1139 938 1181 quid
957 1150 1041 1181 agas.
1075 1140 1171 1171 risum
1187 1144 1296 1172 contra
1319 1145 1349 1172 te
1372 1151 1490 1178 moves,
1504 1142 1578 1173 dum
1594 1143 1671 1175 alios

203 1196 323 1234 irrides,
339 1207 409 1227 cum
431 1195 499 1237 jam
524 1195 665 1226 dicturus
680 1194 735 1231 sis,
751 1198 783 1225 et
798 1194 1025 1225 observatorem
1048 1205 1098 1226 me
1112 1194 1178 1226 fieri
1204 1195 1289 1237 cogis
1312 1195 1461 1227 sermonis
1476 1196 1533 1232 tui.
1548 1197 1574 1227 si
1596 1198 1672 1239 quid

201 1250 282 1281 forte
306 1250 469 1282 fidendum
495 1248 659 1291 protuleris
675 1259 683 1279 ε
707 1258 778 1280 cum
806 1247 863 1279 tibi
889 1247 976 1290 loqui
1004 1258 1111 1280 secure
1139 1248 1243 1280 liceat.
1287 1248 1370 1281 Aru.
1394 1249 1496 1281 Probe
1525 1250 1672 1293 loqueris,

202 1303 423 1346 Eryximache.
446 1303 509 1334 sint
531 1303 592 1334 ista
616 1302 691 1333 mihi
715 1312 778 1333 non
806 1301 912 1333 dicta:
936 1312 976 1333 ne
999 1302 1091 1333 nobis
1117 1301 1275 1334 insidieris
1299 1303 1437 1335 obsecro.
1459 1314 1562 1346 neque
1587 1306 1672 1337 enim

201 1368 320 1396 vereor,
335 1369 375 1390 ne
389 1358 479 1399 quid,
495 1357 580 1399 quod
596 1356 689 1387 risum
708 1360 842 1393 moveat,
859 1355 891 1386 in
906 1356 1042 1387 medium
1058 1356 1184 1388 afferam
1199 1368 1208 1388 ε
1231 1357 1310 1399 (hoc
1334 1357 1416 1388 enim
1440 1357 1545 1389 Musae
1560 1364 1672 1390 nostrae

200 1412 322 1443 lucrum
334 1411 558 1454 propriumque
573 1409 671 1452 esset)
687 1410 741 1441 sed
755 1420 795 1441 ne
811 1410 985 1441 deridenda
996 1410 1160 1451 proferam,
1171 1410 1277 1442 timeo.
1321 1410 1412 1444 ERY.
1435 1411 1556 1443 Emisso
1567 1412 1600 1444 in
1615 1424 1673 1444 nos

197 1465 318 1508 jaculo,
335 1465 576 1507 Aristophanes,
593 1462 742 1505 aufugere
757 1474 874 1505 speras,
898 1468 931 1494 at
946 1469 1082 1496 mentem
1106 1464 1251 1496 dicendis
1266 1465 1391 1503 adhibe,
1415 1471 1562 1509 tanquam
1578 1468 1673 1499 ratio-

202 1530 275 1551 nem
291 1519 446 1551 dictorum
463 1518 603 1549 omnium
620 1517 809 1549 redditurus.
831 1517 912 1548 sorte
927 1527 1013 1559 vero,
1029 1517 1055 1548 si
1069 1517 1235 1556 videbitur,
1259 1523 1290 1550 te
1306 1518 1471 1552 dimittam.
1516 1519 1620 1552 Aliter
1634 1523 1676 1554 de

204 1572 333 1611 Amore,
349 1583 443 1615 quam
459 1577 491 1603 tu
509 1577 542 1603 et
562 1571 746 1609 Pausanias,
763 1571 849 1613 loqui
864 1570 980 1612 cogito.
1003 1571 1082 1603 mihi
1108 1572 1202 1613 plane
1225 1572 1370 1604 videntur
1390 1573 1532 1605 homines
1555 1574 1677 1607 Amoris

202 1627 265 1658 vim
281 1627 409 1658 omnino
425 1628 579 1658 hactenus
596 1626 768 1668 ignorasse.
790 1635 863 1656 narn
887 1625 914 1656 si
930 1635 997 1656 eam
1014 1630 1156 1666 nossent,
1180 1626 1309 1657 delubra
1323 1627 1371 1658 illi
1392 1627 1538 1669 insignia,
1553 1638 1620 1660 aras
1642 1634 1676 1661 et

201 1681 320 1712 hostias
343 1681 547 1712 dedicarent:
571 1690 702 1722 quorum
727 1679 806 1711 nihil
832 1679 881 1710 his
904 1679 1095 1721 temporibus
1111 1680 1224 1721 agitur,
1247 1691 1320 1712 cum
1342 1691 1415 1723 erga
1428 1681 1518 1713 illum
1541 1683 1673 1715 maxime

201 1734 342 1765 omnium
356 1735 519 1766 observare
545 1734 612 1765 haec
628 1734 750 1765 deceat.
796 1733 854 1764 Est
868 1733 951 1764 enim
974 1743 1038 1775 prae
1053 1734 1163 1765 ceteris
1186 1733 1260 1766 Diis
1276 1745 1471 1777 summopere
1493 1736 1599 1778 generi
1613 1738 1670 1768 hu-

202 1799 296 1820 mano
311 1789 484 1826 beneficus,
510 1792 632 1819 curator
646 1792 679 1819 et
694 1792 778 1819 tutor
793 1787 954 1819 hominurn
971 1793 1068 1829 atque
1089 1788 1242 1830 medicus,
1259 1789 1373 1831 quibus
1395 1790 1512 1821 sanatis
1525 1801 1674 1823 summam

202 1853 301 1884 genus
315 1847 455 1874 nostrum
471 1842 654 1874 felicitatem
670 1841 912 1874 nancisceretur.
946 1842 1094 1874 Conabor
1109 1843 1215 1884 itaque
1230 1843 1293 1875 vim
1307 1843 1390 1875 illius
1405 1844 1494 1876 vobis
1505 1855 1674 1887 exponere.

201 1907 257 1928 vos
272 1902 391 1934 autem,
406 1906 477 1938 quae
494 1906 513 1927 a
528 1906 578 1927 me
593 1895 687 1927 hodie
712 1895 887 1938 percipitis,
902 1895 981 1928 alios
1005 1896 1121 1928 deinde
1143 1897 1311 1930 docebitis.
1357 1898 1493 1941 Oportet
1510 1899 1673 1942 imprimis,

202 1950 305 1992 qualis
331 1950 493 1982 hominurn
514 1950 674 1992 quondam
702 1955 814 1982 natura
842 1950 938 1982 fuerit
966 1961 1076 1992 quaeve
1103 1950 1189 1982 illius
1218 1952 1391 1994 passiones,
1417 1952 1678 1988 animadvertere.

201 2014 306 2046 neque
321 2005 404 2036 enim
420 2004 521 2047 qualis
535 2014 620 2036 nunc
636 2009 696 2042 est,
711 2004 785 2036 olim
801 2009 879 2047 erat,
901 2005 957 2037 sed
972 2005 1067 2048 longe
1081 2005 1216 2040 diversa.
1263 2006 1425 2048 Principio
1440 2007 1497 2039 tria
1512 2007 1673 2039 hominurn

201 2063 289 2089 erant
303 2068 431 2100 genera,
446 2068 511 2089 non
528 2058 628 2090 solum
643 2068 715 2100 quae
730 2069 815 2090 nunc
830 2059 907 2097 duo,
922 2070 988 2091 mas
1003 2064 1036 2091 et
1050 2059 1167 2091 femina
1180 2071 1188 2091 ε
1205 2070 1310 2092 verum
1327 2061 1420 2092 etiam
1433 2061 1557 2094 tertium
1570 2063 1673 2104 quod-

201 2112 274 2144 dam
290 2113 410 2154 aderat,
425 2123 463 2144 ex
478 2113 616 2155 utrisque
632 2114 853 2155 compositum,
868 2113 959 2155 cujus
976 2114 1076 2145 solum
1093 2114 1184 2145 nobis
1199 2119 1294 2146 restat
1308 2125 1436 2156 nomen,
1451 2115 1553 2157 ipsum
1569 2116 1674 2157 periit.

149 2157 154 2161 ’
201 2165 434 2208 Androgynum
456 2166 576 2208 quippe
593 2171 667 2198 tunc
682 2172 748 2198 erat
764 2174 797 2198 et
818 2167 925 2209 specie
941 2172 974 2198 et
987 2167 1127 2209 nomine,
1141 2178 1179 2199 ex
1194 2168 1284 2199 maris
1298 2173 1331 2199 et
1350 2168 1475 2200 feminae
1497 2180 1572 2200 sexu
1588 2180 1674 2201 com-

200 2219 343 2253 mixtum.
365 2220 469 2262 ipsum
497 2221 638 2262 profecto
664 2221 792 2258 defecit,
820 2232 937 2253 nomen
963 2222 1063 2252 solum
1088 2221 1205 2254 infame
1232 2222 1385 2255 relictum.
1429 2223 1586 2255 Praeterea
1607 2228 1675 2255 tota

200 2271 354 2315 cujusque
380 2273 514 2304 bominis
539 2274 660 2315 species
686 2279 753 2305 erat
776 2275 922 2312 rotunda,
950 2275 1076 2306 dorsum
1103 2281 1136 2306 et
1159 2276 1254 2307 latera
1281 2277 1397 2309 circum
1419 2277 1549 2315 habens,
1565 2288 1675 2309 manus

199 2331 334 2368 quatuor
350 2327 544 2370 totidemque
561 2338 662 2369 crura,
686 2328 789 2360 vultus
803 2328 879 2360 item
896 2330 975 2360 duos
999 2330 1089 2361 tereti
1112 2330 1232 2362 cervice
1256 2341 1414 2363 connexos
1438 2331 1536 2373 [190]
1559 2326 1592 2363 et
1606 2343 1673 2363 om-

199 2380 276 2411 nino
285 2381 472 2413 consimiles.
487 2387 584 2423 caput
597 2382 735 2424 utrisque
761 2383 897 2415 vultibus
913 2389 1022 2415 contra
1035 2384 1128 2415 versis
1144 2395 1252 2422 unum,
1266 2395 1353 2417 aures
1367 2391 1511 2427 quatuor,
1528 2386 1678 2428 genitalia

200 2434 278 2472 duo,
293 2440 326 2465 et
339 2435 400 2466 alia.
414 2435 550 2478 singula,
566 2441 601 2467 ut
616 2447 653 2468 ex
677 2437 724 2468 his
740 2437 873 2479 quisque
899 2438 1124 2470 convenienter
1150 2439 1328 2481 excogitare
1344 2444 1459 2481 potest.
1502 2440 1676 2471 Incedebat

198 2487 261 2519 hoc
278 2493 354 2519 tunc
365 2493 397 2519 et
413 2494 525 2526 rectus,
542 2495 576 2521 ut
587 2501 685 2532 nunc,
701 2490 732 2521 in
751 2496 849 2522 utram
860 2492 956 2523 vellet
965 2498 1084 2534 partem
1099 2503 1107 2524 :
1126 2497 1159 2523 et
1174 2493 1318 2534 quotiens
1333 2494 1462 2525 celerius
1478 2494 1521 2526 ire
1538 2499 1670 2526 conten-

201 2541 302 2579 deret,
313 2541 413 2572 instar
423 2552 528 2573 eorum
541 2543 596 2584 qui
607 2554 705 2585 prono
716 2545 822 2586 capite
834 2555 922 2576 crura
933 2556 1051 2577 sursum
1068 2546 1319 2578 circumferentes
1332 2547 1513 2579 circularem
1527 2548 1671 2580 choream

200 2600 356 2632 exercent,
382 2600 457 2628 tunc
473 2601 545 2628 octo
563 2598 706 2629 membris
720 2598 846 2630 innixus
861 2600 955 2631 celeri
967 2600 1084 2632 circulo
1101 2601 1266 2632 ferebatur.
1312 2601 1364 2632 Ob
1374 2602 1455 2633 hanc
1467 2612 1538 2633 vero
1549 2612 1673 2634 causam

200 2649 258 2680 tria
267 2659 381 2690 genera
388 2649 500 2680 ettalia
508 2655 608 2687 erant,
620 2651 694 2692 quia
705 2654 874 2684 masculum
886 2653 959 2685 Sole
970 2654 1109 2696 genitum
1118 2659 1201 2695 erat;
1216 2655 1330 2686 femina
1338 2655 1450 2696 Terra;
1464 2655 1672 2697 promiscuum

200 2702 339 2745 denique
355 2703 457 2736 Luna.
481 2704 643 2746 utriusque
659 2706 743 2736 enim
758 2707 850 2738 Luna
866 2712 914 2738 est
927 2708 1098 2750 particeps.
1144 2707 1302 2750 Sphaerica
1324 2719 1396 2740 vero
1419 2714 1507 2741 erant
1521 2715 1553 2740 et
1575 2710 1672 2751 figura

200 2760 234 2788 et
258 2760 356 2794 motu,
380 2756 456 2797 quia
482 2762 644 2798 parentum
669 2758 795 2791 similia.
819 2760 904 2791 unde
928 2768 961 2791 et
986 2761 1114 2792 robusto
1139 2772 1267 2803 corpore
1293 2762 1430 2796 etelato
1452 2763 1556 2794 animo
1572 2767 1672 2794 erant.

201 2820 296 2852 quare
309 2820 381 2842 cum
397 2809 469 2841 Diis
490 2821 629 2852 pugnare
644 2814 808 2845 tentabant
822 2819 855 2846 et
868 2814 901 2845 in
915 2815 1027 2846 coelum
1044 2816 1224 2853 ascendere,
1235 2817 1499 2858 quemadmodum
1516 2817 1556 2847 de
1571 2815 1670 2857 Ερὴί-ι

202 2864 266 2895 alto
295 2869 328 2895 et
351 2863 416 2896 Oto
442 2864 548 2896 scribit
576 2865 742 2899 Homerus.
787 2867 807 2899 J
811 2867 936 2909 uppiter
959 2868 1057 2910 igitur
1084 2878 1208 2911 unaque
1228 2869 1286 2900 Dii
1300 2870 1406 2907 ceteri,
1422 2870 1497 2911 quid
1514 2869 1670 2910 agendum

204 2921 298 2958 esset,
312 2918 579 2951 consultaverunt.
602 2929 665 2961 qua
678 2920 711 2950 in
727 2930 760 2951 re
775 2930 839 2951 non
855 2931 950 2962 parva
965 2921 1066 2952 inerat
1081 2921 1279 2964 ambiguitas.
1300 2933 1372 2954 nam
1387 2933 1490 2964 neque
1505 2921 1670 2953 fulminare

205 2970 346 3004 homines
372 2971 444 3004 illos
470 2978 505 3004 ut
531 2973 675 3017 gigantes
703 2974 848 3018 placebat
862 2984 871 3008 z
897 2974 1051 3009 exstincto
1076 2976 1159 3008 enim
1187 2977 1346 3008 homiuum
1377 2986 1490 3018 genere
1518 2975 1672 3007 humanus
