1846 3268
195 289 290 339 304]
771 284 1072 324 Pou'rlcUS.
1579 285 1656 322 393

190 402 262 423 cum
273 395 333 431 cst,
345 391 428 421 inter
444 399 540 420 unum
556 387 692 420 multave
708 387 844 419 medium
860 387 1002 419 obtinet:
1027 391 1163 418 ceterum
1180 385 1346 418 multorum
1356 385 1657 418 administrationem

187 446 359 476 secundum
376 444 480 475 omnia
495 443 644 480 debilem,
656 447 768 484 utpote
780 452 851 484 quae
863 442 903 474 ad
919 442 994 473 alias
1009 445 1189 483 comparata
1201 440 1277 472 nibil
1290 450 1449 482 magnum,
1460 441 1524 471 sive
1539 441 1654 472 bonum

186 499 291 529 valeat
304 498 369 529 sive
385 498 513 535 malum,
527 501 693 539 propterea
709 496 794 537 quod
810 495 1006 537 magistratus
1019 495 1058 526 ad
1075 495 1187 536 exigua
1203 494 1321 525 redacti
1337 498 1409 524 sunt
1424 494 1456 524 in
1478 494 1655 535 multosque

187 551 290 583 divisi.
335 551 536 592 Quapropter
547 550 754 592 legitimarum
766 549 905 580 omnium
918 559 1019 580 rerum
1035 548 1228 590 publicarum
1241 548 1309 579 haec
1325 547 1488 578 deterrima
1503 551 1570 578 est:
1594 547 1657 578 ini·

188 615 317 647 quarum
339 605 470 646 optima.
515 603 567 636 Ac
592 604 619 636 si
644 614 752 635 omnes
778 604 993 646 intemperatae
1015 603 1088 640 sint,
1103 603 1136 634 in
1161 602 1306 644 populari
1332 607 1458 643 praestet
1483 602 1605 633 vivere:
1630 602 1656 632 si

187 664 367 700 temperatae
384 669 504 696 omnes,
521 659 648 690 minime
671 658 809 689 omnium
832 658 866 689 in
893 657 952 688 ista
967 657 1155 697 vivendum.
1191 656 1231 687 In
1247 657 1346 697 prima
1360 666 1432 687 vero
1445 655 1540 687 vitam
1564 665 1655 696 agere

187 713 381 754 potissimum
397 717 444 744 est
459 718 553 754 atque
569 713 736 754 optimum,
753 715 886 752 excepta
900 711 1043 752 septima.
1088 709 1180 741 Illam
1204 719 1339 751 namque
1362 709 1402 740 ab
1428 708 1572 740 omnibus
1586 708 1656 739 aliis

187 766 478 806 gubernationibus,
492 776 557 797 non
574 766 664 797 aliter
677 775 769 807 quam
785 766 824 796 ab
848 764 1024 795 hominibus
1048 763 1165 800 Deum,
1182 773 1340 795 secernere
1365 763 1468 794 decet.
1513 762 1569 794 So.
1592 762 1653 795 Vi-

185 819 299 850 dentur
315 819 382 850 haec
397 819 442 850 ita
456 819 522 851 lieri
548 824 642 860 atque
669 819 850 860 contingere
865 830 872 848 :
895 822 940 855 et,
955 822 992 848 ut
1015 816 1132 859 inquis,
1148 817 1317 858 agendum.
1364 815 1466 846 Hosr.
1490 815 1607 846 Nonne
1622 820 1656 846 et

185 883 293 904 omnes
306 874 415 904 harum
430 883 530 904 rerum
546 872 741 914 publicarum
756 871 1019 903 administratores
1035 875 1146 912 praeter
1160 871 1270 901 scitum
1284 869 1445 911 prudentis
1460 869 1503 900 rei
1519 868 1654 910 publicae

186 926 360 968 principem
378 937 538 969 segregare
553 927 656 964 decet,
672 930 783 967 utpote
800 926 856 967 qui
877 936 940 957 non
963 925 1025 956 sint
1047 935 1079 956 re
1100 934 1171 955 vera
1186 923 1305 959 civiles,
1321 933 1425 954 verum
1443 922 1595 959 seditiosi,
1612 922 1653 953 si-

185 980 452 1021 mulacrorumque
467 980 641 1021 ingentium
658 979 818 1021 praesides,
833 989 1002 1021 eorumque
1017 978 1199 1020 persimiles,
1216 977 1388 1009 imitatores
1403 976 1538 1013 maximi,
1555 976 1653 1007 maxi-

187 1033 291 1075 mique
315 1032 566 1075 praestigiatores,
581 1034 852 1075 sophistarumque
876 1033 1044 1075 sophistae?
1089 1032 1144 1063 So.
1169 1032 1421 1074 cognomentum
1447 1032 1508 1062 hoc
1533 1030 1583 1067 iis,
1598 1030 1653 1071 qui

184 1087 294 1118 civiles
310 1087 468 1124 dicuntur,
483 1091 661 1129 competere
683 1085 755 1128 jure
771 1086 905 1118 videtur.
950 1086 1058 1118 HosP.
1079 1086 1150 1117 Jam
1174 1086 1302 1117 taudem
1325 1085 1364 1116 ab
1380 1089 1445 1116 arte
1460 1084 1544 1116 civili
1566 1084 1652 1116 Cen-

182 1146 338 1171 taurorum
363 1140 447 1171 illam
469 1141 713 1182 Satyrorumque
737 1141 881 1172 choream
899 1140 948 1171 vix
973 1140 1195 1182 separavimus,
1210 1150 1304 1181 quarn
1331 1150 1424 1181 supra
1446 1149 1570 1170 cernere
1586 1149 1644 1170 nos

182 1193 364 1225 dicebamus
379 1199 446 1225 eta
469 1194 557 1226 civili
580 1195 787 1236 separandam
810 1194 1042 1227 arbitrabamur.
1087 1194 1143 1226 So.
1169 1194 1313 1225 Videtur.
1357 1193 1465 1225 Hesp,
1490 1193 1549 1224 His
1566 1202 1644 1234 prze-

185 1252 269 1278 terea
283 1247 391 1279 durius
405 1248 555 1290 quiddam
570 1253 675 1286 restat,
691 1249 777 1289 quod
800 1259 839 1280 eo
861 1248 1019 1279 difficilius
1042 1258 1060 1279 a
1084 1257 1156 1290 rege
1181 1247 1376 1284 discernitur,
1392 1258 1454 1290 quo
1470 1247 1517 1278 illi
1532 1252 1578 1278 est
1594 1257 1649 1277 na-

184 1305 253 1332 tura
267 1301 467 1342 conjunctius
481 1313 488 1333 =
512 1302 647 1344 ideoque
662 1302 746 1333 idem
763 1302 867 1338 nobis,
881 1302 965 1344 quod
989 1312 1096 1332 aurum
1127 1300 1362 1336 effodientibus,
1378 1300 1546 1342 contigisse
1563 1300 1651 1331 vide-

186 1352 250 1384 turi
290 1354 346 1386 So.
369 1355 668 1392 Quemadmodum?
715 1354 823 1386 Hosr.
845 1355 970 1385 Terram
994 1359 1026 1385 et
1049 1354 1168 1396 lapides
1192 1354 1315 1394 aliaque
1338 1353 1493 1395 permulta
1522 1354 1561 1384 ab
1592 1353 1648 1384 illo

184 1406 316 1446 primum
340 1407 474 1440 artifices
497 1413 659 1450 separant:
684 1412 850 1450 supersunt
876 1412 980 1439 autem
1009 1412 1079 1449 post
1103 1408 1170 1439 haee
1196 1408 1376 1449 cognatiora
1402 1408 1546 1449 quaedam
1575 1417 1650 1438 auro

183 1460 425 1502 pretiosioraque
440 1462 618 1500 commixta,
633 1462 701 1504 igni
717 1462 784 1493 solo
812 1462 851 1493 ab
874 1472 948 1492 auro
978 1452 1181 1498 secernenda,
1197 1472 1250 1498 aes,
1267 1466 1441 1503 argentum,
1457 1461 1647 1503 quandoque

182 1514 275 1544 etiam
291 1515 439 1546 adamas:
463 1525 534 1557 quae
546 1515 596 1546 vix
610 1516 736 1547 tandem
752 1516 836 1547 facto
853 1515 892 1546 ad
910 1515 1012 1557 ignem
1025 1514 1166 1546 examine
1178 1520 1378 1556 segregantur
1390 1515 1646 1556 permittuntque,

182 1577 290 1598 aurum
307 1579 417 1610 purum
434 1573 528 1610 atque
544 1569 695 1601 sincerum
711 1569 744 1600 in
767 1579 800 1599 se
822 1568 893 1610 ipso
916 1568 1062 1599 discerni.
1107 1568 1165 1599 So.
1189 1568 1240 1598 Ita
1265 1569 1306 1599 de
1327 1568 1367 1599 iis
1383 1568 1488 1599 fertur.
1536 1568 1645 1599 Hose.

183 1620 303 1652 Eadem
319 1622 438 1653 ratione
453 1627 486 1653 et
501 1633 557 1654 nos
572 1633 657 1655 nunc
673 1622 812 1654 videmur
826 1632 845 1653 a
861 1622 946 1653 civili
963 1622 1093 1653 scientia
1109 1622 1213 1654 aliena
1234 1626 1267 1653 et
1290 1621 1462 1663 longinqua
1478 1622 1647 1652 admodum

182 1685 364 1716 separasse:
389 1676 572 1708 honoranda
586 1687 659 1708 vero
675 1682 706 1708 et
723 1677 862 1718 proxima
885 1675 1057 1718 reliquisse.
1080 1686 1212 1718 quorum
1235 1686 1272 1707 ex
1296 1686 1425 1706 numero
1448 1680 1495 1706 est
1519 1675 1647 1716 praefec-

183 1735 252 1760 tura
278 1730 445 1767 exercitus,
467 1730 637 1772 judicialis,
652 1730 750 1772 [304]
776 1735 918 1772 praetura,
943 1730 1075 1761 oratoria
1100 1730 1237 1771 dignitas
1260 1740 1331 1761 cum
1355 1729 1439 1771 regia
1462 1730 1646 1760 auctoritate

181 1783 428 1820 communicans,
444 1784 519 1814 dum
534 1784 619 1825 quod
630 1783 751 1825 justum
767 1788 825 1821 est,
843 1784 1022 1824 persuadet,
1037 1788 1069 1814 et
1084 1794 1153 1814 cum
1170 1783 1223 1814 illa
1239 1783 1382 1824 publicas
1407 1794 1453 1813 res
1477 1783 1647 1824 gubernat:

180 1847 252 1878 quae
269 1838 362 1868 modo
377 1838 514 1878 quodam
530 1836 624 1868 facile
640 1847 805 1878 segregans
821 1836 977 1877 quispiam
1002 1837 1120 1868 nudum
1142 1847 1178 1868 ac
1193 1837 1292 1867 solum
1310 1836 1409 1873 illum,
1425 1846 1518 1878 quem
1534 1837 1645 1878 quaeri-

179 1900 259 1925 inus,
288 1889 379 1920 nobis
408 1891 565 1921 ostendet.
622 1890 678 1921 So.
702 1889 798 1920 Haud
823 1889 954 1920 dubium
977 1894 1035 1927 est,
1065 1890 1124 1921 hoc
1154 1890 1240 1920 omni
1270 1890 1374 1920 studio
1406 1890 1645 1931 experiundum.

180 1942 284 1974 uosp.
307 1942 516 1984 Experientiae
528 1943 656 1985 quidem
680 1953 775 1974 causa
784 1943 938 1984 patefiet:
964 1953 1019 1984 per
1043 1943 1191 1974 musicam
1208 1954 1279 1974 vero
1304 1944 1515 1974 demonstrare
1540 1944 1644 1985 ipsum

178 1997 405 2038 aggrediamur.
426 2007 463 2029 ac
489 1997 564 2027 mihi
591 1998 689 2028 dicas.
732 1997 786 2030 So.
811 1996 897 2033 Quid
923 1997 1050 2028 dicam?
1096 1997 1205 2029 Hosr.
1230 1997 1283 2028 An
1300 2001 1347 2028 est
1362 1997 1531 2039 disciplina
1553 1997 1644 2030 nobis

177 2050 284 2091 aliqua
310 2050 436 2082 musicae
467 2051 629 2087 artiumve,
660 2060 731 2092 quae
759 2060 909 2081 mannum
937 2050 1108 2081 ministerio
1136 2061 1216 2092 opus
1248 2051 1422 2092 peragunt?
1482 2051 1539 2083 So.
1576 2051 1645 2084 Est.

179 2103 284 2136 Hos».
308 2103 421 2135 Utrum
436 2104 576 2136 dicemus
591 2104 675 2136 circa
690 2105 757 2136 haee
773 2104 878 2136 omnia
893 2104 1054 2137 scientiam
1081 2105 1214 2147 aliquam
1238 2116 1317 2142 esse,
1333 2115 1404 2146 quae
1430 2106 1554 2142 doceat,
1571 2116 1643 2147 quae

179 2157 289 2187 artium
305 2157 456 2189 discenda
470 2158 523 2198 sit,
538 2168 609 2199 quae
624 2158 750 2188 minime
765 2158 776 2188 ?
819 2158 875 2191 So.
899 2158 976 2190 Esse
991 2158 1085 2200 plane
1100 2159 1252 2190 dicemus.
1298 2158 1406 2189 Hosr.
1430 2157 1547 2190 Nonne
1562 2160 1644 2191 hanc

179 2210 218 2240 ab
234 2210 305 2240 aliis
316 2221 384 2242 esse
400 2210 573 2242 diversam?
619 2211 676 2243 So.
700 2211 743 2241 Et
763 2212 834 2242 hoc.
878 2211 986 2244 HosP.
1011 2211 1121 2242 Utrum
1137 2211 1272 2252 ipsarum
1298 2211 1415 2242 nullam
1435 2211 1524 2243 alteri
1541 2213 1642 2244 domi-

178 2263 257 2299 nari,
273 2273 311 2294 an
328 2264 402 2295 huic
416 2263 496 2302 illas,
511 2275 551 2295 an
569 2265 673 2306 potius
687 2265 770 2296 hanc
786 2264 924 2295 omnium
941 2265 1181 2305 procuratricem
1197 2264 1267 2295 aliis
1283 2264 1447 2305 praesidere
1462 2269 1556 2306 atque
1571 2266 1642 2297 aliis

178 2316 286 2357 ntique
299 2316 450 2358 imperare
465 2317 605 2349 dioemus
619 2327 700 2354 eam,
716 2327 786 2358 quae
802 2317 842 2348 de
855 2317 984 2358 singulis
996 2317 1126 2354 artibus,
1141 2328 1211 2359 quae
1227 2318 1385 2349 discendae
1401 2323 1484 2355 sunt,
1497 2329 1567 2360 quae
1577 2329 1642 2350 non

177 2369 351 2412 discendae,
365 2370 545 2413 dijudicat?
589 2371 632 2402 Et
658 2371 785 2402 docenti
808 2371 905 2413 igitur
931 2377 964 2403 et
988 2371 1120 2403 discenti
1138 2372 1289 2413 imperare
1303 2371 1390 2403 illam
1404 2372 1536 2404 asseris?
1582 2373 1640 2406 So.

179 2422 319 2454 Prorsus.
361 2423 468 2457 Hosr.
491 2425 533 2456 Et
546 2435 627 2462 eam,
642 2435 713 2467 quae
724 2425 849 2466 judicat
864 2426 1155 2466 persuadendumne
1172 2426 1211 2456 sit
1221 2435 1262 2456 an
1278 2435 1354 2463 non,
1369 2425 1415 2456 illi
1428 2436 1500 2467 quae
1514 2437 1640 2468 persua-

176 2477 249 2507 dere
275 2478 398 2517 potest?
442 2478 498 2510 So.
522 2479 668 2516 Quidni?
713 2479 821 2510 HosP.
843 2479 1078 2511 Pei-suasionem
1103 2479 1200 2517 illam,
1216 2489 1287 2520 quae
1312 2479 1352 2510 ad
1378 2480 1497 2511 turbam
1521 2480 1557 2510 fit
1583 2491 1639 2521 per

177 2527 463 2561 confabulationem
488 2533 644 2572 quandam
668 2532 977 2574 exhortationemque
1000 2533 1104 2574 potius
1130 2543 1222 2574 qnam
1249 2534 1435 2573 doctrinam,
1451 2534 1500 2565 cui
1518 2533 1643 2574 potissi·

181 2592 262 2613 mum
280 2582 418 2614 scientias
432 2584 623 2616 tribuemus?
669 2585 726 2617 So.
751 2586 896 2624 Constat,
914 2586 1054 2617 oratoriae
1070 2586 1264 2617 tribuendam
1286 2597 1364 2617 esse.
1409 2586 1516 2618 Hesp,
1540 2586 1641 2627 Cujus

176 2636 248 2666 artis
262 2635 396 2667 officium
412 2636 556 2675 dicimus,
569 2637 711 2679 judicare
728 2645 828 2670 utrum
845 2641 876 2671 vi
891 2650 930 2670 an
947 2641 1147 2682 persuasione
1163 2639 1221 2677 uti,
1237 2644 1269 2670 et
1284 2640 1316 2670 in
1332 2639 1445 2681 quibus
1460 2645 1492 2671 et
1507 2641 1547 2671 ad
1560 2650 1638 2681 quos

180 2689 226 2719 uti
242 2689 376 2720 deceat?
422 2689 479 2722 So.
503 2690 594 2732 Ejus,
607 2703 679 2734 quae
705 2693 915 2734 persuadendi
942 2694 1132 2735 dicendique
1159 2693 1279 2735 peritiae
1295 2694 1484 2725 dominatur.
1509 2693 1639 2723 -HosP.

178 2742 236 2773 Est
251 2747 353 2773 autem
367 2753 417 2779 ea,
432 2747 468 2773 ut
482 2744 622 2783 arbitror,
644 2745 706 2776 alia
728 2746 815 2777 nulla
839 2753 948 2788 praeter
970 2747 1071 2779 civilis
1086 2747 1220 2778 hominis
1235 2747 1427 2778 facultatem.
1473 2746 1529 2777 So.
1553 2746 1636 2776 1³1ae-

176 2795 270 2826 clare.
313 2795 421 2826 ΗοεΡ.
444 2796 495 2828 Sic
518 2807 592 2838 ergo
615 2798 718 2829 statim
741 2801 875 2831 oratoria
896 2811 915 2831 a
941 2800 1027 2832 civili
1050 2801 1198 2832 distincta
1214 2801 1346 2838 videtur,
1363 2806 1398 2830 ut
1418 2800 1479 2831 alia
1492 2798 1636 2839 quaedam

177 2848 310 2889 species,
323 2849 406 2881 civili
422 2849 623 2882 nihilominus
639 2852 787 2884 serviens.
831 2854 887 2884 So.
910 2854 1014 2886 Certe.
1061 2854 1168 2886 HosP.
1193 2854 1277 2891 Quid
1302 2854 1434 2895 insuper
1449 2854 1488 2883 de
1504 2853 1562 2882 hac
1578 2862 1636 2893 po-

178 2903 276 2933 tentia
304 2903 530 2944 cogitandum?
585 2905 642 2937 SO.
663 2906 758 2943 Qua?
813 2907 922 2939 HosP.
940 2902 1021 2946 'Qua
1050 2916 1224 2950 pugnamus
1253 2908 1399 2938 adversus
1428 2917 1493 2943 eos,
1522 2905 1636 2946 quibus

179 2954 292 2987 bellum
308 2956 485 2990 indiximus.
507 2968 582 2990 num
605 2958 802 2992 artificiosam
830 2961 910 2992 hanc
936 2971 976 2992 an
1003 2961 1082 2997 artis„
1099 2966 1255 3003 expertem
1277 2971 1345 2993 esse
1370 2959 1533 2991 dicemus?
1580 2958 1634 2990 So.

271 3009 358 3042 Plat.
384 3012 439 3044 Tr.
884 3014 912 3046 1.
1472 3015 1491 3043 3
1515 3011 1546 3042 D
