1846 3268
247 257 323 295 128
842 258 1110 300 PLATole
1617 266 1715 318 [ιω

246 372 353 405 bitur?
396 369 506 405 Nullo.
550 370 647 410 Quod
663 380 736 403 vero
747 370 866 403 moveri
875 371 999 414 nequit,
1010 371 1148 414 quietem
1158 382 1250 414 agere
1260 382 1388 407 necesse
1407 379 1455 406 est
1472 384 1481 406 t
1505 378 1538 406 et
1549 374 1635 417 quod
1647 374 1718 417 qui-

243 427 337 465 escit,
351 427 531 460 consistere.
577 425 728 458 Necesse.
773 425 874 467 Igitur
886 436 994 463 unum,
1010 426 1109 458 sinon
1122 432 1181 465 est,
1194 432 1256 459 stat
1265 433 1359 470 atque
1375 433 1528 460 movetur.
1568 428 1717 463 Videtur.

245 481 334 520 Quin
348 481 444 514 etiam
459 481 485 512 si
499 483 653 520 movetur,
668 489 795 511 necesse
810 484 858 510 est
873 480 1089 522 proculdubio
1104 480 1238 514 alterari.
1252 487 1408 524 quatenus
1423 482 1506 515 enim
1515 482 1593 524 quid
1610 492 1717 514 move-

244 541 306 574 tur,
332 535 429 577 [163]
453 540 583 566 eatenus
594 545 659 566 non
670 534 783 565 eodem
799 534 905 573 modo,
915 544 978 576 quo
990 535 1087 576 prius,
1099 536 1155 567 sed
1163 535 1225 567 alio
1236 546 1304 568 sese
1316 537 1422 568 habet.
1465 536 1578 569 Plane.
1630 535 1715 579 Ergo

245 598 355 626 unum,
367 589 442 626 dum
455 593 608 625 movetur,
620 587 715 619 etiam
727 587 885 619 alteratur.
929 587 1089 621 Profecto.
1134 588 1357 622 Verumtamen
1373 591 1460 622 nullo
1471 591 1567 622 modo
1583 595 1716 628 motum,

245 643 335 674 nullo
364 643 458 674 modo
488 641 646 674 alteratur.
690 641 790 674 Nullo
815 641 954 684 penitus.
1014 643 1225 680 Quamobrem
1253 655 1349 676 unum
1371 646 1457 687 quod
1480 654 1546 676 non
1568 650 1627 683 est,
1653 654 1718 686 qua

244 697 374 739 quidem
389 701 543 739 movetur,
558 697 677 739 absque
692 697 790 728 dubio
806 697 974 730 alteratur:
999 707 1063 739 qua
1077 708 1149 729 vero
1164 708 1228 729 non
1243 703 1396 736 movetur,
1413 699 1540 730 minime
1555 698 1715 733 alteratur.

244 751 394 784 Minime.
437 750 581 792 Ideoque
595 761 692 781 unum
708 750 734 782 si
748 761 814 782 non
829 751 881 793 sit,
895 751 1053 789 alteratur,
1068 756 1162 794 atque
1176 752 1270 783 etiam
1286 753 1415 784 minime
1431 753 1589 786 alteratur.
1625 752 1715 785 Con·

244 811 317 838 stat.
361 805 458 844 Quod
474 805 603 848 quidem
629 804 788 842 alteratur,
812 815 852 837 an
876 815 941 836 non
962 805 1104 843 alterum,
1131 817 1225 849 quam
1251 811 1358 849 antea,
1381 807 1462 846 fieri,
1485 807 1716 850 pristinumque

243 860 386 892 habiturn
402 870 515 900 exuere
530 858 676 901 oportet?
699 859 785 900 quod
810 869 883 890 vero
898 869 963 890 non
985 858 1147 898 alteratur,
1163 871 1222 892 nec
1237 861 1316 899 fieri,
1333 872 1437 903 neque
1451 862 1547 894 etiam
1561 862 1714 894 interire?

242 913 430 955 Necessario
451 913 603 956 sequitur.
648 912 744 944 Unde
759 923 856 943 unum
872 913 958 954 quod
973 923 1037 944 non
1053 919 1112 951 est,
1141 915 1216 956 quia
1232 915 1391 953 alteratur,
1406 915 1539 948 efficitur
1558 927 1596 948 ac
1612 916 1711 959 perit:

243 969 320 1012 quia
333 979 406 1001 vero
421 979 485 1000 non
501 968 660 1009 alteratur,
672 977 732 1002 nec
748 967 795 1004 fit,
817 977 877 999 nec
892 967 1009 998 interit.
1028 972 1122 1010 atque
1138 968 1182 999 ita
1209 974 1243 1000 et
1266 969 1302 1000 fit
1324 970 1440 1011 pariter
1467 975 1564 1013 atque
1585 971 1711 1003 interit:

243 1033 409 1064 rursusque
424 1033 528 1064 neque
543 1021 590 1061 fit,
615 1031 719 1063 neque
739 1020 857 1052 interit.
901 1022 955 1052 Sic
983 1027 1041 1053 est.
1088 1022 1209 1054 Rursus
1229 1023 1298 1065 jam
1322 1025 1363 1055 ad
1387 1025 1579 1067 principium
1604 1025 1714 1057 redea-

244 1088 326 1115 mus,
341 1077 464 1119 liquido
478 1075 663 1119 inspecturi,
685 1080 788 1107 utrum
803 1075 871 1107 haec
886 1076 1066 1118 deinceps,'
1077 1078 1342 1118 quemadmodum
1366 1079 1530 1116 hactenus,
1549 1089 1590 1110 an
1614 1078 1715 1118 aliter,

245 1143 315 1165 esse
338 1131 515 1163 videantur.
560 1130 675 1173 Operae
701 1130 834 1172 pretium
861 1130 922 1162 hoc
949 1135 1006 1162 est.
1050 1130 1169 1162 Nonne
1191 1131 1259 1173 jam
1286 1132 1499 1170 disseruimus,
1531 1133 1608 1175 quid
1633 1133 1717 1166 circa

245 1198 343 1219 unum
365 1186 500 1223 accidat,
527 1185 553 1216 si
567 1184 670 1227 ipsum
685 1184 812 1217 minime
828 1184 869 1215 sit
882 1185 892 1215 ?
938 1184 1163 1217 Disseruimus.
1209 1187 1255 1218 At
1269 1187 1394 1228 quoties
1419 1197 1483 1218 non
1508 1197 1564 1218 ens
1588 1187 1718 1230 proferi-

243 1253 325 1279 mus,
352 1240 430 1272 nihil
446 1239 532 1272 aliud
553 1239 645 1271 nobis
666 1239 835 1281 significat,
860 1249 954 1281 quarn
970 1240 1115 1271 essentiae
1132 1240 1306 1272 absentiam
1321 1242 1360 1272 ab
1384 1241 1452 1284 illo,
1475 1241 1560 1283 quod
1585 1231 1715 1284 quidem

245 1307 310 1328 non
324 1306 391 1327 esse
407 1295 655 1337 pronuntiamus.
698 1293 754 1325 Nil
769 1293 869 1325 aliud.
913 1293 1027 1325 Utrum
1042 1295 1171 1336 quando
1188 1295 1322 1326 dicimus
1340 1306 1405 1327 non
1420 1292 1488 1327 esse
1503 1295 1636 1338 aliquid,
1657 1296 1716 1327 ali-

244 1361 309 1393 quo
324 1350 419 1382 modo
434 1350 537 1392 ipsum
552 1359 616 1380 non
630 1359 698 1380 esse
721 1348 938 1390 intelligimus,
963 1348 1070 1391 aliquo
1098 1349 1192 1381 modo
1218 1349 1310 1381 esse?
1333 1360 1373 1380 an
1397 1349 1503 1392 potius
1528 1350 1589 1382 hoc
1610 1350 1715 1392 ipsum

244 1405 322 1438 Non
336 1411 397 1446 est,
413 1405 538 1448 quoties
549 1404 782 1446 pronuntiatur,
810 1403 995 1446 simplicitet
1016 1403 1185 1446 significat,
1209 1404 1295 1446 quod
1311 1404 1400 1436 nullo
1414 1415 1538 1446 prorsus
1553 1405 1648 1436 modo
1664 1415 1716 1436 us-

244 1471 339 1503 quam
354 1465 402 1492 est
416 1472 423 1491 :
446 1464 478 1492 et
489 1470 559 1492 cum
576 1469 640 1490 non
656 1459 707 1496 sit,
729 1458 816 1490 nulla
831 1469 869 1490 ex
895 1463 985 1500 parte
1007 1464 1055 1490 est
1069 1459 1214 1491 essentiae
1230 1459 1354 1501 capax?
1400 1459 1556 1490 Absolute
1572 1459 1603 1491 id
1619 1459 1717 1501 signi-

243 1515 330 1547 fleat.
374 1514 489 1557 Neque
503 1523 577 1555 ergo
593 1524 661 1545 esse
675 1513 778 1555 ipsum
795 1523 930 1544 nonsens
945 1512 1076 1554 poterit,
1094 1523 1198 1555 neque
1222 1512 1285 1544 alio
1310 1523 1469 1555 quoquam
1494 1513 1588 1544 modo
1609 1523 1715 1545 essen-

243 1570 319 1601 tiam
335 1569 498 1610 attingere.
539 1567 692 1598 Minime.
737 1566 820 1596 Fieri
835 1571 940 1596 autem
956 1570 990 1596 et
1003 1566 1129 1596 interire
1145 1577 1219 1596 num
1243 1567 1331 1597 aliud
1357 1571 1418 1603 est,
1441 1576 1536 1609 quam
1550 1567 1628 1599 illud
1643 1567 1715 1610 qui-

244 1624 317 1655 dem
332 1622 498 1654 essentiam
514 1620 670 1662 accipere,
697 1620 759 1651 hoc
781 1624 887 1650 autem
911 1618 1078 1651 amittere?
1122 1619 1179 1651 Nil
1205 1619 1301 1652 aliud.
1347 1620 1431 1663 Ergo
1446 1620 1498 1653 cui
1513 1621 1601 1653 nulla.
1619 1621 1715 1663 hujus

244 1688 316 1720 pars
331 1676 498 1709 convenire
512 1678 629 1717 potest,
637 1683 798 1715 nunquam
814 1678 869 1704 aut
894 1672 1012 1714 accipit
1034 1673 1146 1715 ipsam,
1172 1679 1227 1705 aut
1251 1673 1378 1708 amittit.
1420 1674 1605 1718 Nunquam.
1647 1675 1715 1708 Uni

245 1742 332 1773 ergo,
348 1735 512 1772 postquam
528 1727 617 1760 nullo
629 1728 725 1759 modo
741 1732 801 1769 est,
816 1737 920 1770 neque
935 1727 1087 1764 nancisci,
1103 1738 1206 1770 neque
1222 1728 1371 1770 abjicere,
1387 1739 1489 1772 neque
1499 1729 1605 1772 aliquo
1617 1735 1714 1772 pacto

244 1785 411 1817 essentiam
422 1794 535 1826 capere
544 1783 706 1816 convenit.
751 1782 880 1814 Decens
895 1786 954 1814 est.
997 1781 1029 1814 N
1032 1793 1074 1813 on
1088 1782 1198 1825 itaque
1212 1781 1319 1815 interit
1332 1783 1435 1825 ipsum
1446 1794 1555 1822 unum,
1566 1794 1638 1817 cum
1648 1795 1714 1819 non

244 1841 298 1878 sit,
309 1849 414 1881 neque
428 1838 476 1876 fit,
490 1842 602 1879 utpote
617 1837 704 1880 quod
718 1836 805 1868 nulla
814 1847 851 1868 ex
864 1841 951 1879 parte
961 1841 1010 1868 est
1021 1837 1164 1868 essentiae
1175 1847 1286 1879 capax.
1330 1836 1406 1869 Non
1421 1837 1555 1872 videtur.
1598 1837 1716 1882 Neque

244 1905 347 1928 rursus
373 1894 479 1935 aliquo
500 1897 597 1935 pacto
621 1892 777 1924 alteratur.
798 1891 867 1933 jam
891 1891 974 1923 enim
990 1898 1023 1923 et
1036 1891 1136 1930 fieret,
1158 1897 1192 1923 et
1216 1892 1344 1934 periret,
1369 1892 1397 1924 si
1415 1892 1476 1924 hoc
1502 1892 1569 1934 pati
1594 1899 1714 1936 posset.

244 1949 377 1983 Verum.
421 1947 454 1979 Si
470 1947 596 1978 minime
611 1946 770 1984 alteratur,
785 1956 825 1977 an
840 1957 905 1978 non
928 1946 1021 1978 etiam
1036 1956 1164 1978 necesse
1178 1951 1227 1978 est
1240 1957 1439 1989 nequaquam
1459 1946 1575 1979 moveri
1588 1948 1600 1979 ἓ
1645 1947 1714 1980 Ne·

246 2014 345 2037 cesse.
389 2001 505 2044 Neque
520 2006 627 2033 tamen
641 2006 721 2033 stare
737 2001 865 2039 alieubi,
891 2001 978 2043 quod
995 2000 1082 2032 nullo
1104 2001 1199 2032 modo
1227 2005 1288 2042 est,
1312 2011 1494 2034 asseremus.
1517 2001 1604 2044 quod
1628 2002 1714 2035 enim

244 2063 319 2097 stat,
342 2058 375 2089 iu
399 2056 504 2100 aliquo
519 2057 631 2089 eodem
644 2066 765 2099 semper
779 2066 847 2088 esse
863 2060 996 2098 oportet.
1041 2054 1185 2093 Quidni?
1231 2055 1283 2087 Sic
1306 2055 1401 2098 plane
1422 2055 1526 2097 ipsum
1547 2066 1620 2088 cum
1645 2066 1713 2088 non

245 2113 297 2150 sit,
311 2122 474 2154 nunquam
488 2116 543 2143 aut
557 2116 650 2149 stare,
677 2115 732 2143 aut
756 2110 874 2143 moveri
888 2109 1065 2142 fatebimur.
1111 2109 1294 2152 Nunquam.
1339 2110 1495 2143 Praeterea
1516 2110 1595 2142 nihil
1608 2121 1646 2144 ex
1661 2111 1716 2151 iis,

246 2178 317 2210 quae
333 2171 418 2204 sunt,
433 2166 478 2198 illi
493 2165 595 2198 adest.
614 2164 681 2207 jam
697 2165 779 2197 enim
796 2165 932 2198 essentia
945 2164 1158 2207 participaret,
1175 2170 1288 2207 utpote
1304 2165 1390 2207 quod
1413 2164 1546 2207 alicujus
1560 2165 1715 2198 exsisten-

246 2223 286 2254 tis
300 2226 382 2253 esset
396 2221 566 2263 particeps.
591 2219 689 2262 [164]
712 2220 918 2252 Manifestum
935 2225 994 2254 est.
1039 2219 1116 2250 Non
1141 2219 1327 2261 magnitudo
1348 2219 1442 2262 igitur
1456 2219 1515 2258 illi,
1530 2229 1594 2252 non
1609 2219 1714 2262 parvi-

245 2281 304 2314 tas,
320 2286 384 2307 non
400 2275 562 2317 aequalitas
577 2274 705 2307 accidit.
748 2273 824 2306 Non
841 2274 994 2316 profecto.
1038 2273 1101 2304 Sed
1116 2273 1217 2305 nihilo
1234 2273 1332 2316 magis
1347 2273 1533 2312 similitudo,
1548 2278 1605 2305 aut
1612 2274 1714 2306 diver-

243 2330 320 2362 sitas
332 2328 391 2367 illi,
405 2329 455 2360 vel
472 2329 512 2360 ad
528 2329 602 2366 alia,
615 2328 667 2360 vel
681 2329 723 2360 ad
738 2339 771 2360 se
794 2328 899 2370 ipsum
923 2327 1035 2359 aderit.
1081 2326 1292 2370 Nequaquam
1306 2327 1441 2360 videtur.
1486 2327 1574 2360 Num
1596 2332 1630 2360 et
1650 2329 1714 2361 alia

243 2383 309 2415 ullo
324 2383 419 2414 modo
434 2381 480 2413 illi
491 2393 559 2414 esse
573 2386 732 2424 poterunt,
748 2392 818 2414 cum
835 2381 913 2413 nihil
927 2390 1050 2422 prorsus
1066 2380 1126 2422 ipsi
1138 2392 1207 2413 esse
1221 2382 1339 2424 queat?
1383 2381 1478 2413 Haud
1494 2381 1580 2414 licet.
1623 2381 1713 2420 Qua-

243 2443 371 2480 propter
395 2437 457 2469 alia
478 2447 542 2468 non
565 2436 676 2468 similia
696 2436 754 2474 illi,
782 2446 846 2467 non
869 2435 1044 2476 dissimilia,
1072 2445 1136 2466 non
1160 2436 1284 2473 eadem,
1310 2446 1374 2466 non
1389 2435 1486 2467 altera
1504 2440 1590 2468 sunt.
1634 2435 1712 2469 Non

242 2502 329 2524 sane.
373 2490 427 2522 An
441 2502 513 2523 vero
529 2491 632 2533 ipsum
647 2491 732 2533 quod
749 2490 845 2528 illius,
860 2490 909 2522 vel
923 2489 1024 2532 ipsum
1040 2490 1126 2532 quod
1143 2489 1200 2527 illi,
1217 2489 1266 2520 vel
1283 2490 1373 2531 quid,
1386 2489 1435 2522 vel
1450 2490 1524 2528 hoc,
1538 2490 1588 2522 vel
1604 2490 1712 2534 hujus,

242 2546 292 2578 vel
305 2545 442 2584 alterius,
457 2545 507 2577 vel
523 2546 624 2587 alteri,
639 2550 694 2577 aut
708 2545 880 2588 quondam,
896 2549 951 2576 aut
970 2544 1134 2586 deinceps,
1150 2549 1206 2575 aut
1220 2554 1318 2585 nunc,
1333 2555 1388 2576 seu
1404 2543 1548 2586 scientia,
1563 2543 1629 2576 sive
1643 2545 1715 2587 opi.

242 2600 309 2637 nio,
325 2600 391 2631 sive
407 2610 528 2637 sensus,
551 2611 590 2631 an
607 2610 718 2638 sermo,
744 2610 784 2631 an
800 2610 931 2641 nomen,
952 2609 993 2631 an
1008 2598 1093 2630 aliud
1109 2598 1243 2641 quodvis
1259 2608 1296 2629 ex
1312 2598 1362 2636 iis,
1377 2608 1448 2641 quoe
1463 2603 1548 2637 sunt,
1563 2598 1648 2632 circa
1661 2599 1714 2642 ip-

242 2665 309 2686 sum
325 2654 412 2696 quod
426 2654 553 2686 minime
568 2659 629 2694 est,
644 2654 792 2687 exsistet?
837 2654 988 2687 Minime.
1034 2653 1094 2685 His
1108 2653 1204 2695 igitur
1218 2653 1390 2685 rationibus
1405 2663 1515 2692 unum,
1530 2653 1558 2685 si
1571 2662 1636 2685 non
1652 2658 1712 2691 est,

241 2708 329 2740 nullo
343 2718 466 2750 prorsus
480 2709 574 2739 modo
591 2714 645 2740 aut
661 2719 791 2751 usquam
808 2719 875 2740 sese
890 2709 997 2741 habet.
1042 2707 1119 2740 Non
1135 2718 1208 2739 sane
1229 2708 1352 2739 videtur
1365 2707 1430 2739 ullo
1450 2707 1557 2746 modo,
1580 2711 1636 2739 aut
1659 2718 1712 2739 us-

242 2773 336 2805 quam
352 2773 420 2795 sese
435 2762 560 2794 habere.
604 2762 703 2794 Estne
719 2764 829 2795 iterum
846 2763 1084 2806 disputandum,
1105 2773 1201 2793 unum
1229 2763 1253 2793 si
1269 2773 1334 2794 non
1349 2767 1409 2803 est,
1428 2761 1506 2804 qnid
1521 2760 1584 2792 alia
1597 2766 1711 2803 praeter

242 2828 339 2849 unum
356 2817 421 2859 pati
436 2817 602 2858 oporteat?
649 2817 898 2860 Disputandum.
945 2817 1082 2849 Primum
1099 2817 1193 2859 igitur
1207 2821 1240 2848 et
1257 2816 1319 2848 alia
1341 2825 1409 2848 esse
1430 2815 1476 2847 ita
1489 2819 1625 2858 oportet.
1647 2815 1710 2848 nisi

241 2871 325 2904 enim
341 2871 402 2903 alia
417 2872 492 2909 sint,
507 2872 590 2902 haud
607 2881 681 2903 sane
697 2873 737 2904 de
753 2872 829 2914 ipsis
845 2871 914 2903 aliis
930 2872 1139 2904 dissereretur.
1185 2871 1237 2903 Sic
1252 2876 1310 2904 est.
1354 2869 1397 2901 Et
1412 2869 1438 2901 si
1463 2870 1504 2901 de
1519 2868 1588 2901 aliis
1608 2879 1709 2901 sermo

242 2927 291 2968 fit,
305 2926 365 2958 alia
378 2925 520 2968 profecto
537 2925 635 2957 altera
649 2931 732 2957 sunt.
755 2936 795 2958 an
813 2935 877 2957 non
892 2926 933 2958 ob
946 2926 1028 2958 idem
1045 2926 1146 2968 ipsum
1163 2925 1248 2957 aliud
1264 2930 1297 2956 et
1318 2924 1419 2966 ipsum
1446 2923 1577 2956 alterum
1597 2923 1710 2967 appel-

241 2980 309 3013 las?
355 2980 521 3023 Equidem.
569 2979 711 3013 Alterum
728 2990 832 3012 nonne
849 2981 889 3012 ab
905 2981 1001 3013 altero
1017 2981 1159 3020 alterum,
1175 2985 1206 3012 et
1223 2979 1309 3011 aliud
1326 2979 1364 3011 ab
1385 2978 1446 3011 alio
1463 2977 1560 3017 aliud,
1578 2988 1644 3011 esse
1659 2977 1710 3010 di-
