1832 3256
209 240 259 280 14
782 231 1050 274 PLATONIS
1562 235 1657 287 [251

204 340 303 383 [251]
322 350 382 373 nec
396 339 497 378 timet,
511 349 572 372 nec
586 337 741 371 erubescit
755 337 948 379 voluptatem
964 339 1075 377 praeter
1087 338 1230 366 naturam
1252 334 1374 368 secturi.
1415 334 1478 367 Sed
1494 335 1549 382 qui
1563 344 1665 379 nuper

203 395 348 437 expiatus
362 399 411 427 est
423 394 528 431 sacris,
537 393 632 436 quive
643 391 813 434 aliquando
827 395 876 422 est
887 390 1020 432 plurima
1033 388 1278 430 contemplatus,
1287 388 1416 430 quando
1427 390 1548 420 vultum
1555 389 1664 421 diviua

204 449 303 481 forma
317 449 465 481 decorum
490 447 588 484 videt,
611 451 685 488 apte
707 446 806 487 ipsam
828 443 1093 486 pulchritudinem
1117 442 1283 482 imitatum,
1303 442 1354 473 vel
1376 442 1512 485 aliquam
1527 443 1664 485 corporis

205 503 354 546 speciem,
375 503 474 545 primo
501 501 629 544 quidem
655 500 768 536 horret,
794 503 958 540 metusque
983 497 1153 539 priscorum
1178 495 1292 538 aliquis
1317 495 1353 527 in
1378 506 1450 528 eum
1472 496 1664 543 revolviturs

206 556 323 588 deinde
346 556 530 598 inspiciens,
555 560 704 597 tanquam
725 552 830 585 Deum
857 552 935 584 colit
948 564 956 583 :
980 561 1030 588 ac,
1054 550 1115 582 nisi
1141 554 1297 582 vereretur
1320 551 1514 582 vehementis
1530 550 1663 582 insaniae

205 610 335 648 crimen,
351 620 438 642 sacra
451 609 561 641 amatis
574 618 639 640 non
653 608 753 645 aliter,
768 617 862 650 quam
876 606 941 638 Dei
955 610 1080 646 statuae,
1102 605 1231 637 faceret.
1274 603 1450 637 intuentem
1473 615 1545 637 vero
1557 603 1662 651 ipsum

205 663 295 695 velut
309 674 346 695 ex
360 664 496 702 horrore,
511 663 711 705 permutatio,
726 662 831 699 sudor,
846 665 879 692 et
893 661 984 691 ardor
998 659 1142 690 insolitus
1156 663 1304 700 occupat.
1347 659 1475 700 quando
1490 658 1574 691 enim
1589 658 1663 701 pul-

206 717 393 750 chritudiuis
415 717 567 749 influxum
592 727 649 759 per
673 716 779 748 oculos
807 714 934 756 accipit,
959 713 1074 751 calefit,
1102 723 1166 755 quo
1188 722 1360 754 pennarum
1377 718 1488 744 natura
1496 712 1663 754 irrigatur:

206 775 372 813 postquam
386 781 459 802 vero
473 771 615 808 incaluit,
631 770 809 812 liquescunt
822 779 893 811 quae
908 768 948 799 ad
964 767 1186 810 pullulandurn
1209 770 1364 808 spectant,
1379 774 1514 808 quaeque
1527 760 1584 797 diu
1598 770 1666 808 pm

206 824 320 855 duritie
333 829 510 867 compacta,
524 824 641 856 exitum
654 822 798 865 germinis
812 822 1012 854 cohibebant.
1055 821 1118 852 Ubi
1131 826 1234 852 nutem
1246 820 1405 852 influxerit
1413 820 1574 862 alimonia,
1585 829 1666 862 pen*

206 887 316 909 narum
339 879 487 919 germina,
505 877 573 920 jam
595 878 636 909 ab
658 877 733 919 ipsis
756 876 913 908 radicibus
936 875 1152 912 tumescentia,
1175 875 1295 916 impetu
1317 875 1455 916 quodam
1480 874 1665 916 peranim'n?

206 930 343 972 speciem
359 936 456 963 totam
471 932 612 963 nituntur
624 941 797 973 erumpere.
820 935 886 961 tota
901 930 984 961 enim
1000 934 1066 960 erat
1080 929 1152 960 olim
1166 929 1278 971 pennis
1289 929 1428 960 suffulta.
1449 928 1549 960 fervet
1557 920 1666 970 itaque

206 988 284 1016 tunc
298 985 399 1016 omnis
413 990 446 1016 et
461 985 601 1027 prosilit:
625 990 720 1026 atque
742 990 777 1015 ut
799 984 947 1021 infantes,
969 993 1041 1015 cum
1062 983 1173 1014 dentes
1195 982 1354 1020 emittunt,
1370 981 1488 1023 pruritu
1501 987 1535 1014 et
1557 982 1666 1013 dolore

206 1037 401 1078 gingivarum
411 1044 561 1070 vexantur
572 1050 579 1070 ε
594 1039 639 1070 ita
649 1044 682 1070 et
689 1049 809 1080 pennas
818 1038 989 1069 emittentis
997 1037 1101 1068 anima
1109 1037 1219 1074 fervet,
1229 1042 1262 1068 et
1274 1036 1455 1068 titillatione
1460 1035 1666 1078 molestiaque

206 1089 348 1124 afficitur.
390 1091 503 1134 Itaque
518 1102 590 1124 cum
612 1092 701 1134 pueri
724 1092 862 1134 speciem
887 1091 1037 1129 intuetur,
1052 1091 1296 1133 cupidinemque
1318 1090 1393 1121 inde
1408 1089 1586 1122 effluentem
1604 1090 1666 1120 ‘im-

206 1144 318 1176 bibens
331 1145 474 1186 irrigatur
494 1145 697 1187 calescitque,
717 1145 823 1177 dolere
843 1144 911 1186 jam
926 1144 1056 1181 desinit,
1071 1149 1165 1186 atque
1181 1144 1315 1176 laetatur.
1361 1142 1444 1175 Cum
1458 1149 1531 1175 vero
1554 1141 1666 1185 procul

208 1198 357 1239 abfuerit,
371 1199 608 1240 exaruerintque
630 1204 764 1238 meatus,
786 1209 849 1240 qua
869 1203 957 1240 parte
972 1199 1118 1230 scaturire
1137 1198 1247 1230 nititur
1267 1198 1329 1235 ala,
1353 1198 1432 1229 aridi
1446 1196 1668 1239 etmustrieti,

207 1261 380 1293 pennarum
396 1262 521 1294 germen
536 1252 696 1284 cohibent.
741 1252 813 1283 Hoc
828 1252 914 1283 intus
929 1262 993 1283 una
1007 1263 1079 1284 cum
1094 1252 1266 1293 cupidineo
1281 1251 1336 1282 illo
1355 1251 1475 1282 influxu
1490 1250 1668 1292 occlusum,

207 1305 514 1348 tumescentiumque
529 1316 613 1338 more
627 1305 777 1343 resiliens,
801 1306 904 1347 ipsum
919 1306 1043 1337 sibimet
1057 1316 1129 1337 suos
1144 1310 1263 1337 mestus
1277 1305 1420 1347 undique
1435 1304 1569 1336 obstruit
1584 1300 1667 1346 pun&-

207 1356 328 1400 gitque.
371 1359 452 1390 Tota
466 1359 560 1401 igitur
574 1359 678 1391 anima
690 1360 830 1401 undique
845 1359 949 1390 saucia
964 1359 1090 1390 stimulo
1105 1360 1327 1392 concitatur-et
1347 1358 1484 1400 angitur,
1499 1368 1664 1400 rursusque

207 1420 326 1442 memor
340 1412 581 1454 pulchritudinis
595 1413 779 1445 delectatur.
823 1412 871 1443 Ex
888 1413 1025 1454 utrisque
1041 1423 1113 1444 vero
1135 1413 1293 1454 permixtis
1309 1411 1463 1453 passionis
1483 1411 1667 1454 hujusmodi

207 1464 407 1496 vehementia
421 1469 454 1496 et
466 1466 606 1498 novitate
621 1471 760 1504 vexatur,
775 1470 808 1497 et
821 1465 914 1496 anxia
926 1466 1012 1503 furit,
1027 1471 1123 1508 atque
1133 1465 1263 1497 insanit.
1285 1465 1338 1496 Sic
1351 1465 1476 1507 affecta,
1486 1474 1550 1507 prae
1562 1465 1667 1496 hirom

206 1526 311 1559 neque
332 1522 427 1550 nocte
451 1519 584 1551 dormire
610 1523 727 1561 potest,
749 1529 852 1560 neque
877 1519 930 1550 die
957 1529 1089 1560 usquam
1115 1518 1298 1559 consistere,
1321 1520 1375 1550 sed
1393 1519 1508 1560 passim
1523 1519 1669 1550 discurrit

208 1570 364 1603 desiderio
379 1572 504 1614 pulchri
517 1572 646 1604 videndi
661 1571 814 1613 perculsa.
856 1571 979 1603 Videns
994 1577 1111 1610 autem,
1125 1577 1159 1603 et
1184 1572 1336 1603 influxum
1360 1571 1448 1603 illum
1461 1571 1667 1614 cupidine-um

207 1625 365 1663 hauriens,
381 1627 521 1658 abstrusa
535 1626 618 1668 prius
632 1630 665 1656 et
679 1626 839 1663 conclusa,
856 1625 925 1666 jam
945 1626 1047 1667 aperit
1060 1630 1094 1657 et
1107 1625 1232 1657 resolvit
1246 1638 1254 1657 z
1275 1636 1348 1658 cum
1369 1635 1442 1657 vero
1453 1625 1521 1667 jam
1534 1625 1668 1667 respira·

207 1679 299 1716 verit,
314 1679 448 1711 stimulis
462 1679 676 1721 angustiisque
691 1679 848 1711 liberatur.
892 1679 965 1711 Hac
982 1679 1090 1721 utique
1103 1679 1286 1711 suavissima
1299 1679 1462 1722 voluptate
1473 1679 1507 1710 in
1520 1678 1670 1722 prasenti

206 1742 308 1774 usque
320 1733 400 1765 adeo
415 1734 576 1775 delinitur,
592 1733 688 1776 [252]
704 1738 739 1764 ut
753 1743 912 1775 nunquam
928 1733 1052 1775 abejus
1068 1733 1224 1765 illecebris
1246 1738 1359 1775 sponte
1374 1733 1518 1765 discedat
1528 1744 1539 1765 τ
1562 1741 1668 1775 neque

209 1786 346 1829 aliquem
361 1787 459 1830 pluris
472 1788 561 1826 facit,
575 1798 669 1830 quam
691 1792 827 1819 amatum
840 1799 850 1827 ;
873 1789 928 1819 sed
950 1792 1108 1830 parentes,
1128 1788 1248 1825 fratres,
1271 1787 1452 1830 amicosque
1467 1797 1575 1820 omnes
1589 1787 1670 1820 obli·

209 1840 297 1872 vioni
309 1841 414 1878 tradit,
426 1851 464 1873 ac
475 1842 627 1884 dissipato
642 1852 698 1884 per
710 1841 863 1873 incuriam
874 1841 1061 1884 patrimonio
1075 1841 1202 1873 minime
1218 1846 1441 1878 commovetur,
1457 1841 1574 1883 patrias
1589 1848 1669 1884 quo·

209 1905 274 1938 que
287 1896 530 1928 consuetudines
544 1901 578 1928 et
589 1896 771 1938 dignitates,
787 1897 900 1939 quibus
916 1896 1039 1937 gloriari
1053 1891 1187 1932 solebat,
1202 1895 1328 1936 penitus
1350 1899 1592 1937 aspen-namnet
1605 1905 1670 1927 scr·

209 1950 274 1982 vite
285 1955 318 1981 et
327 1949 435 1992 jacere
448 1955 569 1993 parata,
581 1950 764 1992 ubicunque
778 1950 978 1993 permittitur,
993 1950 1088 1981 modo
1102 1949 1240 1991 igniculo
1257 1959 1312 1980 suo
1328 1949 1488 1981 inhaereat.
1502 1959 1569 1981 non
1582 1950 1670 1981 enim

210 2003 288 2035 colit
302 2004 499 2036 solummodo
513 2009 546 2036 et
566 2009 732 2036 veneratur
747 2005 927 2042 formosum,
949 2004 1005 2035 sed
1027 2004 1185 2035 medicum
1198 2002 1293 2034 etism
1314 2004 1399 2035 hxmc
1421 2003 1668 2045 gravissimorum

209 2058 384 2089 morborum
400 2058 459 2090 sibi
482 2058 582 2090 solum
602 2058 736 2093 invenit.
779 2058 876 2090 Hune
898 2058 1005 2100 itaque
1027 2057 1188 2095 affectum,
1210 2067 1230 2088 o
1251 2056 1389 2099 ingenue
1411 2057 1606 2095 adolescens,
1627 2056 1670 2088 ad

209 2121 303 2154 quem
316 2122 406 2144 meus
421 2117 470 2144 est
483 2122 594 2150 senno,
605 2112 747 2144 homines
761 2117 860 2155 erote,
870 2112 907 2143 id
921 2117 980 2150 est,
1003 2121 1151 2150 amorem,
1166 2111 1351 2153 appellant:
1374 2121 1438 2153 quo
1453 2115 1559 2143 autem
1573 2110 1669 2142 modo

208 2163 266 2196 Dii
281 2165 456 2207 nominant,
471 2165 496 2197 si
511 2165 660 2205 audieris,
675 2165 786 2198 merito
799 2171 927 2208 propter
945 2165 1145 2207 juventutem
1167 2165 1292 2197 ridebis.
1335 2165 1481 2196 Tradunt
1501 2165 1584 2196 enim
1600 2163 1671 2196 Ho-

209 2218 316 2251 merici
339 2219 480 2261 quidum,
504 2225 542 2251 ut
561 2219 701 2257 arbitror,
725 2230 764 2251 ex
787 2219 957 2252 reconditis
981 2219 1181 2257 carminibus,
1206 2220 1240 2250 in
1263 2218 1413 2251 Amorem
1426 2219 1670 2252 caminadas}

209 2269 344 2314 quorum
369 2272 499 2304 alterum
523 2273 616 2305 valde
642 2272 800 2315 petulans,
825 2283 929 2315 neque
951 2274 1120 2304 admodum
1133 2272 1336 2305 concinnum.
1381 2273 1427 2304 sic
1441 2278 1547 2305 autem
1561 2273 1670 2304 uiuntz

210 2321 311 2358 Hunc
324 2326 450 2367 quidem
462 2327 612 2358 mortales
625 2330 725 2364 eruta,
739 2326 772 2357 id
787 2331 848 2368 est,
860 2326 1023 2367 Amorem,
1034 2331 1150 2359 vocent
1162 2326 1324 2358 volatilem
1333 2336 1345 2358 .·
1356 2326 1553 2360 immortates
1564 2331 1672 2360 aaut}

208 2383 349 2423 pter-ota,
362 2379 388 2411 i.
410 2390 440 2410 e.
456 2379 639 2416 elationem,
661 2383 788 2421 propter
807 2380 938 2412 volandi
958 2380 1186 2412 necessitatem.
1230 2379 1290 2410 His
1310 2380 1422 2421 partim
1445 2379 1672 2419 lieet'credene,

210 2434 324 2476 purtim
340 2442 404 2464 non
427 2433 512 2464 licet.
557 2433 644 2475 atqui
656 2443 754 2464 causa
775 2433 966 2476 affectioque
985 2433 1157 2465 amantium
1181 2434 1250 2465 haec
1269 2433 1340 2475 ipsa
1353 2438 1413 2465 est.
1455 2434 1673 2476 Quotcunque

210 2488 306 2530 igitur
319 2498 358 2519 ex
371 2486 393 2519 J
395 2487 462 2518 ovis
476 2485 672 2528 pedissequis
684 2487 770 2529 capti
782 2487 912 2525 fuerint,
928 2488 1051 2529 gravius
1065 2487 1322 2529 constantiusque
1333 2487 1480 2521 stationis
1501 2495 1580 2519 onus
1593 2488 1673 2519 ferre

208 2546 366 2585 possunt:
389 2541 446 2583 qui
459 2551 532 2572 vero
547 2539 684 2572 Martem
698 2541 874 2579 coluerunt,
895 2551 1030 2584 cumque
1051 2541 1107 2574 illo
1129 2541 1350 2583 circumvagati
1370 2545 1456 2579 sunt,
1476 2550 1583 2573 amore
1604 2541 1675 2573 illa-

211 2596 332 2640 quesfi,
347 2596 374 2627 si
393 2605 488 2638 quam
503 2596 543 2627 ab
559 2599 662 2626 amato
676 2595 736 2627 sibi
751 2595 855 2627 inferri
868 2595 1016 2638 injuriam
1040 2601 1166 2638 putant,
1189 2596 1223 2627 iu
1238 2596 1358 2628 caedem
1380 2595 1473 2627 facile
1496 2595 1675 2637 provehat,

213 2649 454 2693 praecipitesque
470 2654 536 2681 tum
551 2650 592 2681 ad
607 2659 640 2680 se
660 2649 760 2692 ipsos,
776 2655 842 2682 tum
864 2650 905 2681 ad
920 2655 1039 2681 amatos
1054 2650 1215 2683 necandos
1236 2650 1389 2683 feruntur.
1433 2650 1542 2691 Atque
1556 2649 1602 2680 in
1618 2658 1673 2681 ue-

211 2703 352 2736 cundum
367 2713 525 2746 quemque
539 2703 694 2741 Deorum,
710 2714 782 2735 cum
797 2714 861 2746 quo
876 2704 1010 2746 quilibet
1024 2706 1152 2736 chorum
1168 2705 1246 2746 egit,
1259 2705 1395 2736 eundem
1410 2705 1554 2741 honorat,
1566 2703 1672 2741 imita?

211 2762 324 2799 turque
340 2767 462 2799 semper
476 2757 510 2790 in
525 2757 590 2789 vita
605 2768 661 2800 pro
676 2756 804 2796 viribus,
826 2759 931 2800 quoad
948 2764 1108 2800 permanet
1127 2759 1326 2800 incorruptus
1339 2769 1349 2788 ι
1370 2762 1403 2790 et
1423 2759 1485 2790 hoc
1499 2762 1594 2800 panto
1607 2756 1675 2800 pri·

213 2820 297 2842 mam
312 2811 363 2843 hic
377 2811 451 2843 vitae
466 2812 697 2854 generationem
720 2812 821 2850 ducit,
844 2812 1001 2855 talemque
1023 2823 1056 2844 se
1072 2813 1174 2855 ipsum
1197 2813 1237 2844 ad
1253 2818 1372 2844 amatos
1392 2817 1426 2843 et
1439 2811 1518 2844 alios
1532 2811 1672 2845 exhibet.

211 2864 363 2896 Amorem
378 2874 453 2908 ergo
467 2866 666 2907 pulchrorum
681 2877 718 2898 ex
735 2876 791 2898 suo
807 2865 939 2909 quisque
961 2866 1072 2908 deligit
1094 2877 1190 2905 more,
1205 2871 1251 2906 et,
1271 2872 1419 2908 tanquam
1443 2865 1533 2900 Deus
1544 2866 1606 2897 sibi
1618 2865 1674 2898 ino

211 2918 264 2956 sit,
294 2919 387 2961 qussi
407 2924 540 2952 statuam
566 2919 698 2952 fabricat
719 2925 753 2952 et
775 2926 916 2958 exornat,
941 2925 1053 2963 utpote
1082 2922 1287 2953 honoraturus
1312 2925 1408 2961 atque
1436 2919 1674 2952 sacrificaturus.

211 2971 301 3006 Jovi-
318 2972 427 3017 itaque
442 2974 578 3007 cultores
592 2985 664 3008 eum
680 2975 739 3008 sibi
754 2976 921 3008 amandum
936 2981 1091 3017 quoerunt,
1107 2974 1196 3015 eujus
1209 2974 1340 3007 Iovi-lis
1354 2974 1393 3006 sit
1408 2973 1541 3007 animus.
1577 2983 1674 3018 quare
