1846 3268
213 251 299 293 ,114
811 239 1078 280 PLATONIS
1591 237 1691 292 [140

221 349 320 392 [140]
343 349 565 381 Verumtamen
591 346 615 376 si
639 344 716 387 quid
736 347 848 386 praeter
869 343 917 384 id,
942 342 1029 384 quod
1044 345 1093 373 est
1107 350 1205 372 unum
1226 350 1307 378 esse,
1333 341 1435 383 ipsum
1451 350 1548 373 unum
1564 342 1689 384 recipit,

219 404 337 446 patitur
348 402 414 444 jam
431 402 522 444 plura
536 411 617 442 esse,
630 409 724 441 quam
739 408 849 429 unum.
873 397 907 428 id
923 401 1026 428 autern
1043 394 1237 437 impossibile
1253 399 1311 427 est.
1348 394 1410 427 Ita.
1448 395 1501 427 Ob
1516 396 1598 428 hano
1613 407 1688 428 cau-

219 468 285 489 sam
301 466 462 498 nunquam
487 455 589 496 ipsum
613 463 722 489 unum,
743 451 828 483 idem
845 460 926 491 esse,
944 449 993 481 vel
1017 449 1092 490 sibi,
1113 448 1163 479 vel
1184 448 1273 479 alteri
1291 449 1420 490 patitur.
1464 448 1540 480 Non
1557 449 1689 482 videtur.

221 511 305 553 Ergo
320 521 379 542 nec
394 508 493 540 simile
506 512 563 539 aut
575 505 711 546 sibimet,
726 510 780 536 aut
795 503 885 552 alteri
898 514 967 535 esse
982 507 1098 545 potest.
1132 502 1186 534 Sic
1199 506 1344 544 apparet.
1375 501 1486 534 Nihilo
1502 507 1605 535 tamen
1621 513 1688 535 ma.

219 564 267 606 gis
291 574 359 596 esse
383 563 514 594 alterum
537 560 693 591 sustinet:
717 557 835 590 etenim
860 557 964 599 plura,
992 566 1087 599 quam
1108 565 1220 593 unum,
1251 565 1318 587 esse
1342 555 1549 596 contingeret.
1591 556 1688 589 Plura

218 628 305 649 sane.
350 616 445 653 Quod
461 615 591 646 alterum
606 613 657 644 vel
673 623 692 643 a
707 622 752 649 se,
774 611 824 643 vel
840 611 880 642 ab
895 611 958 642 alio
979 610 1028 647 fit,
1049 609 1201 641 dissimile
1221 619 1348 651 quoque
1372 613 1428 640 aut
1451 609 1511 641 sibi
1533 609 1608 651 ipsi,
1631 615 1687 642 aut

218 671 308 702 alteri
323 669 448 702 cuidam
463 667 614 700 efficitur:
639 666 758 708 quippe
774 675 845 696 cum
862 664 941 695 illud
952 663 1060 700 etiam,
1075 663 1161 706 quod
1175 662 1262 694 idern
1276 672 1344 694 esse
1359 662 1482 705 recipit,
1498 662 1598 696 simile
1619 664 1686 698 nat.

221 723 336 757 Probe.
380 722 475 755 Unde
490 722 591 763 ipsum
608 730 720 757 unum,
734 728 806 751 curn
824 717 911 750 nullo
927 718 1022 749 modo
1036 717 1212 759 susceperit
1226 715 1368 752 alterum,
1383 726 1544 759 nunquam
1558 726 1687 760 quoque

219 776 376 808 dissimile
386 776 453 808 sive
468 775 608 815 sibimet,
632 774 698 805 sive
714 773 803 804 alteri
823 772 889 804 fiet.
934 771 1106 813 Nunquam
1130 770 1284 812 profecto.
1329 770 1540 807 Quamobrem
1565 781 1625 804 nec
1645 772 1687 803 si-

218 830 308 872 mile,
322 839 427 871 neque
441 829 593 861 dissimile
614 837 752 869 unquam
767 831 823 858 aut
835 826 906 863 sibi,
921 830 977 857 aut
991 825 1095 864 alteri,
1111 824 1213 865 ipsum
1228 833 1323 854 unum
1339 827 1398 855 est.
1442 823 1531 865 Non,
1549 829 1587 856 ut
1601 825 1687 858 vide-

219 887 280 914 tur.
325 883 485 914 Praeterea
496 892 567 914 cum
583 880 764 922 hujusmodi
780 879 833 917 sit,
852 889 912 911 nec
938 878 1058 920 aequale
1075 877 1181 913 etiam,
1202 887 1263 908 nec
1286 876 1443 919 iuaequale
1456 877 1615 920 cuiquam,
1636 879 1687 911 vel

219 935 292 972 sibi,
309 935 357 966 vel
374 934 474 966 alteri.
517 934 605 972 Quid
619 933 687 964 ita?
733 933 829 970 Quod
846 932 969 974 aequale
984 937 1045 972 est,
1063 930 1232 962 earundem
1248 940 1455 962 mensurarum
1477 936 1537 970 est,
1556 942 1687 974 quarum

220 993 253 1020 et
267 988 358 1025 illud,
373 988 426 1019 cui
441 987 563 1029 aequale
575 987 699 1019 dieitur.
744 986 798 1018 Sic
813 991 870 1017 est.
914 985 1013 1023 Quod
1029 983 1130 1026 majus
1145 988 1194 1015 est
1207 983 1256 1015 vel
1273 982 1386 1021 minus,
1409 985 1514 1026 quoad
1529 984 1598 1026 illu,
1615 985 1687 1028 qui·

219 1042 279 1072 bus
292 1040 574 1072 commensurabile
590 1044 649 1076 est,
675 1036 848 1070 minoribus
874 1038 1004 1080 quidem
1029 1038 1132 1080 plures
1147 1047 1305 1068 mensuras
1319 1037 1428 1078 habet,
1447 1037 1616 1079 majoribus
1629 1048 1688 1070 au-

219 1099 283 1125 tem
300 1094 475 1136 pauciores.
518 1093 623 1126 Certe.
661 1093 786 1130 Quibus
808 1097 914 1124 autem
931 1091 1255 1128 incommensurabile,
1281 1091 1387 1132 quoad
1402 1091 1469 1123 haec
1484 1091 1612 1133 quidem
1626 1093 1686 1125 mi·

218 1158 342 1186 norum,
358 1147 464 1189 quoad
475 1146 531 1178 illa
546 1158 617 1178 vero
634 1146 785 1188 majorum
801 1156 1011 1177 mensurarum
1028 1145 1098 1177 erit.
1124 1144 1266 1182 Quidni?
1289 1144 1406 1176 Nonne
1420 1144 1613 1187 impossibile
1626 1153 1686 1186 est.

217 1201 304 1242 quod
330 1200 418 1232 nullo
442 1200 536 1231 modo
557 1200 656 1241 ipsius
681 1199 822 1241 ejusdem
844 1204 892 1231 est
917 1199 1088 1241 particeps,
1107 1203 1162 1230 aut
1185 1208 1342 1230 mensuras
1363 1199 1502 1236 easdem,
1523 1204 1580 1231 aut
1599 1201 1686 1233 aliud

217 1253 353 1296 quodvis
368 1254 452 1285 idem
469 1253 570 1284 sortiri
583 1253 594 1283 ?
617 1252 831 1294 Impossibile.
855 1253 970 1294 Itaque
984 1263 1044 1284 nec
1059 1253 1132 1294 sibi,
1147 1263 1206 1284 nec
1221 1252 1310 1283 alteri
1326 1251 1385 1283 erit
1398 1252 1520 1293 aequale
1533 1262 1542 1285 ε
1566 1253 1687 1296 quippe

217 1318 289 1339 curn
303 1307 454 1337 mensuris
475 1306 592 1337 eisdem
613 1316 678 1336 non
698 1311 814 1338 utatur.
860 1306 1010 1345 Minime,
1031 1310 1067 1337 ut
1090 1309 1232 1347 apparet.
1275 1305 1364 1342 Quin
1383 1304 1477 1336 etiam
1505 1306 1531 1337 si
1547 1307 1687 1348 pluribus

217 1365 272 1391 aut
287 1359 486 1402 paucioribus
502 1358 651 1390 mensuris
665 1357 945 1396 circumscribetur,
968 1358 1100 1389 totidem
1116 1357 1266 1399 partibus,
1289 1363 1368 1399 quot
1383 1362 1416 1389 et
1436 1359 1598 1398 mensuris,
1611 1370 1688 1392 con-

216 1413 332 1445 stabit:
357 1423 524 1454 rursusque
535 1422 601 1443 non
616 1412 750 1453 amplius
762 1421 859 1442 unum
876 1410 948 1453 erit,
972 1411 1028 1442 sed
1053 1415 1101 1441 tot
1116 1411 1232 1451 potius,
1256 1415 1335 1451 quot
1348 1416 1382 1442 et
1395 1421 1546 1443 mensurae
1568 1413 1686 1446 insunt.

216 1466 332 1498 Recte.
378 1466 474 1503 Quod
490 1465 516 1496 si
528 1465 622 1496 unius
639 1475 790 1496 mensurae
806 1465 858 1502 sit,
879 1464 1003 1506 aequale
1028 1464 1138 1505 utique
1164 1463 1227 1504 ipsi
1242 1474 1394 1494 mensuroe
1409 1464 1508 1496 fieret.
1529 1472 1686 1499 verumta-

216 1530 290 1550 men
306 1519 500 1560 impossibile
512 1529 580 1550 esse
595 1517 753 1560 apparuit,
766 1518 869 1559 ipsum
884 1528 981 1548 unum
997 1516 1119 1559 aequale
1133 1516 1281 1558 cuiquam
1296 1526 1374 1548 esse.
1418 1517 1580 1560 Apparuit
1589 1525 1686 1552 certe.

218 1572 315 1610 Quod
330 1572 428 1613 igitur
442 1581 501 1604 nec
516 1571 609 1602 unius
626 1581 776 1602 mensurae
791 1575 839 1602 est
861 1570 1032 1612 particeps,
1057 1580 1161 1611 neque
1181 1569 1360 1607 multarum,
1379 1581 1482 1613 neque
1497 1572 1592 1604 etiam
1607 1583 1686 1615 pau.

217 1636 336 1663 carum,
350 1635 409 1657 nec
426 1625 489 1656 ullo
512 1625 607 1656 modo
623 1625 721 1666 ipsius
744 1624 900 1666 ejusdem,
924 1634 1084 1666 nunquam
1101 1623 1159 1655 sibi
1175 1623 1248 1665 ipsi,
1274 1628 1310 1654 ut
1326 1624 1460 1663 videtur,
1482 1625 1540 1656 erit
1554 1627 1688 1668 aequale,

217 1690 277 1711 nec
303 1679 396 1710 ctiam
424 1679 534 1711 alteri:
561 1689 620 1710 nce
639 1677 746 1719 majus
771 1683 934 1720 praeterea,
953 1682 1009 1709 sut
1032 1677 1148 1713 minus.
1166 1677 1216 1708 vel
1243 1677 1422 1719 semetipso,
1437 1677 1487 1709 vel
1514 1679 1588 1711 alio.
1632 1680 1686 1712 sie

218 1742 342 1773 prorsus
357 1743 390 1763 se
405 1733 511 1763 habet.
553 1732 605 1763 An
621 1732 702 1762 forte
718 1731 890 1773 antiquius,
905 1735 960 1762 aut
977 1730 1088 1772 junius
1103 1728 1222 1772 aliquo,
1236 1729 1287 1761 vel
1308 1729 1402 1762 etiam
1426 1735 1620 1763 coaetaneum
1635 1732 1686 1775 ip-

217 1797 286 1817 sum
307 1796 403 1817 unum
425 1786 577 1828 apparet?
623 1785 711 1823 Quid
731 1785 902 1827 prohibet?
946 1784 986 1815 1‹1
1012 1794 1100 1821 sane,
1124 1783 1273 1826 quoniam
1299 1783 1324 1815 si
1349 1785 1484 1816 eandem
1497 1786 1686 1818 aetatem-vel

216 1850 335 1877 secum,
350 1839 400 1871 vel
417 1851 488 1872 cum
504 1839 610 1881 aliquo
625 1839 773 1881 quopiam
791 1844 875 1880 aget,
890 1837 1071 1881 aequalitate
1085 1843 1119 1869 et
1132 1837 1336 1869 similitudine
1353 1838 1501 1879 temporis
1517 1838 1686 1880 participa.

217 1893 277 1925 bit.
294 1899 452 1925 ostensum
468 1899 517 1924 est
531 1898 649 1930 tamen,
665 1903 724 1924 nec
737 1893 960 1934 aequalitatem,
974 1901 1033 1923 nec
1049 1891 1285 1922 similitudinem
1305 1891 1366 1931 ipsi
1387 1891 1443 1922 uni
1462 1891 1556 1923 ullam
1574 1893 1686 1926 adesse

217 1956 325 1987 posse.
370 1947 538 1978 ostensum
557 1947 711 1988 profecto.
756 1946 874 1977 Nonne
888 1947 948 1977 hoc
964 1956 1090 1988 quoque
1105 1944 1252 1982 diximus,
1263 1955 1323 1975 nec
1332 1944 1566 1987 inaequalitatis,
1581 1956 1686 1989 neque

217 1999 480 2032 dissimilitudinis
495 2011 626 2042 compos
650 2000 822 2032 exsistere?
869 2000 973 2038 Quam
994 2000 1139 2031 maxime.
1186 2000 1259 2036 Quo
1275 1998 1370 2040 igitur
1384 2003 1491 2040 pacto,
1515 1999 1600 2042 quod
1627 2001 1686 2032 lm·

214 2053 354 2095 jusmodi
369 2059 428 2092 est,
454 2054 550 2097 [141]
576 2054 680 2085 senius
696 2053 871 2096 autjunius
887 2054 1005 2096 aliquo,
1024 2054 1072 2085 vel
1088 2058 1181 2084 aetate
1200 2063 1254 2095 par
1268 2053 1326 2084 ulli
1341 2063 1408 2084 esse
1425 2053 1561 2094 poterit?
1583 2053 1684 2086 Nullo

218 2109 324 2140 modo.
371 2108 454 2150 Ergo
469 2108 571 2151 ipsum
589 2119 685 2139 unum
700 2118 765 2139 non
777 2107 898 2149 junius,
914 2118 978 2139 non
995 2108 1112 2148 senius,
1125 2118 1190 2138 non
1206 2112 1298 2138 aetate
1314 2117 1383 2148 par,
1398 2111 1453 2138 aut
1465 2107 1508 2138 nd
1523 2118 1556 2138 se
1569 2107 1684 2150 ipsum,

218 2166 274 2192 aut
288 2162 327 2193 ad
344 2161 429 2193 aliud
445 2162 527 2193 erit?
571 2162 648 2194 Nou
672 2168 814 2204 apparet.
859 2161 940 2193 Item
963 2162 1076 2195 necin
1096 2166 1236 2203 ternpore
1258 2161 1352 2192 etiam
1377 2160 1440 2192 ullo
1462 2166 1557 2203 pacto
1581 2161 1684 2204 ipsum

218 2226 329 2256 unum,
344 2226 415 2246 cum
431 2216 493 2247 talc
509 2217 561 2253 sit,
577 2216 635 2247 erit
650 2226 799 2257 unquam.
823 2215 939 2247 etenim
955 2226 1084 2247 necesse
1099 2221 1159 2257 est,
1182 2214 1338 2257 quidquid
1357 2219 1405 2245 est
1428 2215 1461 2246 in
1477 2219 1628 2257 tempore,
1650 2226 1685 2247 se

217 2268 287 2309 ipso
300 2279 422 2310 semper
442 2270 547 2301 senius
563 2270 642 2301 fieri.
687 2269 838 2303 Necesse.
884 2269 926 2301 Et
941 2270 1026 2311 quod
1043 2269 1160 2311 senius,
1176 2279 1297 2311 semper
1319 2268 1438 2309 juniori
1456 2268 1574 2300 senius.
1619 2268 1685 2301 Cur

219 2331 283 2352 non
298 2322 309 2352 ?
355 2322 468 2364 Itaque
484 2323 570 2364 quod
586 2334 619 2354 se
634 2324 703 2366 ipso
719 2323 755 2354 fit
770 2323 888 2360 senius,
903 2334 936 2354 se
952 2323 1020 2366 ipso
1037 2323 1132 2355 etiam
1149 2323 1240 2354 simul
1255 2321 1364 2364 junius
1378 2322 1434 2353 fit:
1457 2321 1611 2364 siquidem
1625 2322 1685 2353 ali-

219 2385 283 2415 quo
308 2376 412 2408 senius
434 2387 501 2408 esse
523 2377 630 2408 debet.
674 2377 843 2414 Quomodo
867 2377 972 2420 dicis?
1016 2376 1089 2408 Hoc
1115 2377 1223 2409 modo.
1246 2376 1426 2418 oppositum
1449 2375 1579 2407 alterum
1595 2375 1686 2407 alteri

218 2427 298 2459 nihil
315 2428 380 2459 ficri
395 2434 532 2471 oportet,
547 2431 694 2472 opposito
707 2431 804 2462 altero
817 2430 884 2473 jam
895 2431 1081 2462 exsistente:
1107 2431 1163 2462 sed
1178 2431 1238 2461 hoc
1259 2430 1326 2472 jam
1341 2429 1510 2461 exsistente
1520 2429 1588 2471 jam
1602 2439 1685 2472 esse,

218 2482 376 2522 praeterito
392 2482 445 2513 illo
460 2484 657 2524 praeteriisse,
673 2484 778 2516 futuro
792 2485 859 2517 fure
872 2496 880 2516 ε
903 2485 979 2516 dum
994 2495 1066 2515 vero
1082 2484 1118 2515 fit
1132 2494 1228 2515 unum
1242 2483 1435 2526 oppositum.
1458 2483 1588 2515 alterum
1603 2494 1683 2527 quo-

218 2535 489 2576 que÷oppositum‚
504 2547 563 2569 nec
579 2537 777 2580 praeteriisse,
791 2549 850 2570 nee
865 2538 945 2576 fore,
960 2548 1019 2570 nec
1033 2548 1112 2575 esse,
1129 2538 1283 2569 diversum
1299 2541 1358 2575 est,
1383 2537 1437 2568 sed
1453 2536 1531 2575 fieri,
1550 2547 1611 2569 nec
1625 2536 1684 2570 ali·

219 2592 265 2618 ter
275 2598 354 2619 esse.
398 2588 551 2623 Necesse.
598 2590 642 2622 At
655 2602 728 2623 vero
743 2592 848 2624 senius
870 2591 1052 2634 oppositum
1066 2591 1218 2633 quiddam
1233 2595 1281 2622 est
1301 2591 1435 2633 juniori,
1447 2601 1506 2623 nec
1522 2590 1612 2623 :lteri
1626 2601 1682 2633 pe·

217 2640 303 2672 nitus
318 2641 387 2673 ulli.
430 2641 498 2675 Est.
542 2644 638 2681 Quod
654 2656 728 2687 ergo
741 2645 858 2687 seipso
875 2646 910 2677 fit
935 2646 1052 2683 senius,
1074 2656 1202 2677 necesse
1225 2650 1274 2676 cst
1295 2645 1386 2676 simul
1407 2654 1535 2687 quoque
1557 2654 1591 2676 se
1611 2643 1683 2686 ipso

214 2693 325 2735 junius
351 2694 428 2728 fieri.
472 2696 617 2729 Videtur.
663 2699 751 2736 Quin
772 2700 865 2731 etiam
886 2709 946 2731 nec
961 2699 1094 2741 longiori
1118 2709 1151 2730 se
1166 2699 1235 2740 ipso
1251 2703 1402 2741 tempore,
1425 2696 1684 2740 nequest-evicti

217 2747 308 2787 fieri3
331 2749 386 2780 sed
412 2759 468 2790 per
483 2751 604 2792 aequale
619 2762 741 2794 semper
754 2758 879 2796 tempus
894 2763 998 2785 secum
1021 2753 1092 2795 ipso
1113 2753 1191 2793 fieri,
1215 2757 1248 2784 et
1262 2762 1341 2790 esse,
1367 2755 1400 2783 et
1413 2750 1522 2788 fuisse,
1542 2749 1681 2781 fututum

218 2809 299 2838 esse,
313 2811 350 2833 ac
365 2801 442 2834 fore.
486 2802 668 2836 Necessaria
685 2817 811 2849 quoque
827 2808 894 2839 haec
910 2812 994 2839 sunt.
1040 2806 1258 2838 Necessarium
1271 2816 1344 2848 ergo
1358 2804 1492 2842 videtur,
1516 2803 1682 2846 quodlibet

220 2864 340 2893 eorum,
352 2865 423 2897 quae
438 2857 472 2887 in
489 2862 628 2899 tempore
644 2865 727 2897 sunt,
743 2866 837 2902 atque
853 2863 912 2893 hoc
929 2861 982 2892 tali
999 2860 1200 2903 participant,
1215 2860 1347 2892 eandem
1362 2868 1467 2891 secum
1477 2857 1547 2899 ipso
1554 2860 1680 2888 mem

222 2917 323 2948 agere,
340 2918 376 2941 ac
393 2910 496 2942 senius
512 2922 543 2942 su
560 2912 628 2954 ipso
644 2913 734 2944 simul
750 2919 781 2945 et
793 2914 901 2955 junius
917 2915 996 2950 fieri.
1039 2914 1198 2958 Apparet.
1242 2913 1308 2956 Ipsi
1323 2923 1395 2946 vcro
1409 2912 1466 2945 uni
1489 2910 1575 2943 nulla
1593 2919 1679 2953 9¹⁰¹·
