1846 3268
143 291 237 342 159]
706 283 1052 322 Tnssffirssrus.
1536 282 1608 320 241

139 402 212 428 suut
226 398 238 428 ?
285 396 371 428 Trrz.
396 395 501 426 Pudet
517 403 565 424 me
581 391 667 432 loqui
683 390 825 427 ulterius,
841 390 995 421 Socrates.
1012 390 1088 420 nihil
1105 390 1186 421 enim
1196 390 1311 426 habeo,
1324 389 1408 430 quod
1426 389 1457 420 in
1475 390 1613 420 ¹nedium

140 449 280 483 afferam.
302 449 387 492 quod
403 454 539 489 namque
557 455 732 488 posueram,
748 445 934 476 deterrendo
952 444 1076 485 penitus
1098 443 1288 475 subvertisti.
1333 442 1383 474 Re
1401 453 1472 473 vera
1497 454 1610 484 negare

141 513 301 546 nunquam
318 512 453 545 possem,
466 501 551 543 quod
564 500 702 531 furentes
714 499 967 540 somniantesque
980 497 1056 529 falsa
1069 498 1197 529 nimium
1210 498 1390 540 opinentur,
1403 507 1474 529 cum
1491 497 1613 528 illorum

141 558 284 590 nonnulli
299 557 377 588 deos
389 566 458 588 esse
472 566 504 587 se
519 558 645 597 putant,
660 553 712 584 alii
734 553 838 585 avium
855 553 952 584 instar
967 553 1070 583 volare
1086 563 1118 583 se
1133 552 1275 584 credant.
1319 551 1376 584 So.
1399 551 1509 583 Cernis
1523 561 1611 593 quae-

138 621 211 644 nam
226 622 264 644 ex
277 611 341 643 iilis
355 610 439 643 circa
453 621 501 642 res
514 620 616 650 veras,
631 619 668 640 ac
687 608 808 640 somnia
831 608 964 639 maxime
980 607 1167 649 ambiguitas
1183 607 1352 648 sequatur?
1397 606 1448 637 'ru
1455 615 1484 638 Ε.
1507 606 1606 643 Quae-

138 672 209 697 nam
222 666 235 697 ?
278 666 334 698 So.
359 665 417 703 Ea,
429 675 524 707 quam
539 673 625 705 saepe
641 669 671 694 te
685 662 811 694 audisse
826 661 983 698 existimo,
996 661 1145 703 quotiens
1161 661 1320 702 quaeritur,
1336 670 1400 702 qua
1417 660 1612 701 potissimum

138 719 320 762 conjectura
334 719 459 751 ostendi
472 718 583 761 possit,
601 722 701 749 utrum
714 716 904 748 dormiamus
919 725 1041 751 omnes,
1061 720 1094 746 et
1117 725 1188 756 quae
1202 715 1378 756 cogitamus
1393 714 1517 756 singula
1531 725 1612 745 som-

138 774 281 815 niemus;
301 784 342 806 an
357 774 533 816 vigilemus,
545 778 578 804 et
593 783 624 804 re
640 781 712 803 vera
728 770 862 802 invicem
881 770 1078 801 disseramus.
1124 768 1212 800 Tne.
1237 767 1383 799 Profecto
1406 768 1536 799 dubium
1551 773 1613 812 est,

139 838 159 859 o
186 829 342 870 Socrates,
369 839 433 871 qua
453 828 486 860 id
511 826 695 869 conjectura
720 826 790 868 quis
814 825 990 856 discernere
1014 823 1129 855 valeat.
1154 827 1268 855 cuncta
1299 821 1452 863 siquidem
1476 822 1612 853 vicissim

137 883 249 915 eadem
271 882 361 925 sequi
387 892 478 924 posse
501 881 659 912 videntur.
702 879 786 911 Nam
811 889 883 920 quae
913 878 1006 909 modo
1034 877 1274 913 disserebamus.
1302 877 1378 908 nihil
1405 876 1560 918 prohibet,
1579 883 1613 907 ut

139 937 331 969 somniantes
347 936 486 978 colloqui
502 936 680 968 videamur:
705 939 737 966 ct
751 934 879 976 quando
897 933 927 963 in
945 942 1054 964 somno
1071 933 1191 963 somnia
1213 932 1324 963 referre
1345 942 1403 962 nos
1418 931 1612 968 arbitramur,

139 991 249 1023 mirum
263 991 298 1022 in
314 992 442 1022 modurn
457 992 525 1023 haec
540 990 602 1021 illis
618 989 732 1021 similia
743 993 828 1020 sunt.
875 988 932 1019 So.
957 987 1055 1019 Vides
1067 986 1146 1029 jam,
1162 997 1255 1028 quam
1270 986 1363 1018 facile
1384 986 1418 1017 in
1434 992 1611 1017 controver-

138 1045 218 1077 siam
232 1046 395 1077 veniatur:
420 1044 678 1088 quandoquidem
695 1050 798 1074 utrum
816 1042 969 1073 insomnia
993 1052 1033 1073 an
1058 1052 1105 1072 res
1122 1052 1201 1072 vcrae
1217 1042 1290 1078 sint,
1307 1051 1377 1082 quae
1390 1041 1547 1077 videntur,
1564 1041 1613 1071 ni·

139 1099 237 1131 mium
251 1100 437 1142 ambigatur.
460 1104 610 1141 praeterca
625 1109 698 1131 cum
713 1107 840 1139 aequum
856 1102 979 1138 tempus
996 1096 1047 1133 sit,
1061 1097 1146 1138 quud
1169 1107 1278 1127 somno
1303 1096 1395 1126 datur
1416 1101 1448 1125 et
1460 1094 1548 1136 quod
1566 1093 1612 1125 vi-

139 1154 235 1195 giliae,
250 1153 284 1185 in
298 1158 433 1196 utroque
449 1153 616 1186 contendit
631 1153 754 1184 animus
778 1159 948 1194 praesentes
970 1150 1148 1192 opiniones,
1171 1156 1206 1181 ut
1219 1159 1318 1187 veras,
1334 1159 1479 1182 asserere.
1501 1159 1611 1190 quam-

139 1209 244 1240 obrem
260 1217 317 1249 ραι-
331 1211 455 1250 tempus
471 1209 538 1239 haec
554 1216 626 1238 vera
640 1206 786 1246 dicimus,
803 1216 858 1248 par
869 1211 901 1237 et
915 1204 971 1236 illa
984 1216 992 1235 z
1017 1210 1050 1236 et
1065 1204 1098 1236 in
1109 1205 1248 1246 utrisque
1260 1204 1400 1235 similiter
1412 1203 1611 1235 affirmamus.

136 1262 227 1294 Tun.
249 1261 401 1295 Omnino.
448 1262 504 1293 So.
527 1262 647 1293 Eadem
676 1271 803 1303 quoque
830 1261 871 1291 de
899 1259 1013 1291 morbis
1027 1259 1244 1300 furoribusque
1260 1258 1337 1289 ratio
1353 1263 1419 1289 est:
1443 1257 1508 1288 nisi
1523 1259 1610 1299 quod

137 1321 262 1358 tempus
289 1316 400 1358 impar.
443 1315 530 1347 Tus.
564 1315 667 1347 Recte
696 1315 877 1346 admodum.
922 1314 979 1345 So.
1015 1313 1169 1355 Nunquid
1198 1312 1396 1354 longitudine
1418 1312 1611 1343 brevitateve

139 1370 287 1412 temporis
305 1380 411 1401 verum
425 1369 674 1401 determinatur?
718 1368 806 1399 Tru-3.
831 1367 876 1398 At
887 1366 970 1398 istud
982 1367 1148 1408 plurimum
1162 1366 1325 1398 ridiculum
1339 1371 1432 1398 esset.
1477 1366 1532 1398 So.
1557 1365 1611 1396 An

137 1423 199 1456 alio
213 1429 400 1466 argumento
416 1424 582 1455 ostendere
597 1427 698 1464 potes,
714 1432 784 1463 quae
809 1431 846 1453 ex
869 1421 937 1453 istis
951 1420 1154 1463 opinionibus
1171 1431 1250 1451 verae
1267 1420 1363 1451 sunt?
1407 1419 1495 1451 Tne.
1520 1419 1608 1455 Non,

135 1483 172 1510 ut
185 1479 262 1510 mihi
277 1478 396 1511 videor.
442 1479 499 1510 So.
523 1477 554 1509 A
571 1489 620 1509 me
635 1477 730 1519 igitur
753 1477 827 1507 audi
848 1486 919 1518 quae
942 1475 1072 1507 forsitan
1098 1476 1337 1517 responderent,
1353 1474 1407 1516 qui
1423 1474 1609 1516 apparentia

133 1543 254 1576 semper
266 1540 339 1566 vera
352 1543 420 1565 esse
435 1533 579 1576 opinanti
592 1533 712 1564 volunt.
728 1532 772 1564 sic
788 1531 872 1563 enirn
883 1538 927 1569 te,
939 1537 975 1562 ut
987 1532 1111 1573 opinor,
1123 1531 1348 1573 interrogarent
1363 1543 1369 1562 ε
1393 1530 1423 1561 O
1433 1530 1608 1568 Theaetete,

134 1589 220 1631 quod
236 1588 366 1620 alterum
381 1593 429 1620 est
444 1588 585 1628 omnino,
598 1597 673 1618 num
696 1586 867 1628 aliquando
893 1586 1025 1617 eandem
1043 1586 1215 1628 potentiam
1231 1586 1360 1617 habebit
1375 1595 1468 1627 quam
1483 1589 1515 1616 et
1530 1584 1608 1615 alte-

133 1642 225 1674 rum?
249 1653 289 1675 ne
313 1643 348 1674 id
371 1642 578 1685 accipiamus,
593 1641 680 1683 quod
705 1641 820 1682 partim
843 1640 939 1678 idern,
956 1640 1070 1682 partini
1087 1641 1217 1672 alterum
1234 1645 1292 1680 est,
1307 1641 1362 1671 sed
1378 1640 1464 1681 quod
1480 1639 1607 1681 penitus

135 1696 292 1728 alterum?
336 1694 423 1729 Tne.
447 1696 538 1728 Nihil
555 1696 639 1727 idern
655 1695 769 1726 habere
786 1700 890 1737 potest
905 1694 954 1726 vel
980 1695 1084 1736 quoad
1108 1695 1283 1736 potentiam
1307 1694 1404 1736 [159]
1429 1694 1478 1724 vel
1501 1693 1608 1734 quoad

135 1748 222 1781 aliud
237 1748 414 1791 quodlibet,
426 1751 558 1791 quando
590 1749 718 1780 omnino
745 1754 793 1780 est
818 1749 962 1780 alterum.
1008 1748 1064 1779 So.
1089 1748 1206 1779 Nonne
1231 1748 1380 1779 dissimile
1406 1757 1533 1790 quoque
1561 1746 1607 1783 icl,x

135 1804 222 1846 quod
235 1804 329 1846 hujus
343 1804 430 1836 modi
445 1809 504 1843 est,
519 1803 718 1835 considerare
733 1802 907 1834 debemus?
952 1802 1040 1835 Tus.
1063 1802 1145 1833 Mihi
1163 1802 1291 1844 quidem
1314 1803 1447 1832 videtur.
1491 1802 1547 1832 So.
1571 1800 1607 1832 Si

134 1858 212 1900 quid
228 1868 301 1900 ergo
315 1859 410 1890 alicui
422 1859 523 1890 simile
539 1858 586 1890 vel
603 1857 752 1889 dissimile
770 1857 816 1894 fit,
831 1863 886 1888 aut
902 1857 961 1888 sibi
976 1856 1035 1898 ipsi
1060 1863 1114 1887 aut
1137 1856 1236 1894 alteri,
1253 1862 1408 1898 quatenus
1431 1855 1530 1886 simile
1555 1855 1604 1892 fit,

132 1913 239 1954 idem;
262 1918 417 1956 quatenns
439 1913 601 1950 dissimile,
619 1913 751 1944 alterum
766 1912 847 1944 effici
863 1912 1091 1944 confitebimur.
1137 1912 1223 1943 Tne.
1248 1911 1435 1943 Necessario
1454 1910 1604 1951 sequitur.

131 1967 187 1999 So.
211 1966 264 1998 An
276 1977 341 1998 non
351 1977 446 2010 supra
460 1968 682 2004 concessimus,
697 1966 796 1998 multa
810 1971 906 2008 atque
922 1967 1083 1997 innumera
1099 1966 1224 2007 agentia
1239 1977 1319 2005 csse,
1341 1965 1483 1996 similiter
1498 1969 1531 1994 et
1546 1973 1603 2004 pa-

131 2021 263 2054 tientia?
307 2021 394 2053 Tne.
418 2021 652 2054 Concessimus.
688 2021 752 2053 So.
775 2021 862 2058 Quin
878 2021 974 2052 etiam
989 2021 1073 2062 quod
1091 2020 1177 2052 aliud
1193 2026 1239 2052 est
1257 2021 1295 2051 ab
1311 2020 1386 2056 alio,
1402 2030 1473 2050 cum
1492 2016 1553 2049 alio
1572 2022 1605 2048 et

130 2074 194 2106 alio
221 2074 350 2106 mixtum
373 2085 438 2106 non
463 2076 586 2113 eadem,
603 2076 657 2107 sed
686 2075 749 2107 alia
773 2075 955 2116 generabit?
999 2074 1086 2108 Tnss.
1109 2075 1163 2106 Sic
1190 2084 1324 2117 prorsus.
1371 2074 1426 2104 So.
1452 2072 1603 2104 Dicemus

131 2129 241 2171 utique
256 2136 305 2161 me
320 2138 357 2160 ac
373 2135 404 2161 te
416 2135 452 2161 et
466 2130 526 2160 alia
542 2130 715 2161 secundum
731 2131 864 2161 eandem
886 2130 1039 2161 rationem
1053 2140 1062 2161 z
1087 2129 1247 2161 Socratem
1264 2129 1384 2160 scilicet
1400 2128 1479 2159 bene
1494 2126 1605 2157 valen-

131 2187 194 2214 tem
219 2187 253 2215 et
277 2184 437 2215 Socratem
458 2189 683 2226 aegrotrmtem;
707 2188 810 2215 utrum
836 2184 936 2215 simile
962 2185 1022 2215 hoc
1048 2184 1093 2215 illi
1115 2195 1155 2215 an
1175 2183 1324 2215 dissimile
1347 2193 1413 2213 esse
1439 2181 1602 2213 dicemus?

128 2236 216 2268 Tne.
240 2237 397 2280 Nunquid
420 2243 624 2280 aegrotantem
652 2239 825 2276 Socratem,
851 2243 952 2270 totum
976 2240 1036 2270 hoc
1051 2238 1168 2280 inquis,
1186 2238 1230 2269 illi
1257 2238 1327 2274 toti,
1343 2236 1463 2267 Socrati
1480 2235 1604 2266 scilicet

129 2291 210 2323 bene
226 2292 366 2324 valenti?
411 2293 467 2325 So.
489 2292 592 2325 Recte
607 2292 736 2324 nimium
755 2292 918 2334 accepisti.
941 2293 1001 2324 hoc
1014 2293 1116 2334 ipsum
1129 2293 1283 2324 dicebam.
1328 2291 1415 2322 Tne.
1438 2289 1603 2320 Dissimile

128 2345 223 2388 plane
237 2351 270 2378 et
282 2347 425 2380 alterum.
472 2348 528 2381 So.
554 2347 711 2389 Nunquid
727 2347 783 2388 sic,
799 2352 835 2378 ut
849 2347 1000 2378 dissimile
1015 2347 1026 2378 ?
1070 2347 1158 2378 Tun.
1182 2346 1322 2378 Necesse
1337 2350 1395 2378 est.
1439 2344 1495 2376 So.
1518 2343 1603 2374 Dor-

129 2399 277 2432 mientem
291 2411 417 2444 qnoque
433 2406 465 2433 et
477 2401 675 2444 vigilantem,
689 2407 722 2433 et
745 2411 943 2444 quaecunque
968 2412 1063 2443 supra
1085 2401 1289 2438 narravimus,
1305 2400 1445 2431 similiter
1458 2408 1575 2430 asseres
1589 2398 1601 2428 ἓ

129 2452 219 2485 Tun.
239 2454 407 2497 Equidem.
453 2456 511 2488 So.
536 2456 714 2494 Quodlibet
743 2466 850 2488 eorum
877 2466 948 2498 quae
981 2461 1092 2487 natura
1111 2456 1232 2487 efficere
1261 2455 1429 2497 quicquam
1457 2457 1602 2495 possunt,

130 2507 259 2549 quando
275 2509 411 2551 accipiet
425 2520 534 2541 sanum
550 2511 724 2548 Socratem,
739 2515 777 2542 ut
799 2510 896 2542 altero
918 2520 967 2541 me
980 2515 1104 2542 utetur:
1129 2510 1257 2552 quando
1269 2510 1420 2551 debilem,
1434 2513 1468 2538 ut
1479 2507 1576 2538 altero
1590 2506 1603 2536 ἓ

127 2560 215 2593 Tne.
238 2561 384 2599 Quidni?
428 2564 484 2596 So.
507 2564 556 2596 Ex
580 2565 677 2596 altera
701 2564 735 2596 in
762 2569 896 2606 utroque
920 2565 1096 2607 gignemus,
1121 2574 1181 2606 ego
1206 2564 1334 2606 quidem
1359 2563 1494 2605 patiens,
1519 2559 1601 2591 illud

128 2619 232 2646 autem
248 2615 410 2649 efficiens?
454 2618 542 2650 Trm.
565 2618 622 2650 Nil
638 2619 794 2661 prohibet.
836 2619 893 2651 So.
918 2619 1075 2657 Quotiens
1090 2619 1197 2650 vinum
1219 2628 1313 2650 sanus
1335 2618 1422 2654 bibo,
1445 2625 1540 2648 suave
1560 2623 1599 2645 ac

131 2669 225 2702 dulce
243 2670 317 2702 mihi
333 2671 466 2703 videtur.
511 2672 599 2704 Tus.
624 2673 729 2705 Certe.
774 2673 835 2706 So.
860 2673 907 2705 Ex
922 2674 970 2705 his
984 2684 1074 2716 porro
1090 2684 1160 2715 quae
1176 2683 1326 2706 concessa
1347 2677 1431 2709 sunt,
1453 2679 1549 2712 agens
1564 2672 1598 2698 et

128 2724 252 2765 patiens
275 2724 477 2757 dulcedinem
493 2735 681 2769 sensumque
695 2733 942 2770 progenuerunt,
961 2733 994 2760 et
1019 2734 1148 2771 utraque
1169 2731 1274 2759 motas
1298 2732 1330 2759 et
1345 2736 1453 2758 sensus
1469 2723 1599 2766 quidem

126 2777 209 2810 circa
230 2778 353 2821 patiens
379 2780 526 2820 existens,
541 2781 656 2813 sentire
681 2781 820 2824 linguam
852 2782 977 2814 effecit:
1001 2783 1138 2814 dulcedo
1153 2789 1258 2814 autem
1281 2791 1378 2824 penes
1394 2781 1500 2812 vinum
1516 2777 1600 2809 circa

127 2831 207 2864 illud
226 2835 376 2874 permota,
393 2834 486 2866 dulce
501 2834 609 2865 vinum
625 2845 709 2866 sanas
724 2835 840 2877 linguae
855 2841 918 2868 tam
940 2847 1008 2868 esse
1030 2845 1124 2878 quam
1138 2845 1288 2879 appatere
1302 2836 1390 2868 fecit.
1433 2834 1520 2865 Tne.
1545 2831 1598 2863 Sic

127 2895 251 2927 prorsus
265 2888 425 2930 superiora
440 2899 592 2920 concessa
607 2894 692 2921 sunt.
737 2890 794 2922 So.
817 2890 900 2922 Cum
917 2900 989 2922 vero
1006 2901 1054 2923 me
1070 2896 1272 2934 aegrotantem
1296 2889 1424 2931 accipit,
1439 2885 1596 2930 principio

128 2939 255 2980 quidem
271 2952 334 2973 non
360 2943 497 2974 eundem
521 2954 553 2975 re
577 2953 650 2975 vera
669 2945 902 2985 apprehendit3
925 2945 1069 2977 dissimili
1090 2956 1226 2987 namque
1252 2945 1389 2976 advenit.
1434 2942 1521 2972 Tun.
1546 2939 1597 2970 Ita

128 2997 186 3025 est.
218 2994 288 3080 ἒιο.
313 2995 442 3029 Deinde
456 2998 517 3029 alia
531 2999 675 3040 quaedam
701 2999 845 3032 Socrates
867 2999 913 3032 sic
938 3000 1070 3033 affectus
1094 3000 1206 3032 etvini
1231 3000 1318 3042 potio
1339 2999 1490 3040 gignunt:
1514 2996 1596 3028 circa

263 3053 307 3082 at.
325 3051 381 3083 Tr.
908 3053 935 3089 Ι,
1468 3054 1486 3082 2
1514 3049 1543 3080 Π
