1846 3268
225 288 322 338 264]
804 287 1105 329 pommus,
1611 293 1684 331 371

222 386 339 423 natu‘rae
369 389 431 422 ture
460 387 709 423 benevolentiam
746 388 858 423 clarius
887 391 1055 434 explicare.
1103 391 1140 422 In
1180 391 1345 432 praesentia
1373 391 1500 434 quidem
1514 406 1517 408 “
1534 404 1588 435 per
1619 396 1686 426 haze

219 443 311 484 adeo,
327 447 412 488 quod
434 450 480 477 est
505 446 712 487 propositum,
728 446 897 488 declarare,
913 452 948 478 ut
971 446 1050 477 nihil
1078 446 1172 483 desit,
1187 446 1382 487 Impossibile
1397 459 1404 478 ;
1431 447 1561 479 ulterius
1577 454 1682 481 autem

219 501 444 542 aliquantulum
460 500 640 532 declarandi
656 501 754 542 gratia
768 500 1005 542 producendum
1021 501 1156 533 videtur.
1201 500 1260 532 So.
1285 500 1373 538 Quid
1388 501 1514 532 tandem
1530 502 1562 532 in
1580 504 1689 533 nostra‘

221 555 389 597 partitione
404 554 538 597 culpas?
582 554 691 587 Hosp.
714 555 791 586 Tale
813 555 986 597 quiddam:
1014 555 1040 585 si
1063 554 1134 597 quis
1158 555 1327 586 humanum
1343 565 1441 596 genus
1456 555 1488 586 in
1503 555 1567 587 duo
1582 566 1686 588 secare

221 608 426 646 contendens,
442 609 571 651 perinde
588 610 737 651 partiatur
751 619 789 641 ae
805 609 895 640 multi
911 619 1030 646 eorum,
1045 609 1099 650 qui
1115 608 1165 640 hic
1180 609 1335 646 habitant,
1351 609 1541 650 partiuntur.
1561 609 1593 640 hi
1608 621 1685 642 sane

221 661 401 694 Graecorum
416 673 514 705 genus
530 667 679 705 tanquam
696 673 792 693 unum
808 672 828 693 a
842 662 952 694 ceteris
968 662 1112 693 omnibus
1127 668 1283 703 separant.
1305 668 1436 695 cunctos
1445 664 1529 694 enim
1540 664 1618 696 alios
1629 664 1686 695 ho*-

222 716 320 748 mines
345 715 600 758 innumerabiles,
621 721 654 748 et
676 716 763 747 nulla
784 715 866 747 inter
890 725 924 747 se
938 715 1012 746 vitae
1038 715 1250 757 sermonisque
1268 716 1488 748 communione
1511 717 1686 755 devinctos.

220 771 379 802 barbarico
404 768 532 802 nomine
558 771 697 813 signant,
713 775 746 802 et
771 770 812 801 ob
836 770 917 801 hanc
932 780 1026 801 unam
1044 769 1289 812 appellationem
1312 780 1410 811 genus
1434 781 1562 813 quoque
1587 782 1684 803 unum

221 825 396 856 universum
412 825 471 856 hoc
484 825 681 858 arbitrantur.
726 824 836 856 Simile
851 829 933 855 esset
948 828 1111 866 praetcrea,
1128 824 1154 855 si
1166 823 1235 865 quis
1249 834 1409 855 numerum
1424 824 1456 855 in
1473 826 1536 856 duo
1547 825 1687 858 dividere

220 878 341 917 volens,
356 879 465 911 decem
480 879 578 910 millia
594 889 731 910 seorsum
748 878 787 909 ab
810 878 879 908 aliis
903 882 1030 919 caperet
1053 883 1086 908 ut
1109 877 1244 918 speciem
1270 887 1385 909 unam:
1410 878 1545 920 reliquos
1558 879 1686 922 insuper

221 942 287 963 uno
302 933 438 974 quodam
456 932 602 975 imposito
618 933 679 964 illis
694 933 822 963 nomine
837 937 872 963 ut
889 942 983 962 unum
1010 941 1108 973 genus
1131 937 1272 972 poneret.
1320 931 1452 963 Rectius
1466 937 1568 964 autem
1584 938 1617 965 et
1631 945 1685 975 per

221 986 344 1028 speeies
358 987 457 1028 magis
471 997 508 1018 ae
524 997 580 1028 per
594 987 659 1018 duo
676 987 813 1018 membra
828 985 942 1017 divisio
958 985 1057 1022 fieret,
1074 985 1099 1015 si
1109 984 1179 1026 quis
1195 995 1356 1016 numerum
1372 986 1498 1027 quidem
1514 997 1571 1028 per
1584 989 1641 1029 par
1655 994 1687 1020 et

221 1039 333 1081 impar,
347 1040 548 1072 hominumve
564 1051 662 1083 genus
679 1051 734 1083 per
750 1050 863 1072 marem
881 1039 1091 1081 feminamque
1108 1039 1281 1071 divideret:
1306 1040 1416 1082 Lydos
1428 1046 1530 1072 autem
1543 1047 1575 1072 et
1584 1042 1687 1085 Phry-

221 1103 276 1135 gas
291 1098 346 1125 aut
360 1093 437 1125 alios
452 1095 603 1136 quosdam
627 1099 702 1126 tunc
722 1105 741 1126 a
763 1094 884 1126 cunetis
908 1093 976 1125 aliis
1002 1098 1188 1136 segregaret,
1203 1104 1274 1125 eum
1300 1093 1332 1125 et
1347 1104 1420 1136 spes
1434 1099 1466 1125 et
1481 1094 1612 1126 facultas
1627 1097 1687 1127 sibi

221 1148 344 1179 deesset
360 1149 481 1190 generis
497 1149 676 1180 inveniendi
691 1148 782 1180 simul
810 1159 847 1180 ae
869 1149 966 1190 partis
993 1154 1191 1190 utrorumque
1213 1149 1294 1179 inter
1319 1159 1352 1180 se
1377 1148 1475 1190 [268]
1499 1149 1682 1181 divisorum.

221 1201 277 1234 So.
299 1201 382 1234 Seite
399 1202 543 1244 loqueris,
559 1203 695 1244 Hospes.
720 1209 752 1234 at
776 1203 857 1234 illud
880 1213 941 1245 qua
964 1203 1083 1234 ratione
1108 1202 1231 1244 planius
1258 1202 1391 1244 intelligi
1407 1207 1526 1244 posset,
1542 1205 1685 1242 ostende,

222 1265 287 1285 non
302 1254 397 1292 idem,
413 1256 466 1286 sed
481 1255 566 1286 aliud
582 1267 649 1288 esse
670 1261 788 1298 partem
805 1262 899 1298 atque
915 1267 1024 1297 genus.
1071 1255 1181 1288 How.
1204 1256 1234 1287 Ο
1249 1257 1382 1288 virorum
1398 1257 1515 1297 optime
1530 1257 1684 1294 Socrates,

221 1309 304 1339 haud
322 1309 388 1340 leve
404 1308 480 1351 quid
499 1310 647 1351 postulas.
673 1310 796 1352 longius
825 1311 931 1347 modo,
954 1319 1047 1352 quam
1076 1310 1179 1350 decet,
1196 1311 1235 1341 ab
1260 1310 1406 1341 instituto
1422 1310 1553 1351 digressi
1568 1311 1684 1342 sumus:

221 1367 255 1393 tu
274 1373 345 1394 vero
362 1363 488 1394 ulterius
505 1365 597 1395 etiam
615 1365 777 1406 pervagari
789 1364 894 1405 jubes.
918 1375 1003 1396 nune
1029 1375 1130 1404 porro,
1146 1370 1181 1395 ut
1204 1365 1320 1396 decens
1343 1370 1404 1405 est,
1418 1365 1494 1395 illuc
1522 1365 1604 1396 unde
1621 1365 1686 1396 dis-

220 1416 326 1456 cessit,
340 1417 514 1448 reflectatur
529 1418 638 1450 oratio.
663 1418 701 1449 ad
723 1419 789 1449 lizee
817 1418 893 1449 alias
920 1418 1017 1449 otium
1044 1418 1140 1457 nacti,
1157 1418 1246 1459 quasi
1265 1429 1319 1459 per
1332 1418 1476 1459 quasdam
1493 1418 1623 1459 vestigia
1637 1419 1684 1449 di-

221 1474 386 1502 vertemus.
410 1476 614 1503 veruntamen
629 1471 797 1514 diligenter
807 1473 847 1503 ab
866 1472 927 1504 hoe
943 1473 1080 1509 cavebis,
1095 1483 1114 1503 o
1131 1472 1284 1509 Socrates.
1301 1483 1341 1504 ne
1354 1472 1481 1514 quando
1498 1477 1605 1514 aperte
1621 1473 1686 1505 dis-

220 1523 353 1555 tinctum
369 1524 429 1556 hoe
444 1525 568 1557 audisse
582 1537 620 1557 ex
647 1536 695 1557 me
718 1526 862 1558 videaris.
908 1526 964 1559 So.
989 1527 1076 1564 Quid
1106 1526 1216 1558 istud?
1260 1526 1370 1560 Hosr.
1394 1526 1480 1558 Inter
1507 1537 1539 1558 se
1566 1531 1683 1568 partem

219 1578 421 1620 speciemque
436 1578 571 1612 differre.
616 1580 672 1612 So.
697 1581 857 1612 Curnam?
903 1581 1014 1613 HosP.
1038 1580 1200 1622 Quicquid
1225 1586 1272 1612 est
1298 1579 1430 1621 alicujus
1453 1581 1586 1622 speeies,
1601 1581 1684 1622 ejus-

221 1632 293 1664 dem
309 1643 380 1675 pars
394 1644 520 1676 quoque
535 1634 575 1664 sit
590 1645 716 1667 necesse
731 1641 791 1675 est,
803 1634 894 1676 cujus
909 1634 1031 1676 species
1045 1645 1112 1666 esse
1127 1634 1252 1666 dicitur.
1277 1639 1395 1677 partem
1414 1645 1486 1666 vero
1499 1644 1566 1666 esse
1581 1636 1684 1676 speci-

220 1696 270 1717 em
287 1686 335 1718 vel
350 1688 467 1729 speciei
482 1693 614 1730 partem,
630 1699 692 1720 non
708 1695 756 1720 est
771 1689 989 1721 necessarium.
1013 1689 1072 1720 hoc
1093 1689 1186 1720 modo
1213 1699 1262 1719 me
1280 1688 1384 1730 potius
1397 1698 1490 1730 quam
1512 1688 1567 1720 illo
1583 1689 1688 1721 dicere

220 1751 355 1782 semper,
370 1752 389 1772 o
402 1741 559 1784 Socrates,
575 1753 686 1775 assere.
758 1753 789 1774 e.
815 1741 896 1780 Fiet,
913 1747 948 1773 ut
966 1742 1071 1783 jubes.
1117 1742 1226 1775 HosP.
1248 1741 1326 1773 Post
1343 1743 1410 1773 haee
1426 1746 1528 1773 autem
1544 1742 1619 1774 mihi
1634 1743 1683 1774 di-

218 1805 284 1828 cas,
328 1795 382 1828 So-
406 1795 518 1833 Quid?
563 1796 671 1829 Hosv.
695 1743 780 1843 filie,
797 1797 936 1838 inquam,
952 1797 1037 1827 unde
1063 1797 1124 1828 huc
1148 1796 1279 1838 digressi
1301 1806 1419 1829 sumus.
1443 1806 1510 1827 reor
1525 1796 1684 1838 cquidenu

218 1859 287 1880 eam
302 1850 343 1880 ob
357 1860 482 1882 causam
495 1851 657 1892 hueusque.
672 1861 728 1882 nos
739 1853 908 1892 aberrasse,
922 1851 1008 1893 quod
1021 1855 1054 1881 tu
1067 1850 1284 1892 interrogatus,
1299 1860 1370 1892 quae
1386 1850 1417 1880 in
1433 1850 1567 1882 membra
1583 1851 1684 1892 gregis

219 1903 348 1934 nutritio
363 1903 565 1942 divideretur,
578 1905 680 1936 subito
690 1905 821 1936 nimium
834 1904 1037 1946 respondisti,
1053 1905 1117 1935 duo
1133 1903 1277 1946 quaedam
1293 1914 1360 1935 esse
1377 1904 1579 1935 animantium
1589 1914 1683 1946 gene-

217 1968 261 1994 ra,
277 1957 406 1989 alterum
433 1958 559 2000 quidem
585 1959 758 1996 hominum,
773 1959 904 1990 alterum
920 1969 992 1990 vero
1011 1959 1169 1990 brutorum
1192 1957 1282 1989 simul
1307 1957 1447 1990 omnium
1473 1969 1582 1990 unum.
1627 1958 1684 1989 So.

214 2011 335 2042 'Verum
351 2016 408 2045 est.
453 2011 561 2043 Hosr’.
585 2012 674 2044 Tunc
689 2022 763 2044 sane
779 2012 854 2043 mihi
875 2012 957 2043 visus
984 2022 1017 2043 es
1033 2017 1121 2054 parte
1136 2012 1271 2055 quadam
1287 2012 1405 2051 ablata,
1419 2012 1575 2043 residuum
1592 2022 1684 2044 omne

217 2076 316 2107 genus
330 2076 425 2097 unum
450 2066 631 2097 animalium
655 2067 696 2098 ob
719 2066 753 2098 id
780 2066 936 2108 putavisse
961 2067 1155 2108 ponendum,
1170 2067 1254 2108 quod
1283 2077 1348 2097 uno
1374 2066 1511 2108 quodam
1525 2067 1684 2098 communi

217 2119 345 2151 nomine
359 2120 519 2163 appellare
534 2125 658 2162 poteras
672 2121 789 2159 omnia,
804 2121 879 2152 dum
895 2121 986 2152 bruta
1001 2122 1148 2154 vocabas.
1194 2121 1248 2152 So.
1271 2121 1324 2152 Sic
1350 2126 1398 2152 est
1412 2127 1529 2152 aetum.
1575 2120 1682 2152 Hosi‘.

217 2173 302 2211 Hoc,
317 2183 338 2204 o
353 2174 517 2205 fortissime
529 2174 831 2216 Socrates‚'perinde
846 2174 969 2206 videtur
991 2185 1069 2211 esse,
1086 2185 1123 2206 ac
1149 2175 1175 2206 si
1196 2174 1273 2216 quid
1297 2174 1381 2205 aliud
1410 2174 1538 2215 animal,
1555 2179 1588 2205 ut
1612 2185 1684 2215 grus

218 2224 273 2258 aut
286 2226 373 2258 aliud
388 2227 462 2265 tale,
478 2233 560 2260 esset
575 2228 750 2270 prudentiae
775 2229 943 2271 particeps,
959 2229 1161 2270 similiterque
1184 2234 1220 2260 ut
1242 2234 1276 2259 tu
1296 2227 1523 2264 denominaret,
1538 2234 1571 2258 et
1593 2228 1684 2269 grues

215 2291 316 2322 'genus
331 2292 426 2313 unum
439 2287 582 2323 poneret,
597 2288 700 2314 cetera
715 2293 787 2315 vero
803 2288 918 2315 cuneta
934 2283 1026 2314 simul
1042 2294 1113 2314 cum
1138 2282 1318 2314 hominibus
1345 2292 1409 2313 uno
1433 2282 1570 2323 quodam
1585 2281 1682 2312 altero

218 2345 330 2376 genere
344 2335 615 2378 complecteretur,
631 2347 720 2368 suum
734 2348 832 2379 genus
854 2337 1005 2369 rationale
1021 2347 1151 2375 vocans,
1166 2337 1284 2379 reliqua
1299 2346 1372 2368 vero
1386 2336 1490 2366 omnia
1506 2336 1605 2366 bruta.
1629 2345 1683 2366 ce-

215 2398 326 2420 nemur
349 2389 457 2431 itaque
481 2401 539 2422 nos
565 2391 605 2422 ab
634 2391 778 2423 omnibus
803 2391 1022 2434 hujuscemodi
1046 2392 1198 2422 erroribus
1221 2389 1389 2422 declinare.
1433 2390 1487 2421 So.
1513 2390 1586 2427 Qua
1610 2390 1682 2421 via?

215 2441 327 2474 HosP.
356 2443 409 2475 Ne
432 2444 612 2476 animalium
640 2457 739 2488 genus
761 2446 900 2478 omnium
926 2445 1107 2487 partiamur,
1135 2449 1169 2475 ut
1195 2444 1297 2475 minus
1323 2444 1356 2475 in
1381 2444 1428 2474 his
1451 2443 1683 2485 delinquamus.

217 2494 333 2537 Neque
348 2497 430 2528 enim
456 2503 591 2540 oportet.
635 2500 689 2531 Sic
713 2510 804 2541 porro
833 2509 926 2541 supra
949 2499 1152 2540 deliquimus.
1198 2498 1254 2529 So.
1277 2498 1364 2535 Qui?
1408 2497 1515 2529 ilosr‘.
1540 2497 1615 2528 Pars
1629 2497 1685 2528 ina

215 2551 482 2592 contemplatricis
506 2553 656 2591 scientiae,
673 2564 744 2595 qum
769 2554 810 2585 ad
833 2554 1047 2594 imperandum
1074 2557 1210 2594 spectat,
1226 2552 1294 2594 ejus
1310 2552 1431 2594 generis
1447 2561 1514 2582 esse
1529 2551 1685 2588 constitit,

217 2604 304 2644 quod
330 2604 476 2636 animalia
500 2611 598 2648 curat,
612 2607 757 2639 animalia
779 2607 927 2639 videlicet
953 2605 1135 2648 gregabilia.
1180 2605 1296 2637 Nonne
1322 2606 1390 2636 ita?
1435 2606 1491 2638 So.
1515 2604 1564 2635 Ita
1586 2609 1680 2636 certe·

216 2656 324 2689 Hosv.
347 2659 453 2696 Quare
469 2664 544 2692 tunc
559 2670 685 2702 quoque
708 2671 802 2692 omne
827 2661 1008 2692 animalium
1023 2670 1120 2702 genus
1145 2660 1243 2701 [264]
1267 2659 1300 2690 in
1320 2659 1418 2690 ferum
1437 2664 1470 2690 et
1485 2663 1679 2689 mansuetum

215 2716 263 2741 est
277 2711 471 2744 distinctum.
495 2723 566 2755 quae
581 2714 664 2745 enim
680 2715 724 2746 sic
737 2720 846 2746 natura
872 2714 1016 2745 instituta
1029 2719 1113 2751 sunt,
1131 2719 1165 2744 ut
1182 2723 1394 2744 mansuescere
1411 2713 1542 2755 possint,
1558 2713 1680 2742 domes-

216 2759 279 2795 tica
305 2765 466 2807 appellata
490 2771 585 2797 suut:
609 2772 711 2799 cetera
736 2779 807 2800 vero
827 2768 989 2799 silvestria.
1047 2768 1104 2799 So.
1127 2767 1270 2809 Egregie.
1316 2767 1422 2799 Hosr.
1444 2766 1581 2798 Scientia
1600 2775 1680 2795 vcro

215 2818 281 2855 illa,
298 2829 390 2860 quam
402 2821 580 2862 quaerimus,
596 2822 628 2851 iu
644 2822 825 2854 domesticis
837 2829 883 2852 est
899 2827 932 2852 et
953 2827 1029 2859 erat,
1045 2827 1078 2852 et
1100 2821 1182 2853 eirca
1206 2832 1303 2863 genus
1323 2820 1503 2852 animalium
1532 2818 1679 2849 sociabile

215 2874 383 2913 quaerenda
399 2874 531 2906 videtur.
576 2875 632 2908 So.
655 2876 748 2907 Sane.
794 2876 903 2908 Hosv.
927 2875 1010 2916 Ergo
1027 2886 1067 2907 ne
1091 2876 1131 2906 ad
1151 2881 1265 2907 cuncta
1291 2874 1382 2906 simul
1410 2872 1618 2914 respiciendo,
1634 2871 1680 2901 uti

217 2929 305 2964 tunc,
320 2927 517 2959 dividamus:
542 2940 645 2971 neque
661 2929 693 2960 in
711 2931 874 2970 partiendo
895 2930 1024 2960 nimium
1054 2939 1265 2971 properemus,
1281 2932 1458 2968 utssrepente
1474 2925 1596 2957 civilem
1618 2925 1678 2955 sci-

217 2980 332 3012 entiam
348 2983 657 3024 comprehendamus.
703 2983 784 3016 Nam
802 2983 896 3016 nimia
911 2983 1070 3016 festinatio
1087 2984 1174 3022 fecit,
1192 2988 1225 3015 ut
1240 2983 1329 3023 illud,
1346 2981 1430 3023 quod
1447 2978 1607 3022 provcibio
1618 2978 1678 3009 fer-
