1846 3268
174 305 176 307 .
191 283 286 336 195]
739 273 1083 314 THEAETETUS.
1567 278 1644 317 261

186 385 300 419 Restat
314 385 432 425 itaque,
446 381 525 415 falsa
541 380 575 412 in
600 380 660 411 hoc
685 377 818 419 opinari.
863 376 1001 414 Quando
1027 369 1070 407 te'
1082 374 1344 417 Theodorumque
1367 386 1572 418 cognoscens,
1587 389 1652 411 ser.

186 449 325 482 verisque
335 438 368 470 in
379 447 466 469 cerea
484 435 537 466 issa
551 433 653 475 effigie
669 432 831 473 utriusque
846 430 960 473 figuras
976 430 1071 471 longo
1095 440 1131 460 ex
1156 434 1295 471 tempore
1313 435 1459 472 tanquam
1483 432 1647 464 anulorum

186 499 356 525 vestrorum
368 490 540 534 signacula,
554 499 657 530 neque
673 491 765 518 acute
779 495 909 517 cernens
931 489 1092 525 utrosque,
1114 488 1203 514 tento
1231 484 1387 525 proprium
1409 485 1570 527 utriusque
1584 486 1648 529 sig-

186 557 262 579 num
286 545 421 588 proprias
435 543 549 576 visioni
563 540 763 573 attribuendo
779 539 848 581 ejus
875 538 1111 570 accommodare
1127 537 1271 578 vestigio,
1287 542 1324 569 ut
1347 538 1466 579 agnitio
1490 539 1565 571 fiat:
1593 542 1650 573 sed

188 601 308 638 aberro,
322 605 355 631 et
369 599 465 630 instar
479 607 598 633 eorum,
614 596 669 637 qui
693 594 893 627 commutatis
920 592 1035 624 calceis
1060 597 1175 632 errant,
1190 597 1362 630 commum,
1378 599 1409 624 et
1425 594 1589 636 utriusque
1605 596 1652 627 vi-

185 655 304 686 sionem
319 653 360 685 ad
377 653 511 684 alienum
527 650 724 682 simulacrum
740 648 900 684 transfero,
913 654 946 678 et
960 646 1070 678 similia
1086 646 1231 687 quaedam
1247 646 1349 687 patior
1373 647 1422 684 iis,
1443 658 1513 689 quae
1527 649 1561 679 in
1577 660 1650 691 spe·

185 708 264 740 culis
276 712 448 738 transverso
467 704 631 744 resultant,
645 714 716 735 curn
742 707 888 743 aspectus
915 702 1042 732 dextera
1065 700 1098 731 in
1121 699 1245 731 sinistra
1268 706 1462 732 commutat:
1485 706 1581 742 atque
1606 703 1652 735 ita

186 761 343 803 decipior,
354 760 554 801 nasciturque
567 758 671 790 aliena
686 756 794 798 opinio
809 761 843 787 et
859 755 903 794 id,
927 754 1012 796 quod
1039 753 1118 784 falsa
1141 753 1264 794 opinari
1279 760 1419 787 vocatur.
1461 755 1547 787 Tna-
1571 756 1650 788 Om-

185 814 274 853 nino,
289 825 307 845 o
323 814 478 851 Socrates,
494 810 651 854 opinionis
666 809 769 852 passio
785 809 856 840 talis
870 814 928 845 est,
939 807 1062 850 qualem
1077 807 1205 839 mirifice
1218 807 1368 848 figurasti.
1413 808 1471 841 So.
1495 809 1654 842 Praeterea

185 879 256 901 cum
273 873 419 909 utrosque
432 875 626 908 cognoscens
642 875 737 896 unum
753 863 883 904 insuper
898 862 1012 899 sentio,
1028 861 1159 893 alterum
1179 862 1325 901 minime;
1348 863 1561 903 cognitionem
1578 875 1651 895 vero

185 923 312 955 alterius
326 933 390 953 non
405 920 577 953 secundum
600 929 724 950 sensum
749 917 851 948 habeo
865 927 874 948 ι
899 916 984 958 quod
1008 925 1101 957 supra
1115 915 1162 947 ita
1174 915 1252 952 dixi,
1266 926 1326 948 nec
1344 920 1376 947 tu
1393 927 1441 948 me
1456 916 1652 951 intellexisti.

184 976 273 1009 Tne.
294 976 370 1008 Non
384 980 480 1007 certe.
524 974 580 1005 So.
603 973 674 1005 Hoc
690 977 793 1003 tamen
810 971 965 1007 dicebam,
979 970 1064 1012 quod
1080 969 1135 1011 qui
1159 969 1301 1011 agnoscit
1321 969 1451 1002 alterum
1467 975 1562 1012 atque
1577 982 1649 1004 sen-

187 1031 226 1064 tit
248 1035 282 1062 et
306 1030 520 1072 cognitionem
546 1028 717 1060 secundum
742 1036 867 1057 sensum
895 1025 993 1067 ipsius
1019 1025 1126 1066 babet,
1139 1034 1300 1066 nunquam
1326 1025 1450 1065 putabit
1463 1025 1568 1067 ipsum
1584 1037 1652 1059 esse

187 1084 283 1116 alium
298 1084 468 1126 quendam,
484 1091 577 1123 quem
599 1080 742 1122 agnoscit
762 1089 888 1121 quoque
912 1083 945 1110 et
966 1078 1072 1115 sentit,
1087 1077 1217 1119 cujusve
1240 1079 1452 1120 cognitionem
1477 1081 1651 1112 secundum

187 1148 312 1170 sensum
327 1138 432 1169 habet.
475 1135 591 1168 Eratne
603 1135 688 1166 hoc?
733 1134 820 1166 Tne.
844 1133 958 1164 Immo.
1004 1132 1060 1165 Sc.
1083 1132 1328 1164 Praetermissum
1344 1135 1578 1174 quodammodo
1589 1135 1651 1166 suit

187 1192 272 1234 quod
288 1191 381 1223 modo
396 1190 522 1231 dicitur,
538 1200 608 1222 cum
625 1189 655 1220 in
674 1187 882 1230 superioribus
899 1197 1103 1218 assereremus
1128 1186 1237 1218 falsam
1258 1186 1440 1229 opinionem
1456 1188 1652 1230 contingere,

187 1245 333 1288 quotiens
348 1244 501 1287 quispiam
528 1249 659 1285 utraque
684 1253 816 1274 noscens
842 1247 875 1273 et
888 1242 999 1273 videns
1014 1246 1068 1272 aut
1084 1240 1147 1272 alio
1163 1241 1299 1283 quodam
1315 1251 1407 1273 sensu
1431 1242 1528 1284 [194]
1553 1243 1651 1284 perci-

186 1299 277 1340 piens
300 1305 334 1330 et
359 1303 559 1339 utrorumque
584 1296 745 1339 signacula
769 1301 891 1334 tenens,
917 1306 982 1327 non
1006 1295 1180 1327 secundum
1207 1294 1309 1337 ipsius
1336 1296 1496 1338 proprium
1524 1307 1650 1328 sensum

186 1357 354 1394 utrumque
367 1352 473 1388 habet,
489 1361 593 1382 verum
609 1350 706 1383 instar
721 1349 856 1392 imperiti
873 1348 1024 1391 sagittarii
1039 1359 1058 1380 a
1080 1348 1170 1390 signo
1195 1349 1304 1390 procul
1330 1350 1461 1387 aberrat.
1477 1351 1563 1393 quod
1579 1351 1652 1393 qui-

185 1407 258 1439 dem
274 1405 471 1438 mendacium
487 1410 703 1446 nuncupatum
719 1410 777 1436 est.
821 1403 909 1435 Tm:-
930 1403 1002 1435 Nec
1017 1402 1141 1444 injuria.
1186 1404 1244 1435 So.
1267 1403 1309 1436 Et
1319 1405 1446 1446 quando
1459 1405 1512 1436 uni
1523 1405 1650 1447 quidem

185 1460 414 1502 signaculorum
436 1460 525 1492 adest
537 1469 657 1496 sensus,
672 1458 760 1490 alteri
786 1457 912 1489 minime
927 1469 936 1488 ι
959 1457 1046 1498 quod
1063 1468 1134 1489 vero
1159 1458 1295 1489 absentis
1309 1469 1416 1490 sensus
1429 1464 1488 1497 est,
1506 1459 1653 1500 praesenti

185 1514 355 1546 adscribit:
378 1513 505 1545 omnino
532 1513 600 1545 haec
623 1511 774 1554 cogitatio
801 1511 940 1542 fallitur:
964 1516 997 1543 et
1023 1515 1059 1542 ut
1084 1511 1260 1542 summatim
1276 1512 1392 1550 dicam,
1406 1513 1488 1545 circa
1502 1513 1557 1544 illa
1578 1524 1652 1555 quae

185 1569 256 1611 quis
270 1578 430 1610 uunquam
446 1573 501 1599 aut
515 1567 604 1598 novit
618 1573 674 1597 aut
695 1566 803 1602 sensit,
818 1565 885 1596 fani
910 1565 1072 1597 mentirive
1088 1569 1121 1596 et
1135 1565 1246 1597 falsam
1261 1566 1441 1607 opinionem
1456 1567 1569 1599 habere
1582 1579 1650 1603 non

186 1626 303 1664 potest,
318 1622 344 1652 si
358 1621 435 1663 quid
452 1621 516 1652 veri
531 1630 588 1652 nos
609 1629 695 1651 nuno
710 1618 876 1661 loquimur.
922 1618 1070 1651 Ceterum
1086 1618 1117 1649 in
1136 1619 1250 1660 quibus
1266 1620 1422 1651 noscimus
1437 1626 1470 1652 et
1484 1621 1650 1661 sentimus,

184 1676 219 1707 in
233 1675 274 1707 iis
286 1674 364 1716 ipsis
388 1674 498 1716 opinio
513 1683 585 1705 vera
598 1673 648 1704 vel
673 1672 751 1704 falsa
766 1677 923 1706 versatur:
948 1682 1018 1714 quae
1043 1683 1114 1704 cum
1138 1683 1156 1703 e
1178 1678 1350 1714 conspectu
1376 1674 1559 1716 directoque
1575 1675 1649 1706 nixu

186 1728 315 1770 propria
325 1727 487 1759 simulacra
500 1726 651 1758 conducit
665 1726 850 1768 figuratque,
867 1736 939 1756 vera
955 1730 1021 1757 est:
1044 1736 1115 1757 cuni
1131 1736 1203 1757 vero
1219 1731 1391 1759 transverso
1405 1733 1499 1769 atque
1509 1729 1651 1770 obliquo,

185 1782 275 1814 falsa.
317 1781 406 1814 Tne.
429 1780 545 1812 Nonne
561 1780 706 1822 praeclare
721 1779 792 1817 ista,
807 1790 826 1812 o
839 1779 994 1816 Socrates,
1010 1779 1097 1811 dicta
1115 1780 1212 1811 sunt?
1257 1781 1315 1813 So.
1339 1781 1419 1814 Cum
1447 1783 1514 1813 haec
1539 1783 1648 1814 audie-

186 1836 240 1873 ris,
262 1836 346 1868 idem
376 1834 590 1866 vehementius
615 1843 742 1865 asseres.
765 1843 836 1864 vera
858 1844 950 1876 porro
973 1833 1096 1874 opinari
1125 1834 1287 1875 pulchrum
1312 1842 1370 1872 est,
1399 1836 1522 1868 mentiri
1545 1842 1648 1879 turpe.

186 1891 274 1924 Tun.
298 1889 419 1928 Quidni
432 1889 443 1919 ?
488 1889 543 1921 So.
566 1888 646 1919 Haec
666 1887 776 1929 utique
802 1887 876 1919 hinc
906 1888 1039 1919 maxime
1068 1888 1133 1919 fieri
1161 1890 1298 1920 tradunt.
1343 1890 1425 1922 Cum
1451 1890 1586 1932 alicujus
1615 1891 1649 1922 in

187 1944 292 1976 animo
308 1954 396 1976 cerea
411 1942 528 1984 effigies
542 1942 596 1974 illa
611 1941 767 1984 profunda
783 1947 815 1973 et
830 1941 928 1973 multa
943 1942 1093 1984 laevisque
1108 1947 1142 1974 et
1153 1943 1314 1976 moderate
1329 1944 1488 1976 elaborata
1502 1951 1562 1986 est,
1576 1956 1649 1987 quae

187 2009 244 2041 per
257 2008 364 2031 sensus
379 1996 527 2039 influunt,
542 1996 573 2027 in
590 1997 650 2028 hoc
666 1996 837 2038 insculpta,
854 1996 938 2038 quod
955 1996 1113 2028 Homerus
1125 1997 1238 2028 animae
1254 2008 1307 2030 cor
1322 1999 1456 2036 vocavit,
1472 2010 1550 2031 cerae
1567 2000 1650 2032 hanc

187 2052 425 2086 similitudinem
438 2050 690 2092 subintelligens,
706 2055 818 2092 utpote
834 2061 912 2093 pura
926 2051 1088 2092 signacula
1103 2057 1136 2083 et
1149 2051 1291 2083 funditus
1306 2053 1489 2095 insidentia,
1503 2054 1651 2085 diuturna

187 2106 278 2139 fiunt.
306 2105 372 2139 rAc
389 2105 488 2148 primo
504 2104 631 2147 quidem
647 2104 790 2136 homines
802 2105 845 2138 sic
860 2105 1001 2137 instituti
1015 2106 1136 2138 dociles
1151 2112 1225 2138 sunt
1241 2111 1274 2138 et
1293 2108 1379 2139 acuti
1393 2119 1400 2139 :
1425 2108 1540 2139 deinde
1555 2108 1650 2139 etiam

188 2170 360 2192 memores:
384 2164 542 2202 postremo
557 2169 703 2191 sensuum
719 2159 882 2191 simulacra
897 2170 961 2191 non
984 2166 1198 2200 commutant3
1222 2161 1306 2192 unde
1319 2172 1390 2192 vera
1414 2161 1558 2193 nimirum
1579 2162 1650 2203 opi-

187 2219 313 2245 nantur.
333 2224 404 2246 cum
420 2213 502 2245 enim
519 2213 679 2255 perlucida
705 2219 738 2244 et
762 2214 866 2255 ampla
892 2214 924 2245 in
951 2214 1077 2256 regione
1102 2214 1175 2251 sint,
1190 2214 1338 2246 velociter
1362 2215 1552 2247 distribuunt
1572 2215 1653 2246 divi·

189 2268 333 2310 duntque
355 2267 388 2298 in
404 2267 559 2310 propriam
576 2267 708 2309 effigiem
733 2267 858 2310 singula
872 2279 879 2298 :
903 2279 975 2310 quae
999 2268 1126 2310 quidem
1142 2267 1312 2300 existentia
1327 2279 1461 2311 veraque
1478 2274 1628 2301 vocantur
1643 2280 1651 2303 :

191 2322 311 2364 virique
326 2321 405 2353 tales
417 2322 575 2363 sapientes
589 2332 657 2353 esse
672 2321 830 2353 dicuntur.
854 2333 894 2353 an
909 2332 975 2353 non
999 2322 1084 2353 idem
1110 2322 1166 2353 tibi
1181 2322 1326 2353 videtur?
1371 2323 1459 2356 Tuis.
1484 2323 1601 2354 Mirum
1617 2323 1652 2354 in

189 2375 341 2407 modum?
385 2375 442 2408 So.
465 2375 603 2413 Quando
623 2374 717 2416 igitur
739 2376 870 2407 densum
893 2375 1028 2416 alicujus
1043 2380 1091 2407 est
1105 2386 1170 2413 cor,
1185 2376 1271 2417 quod
1282 2376 1527 2418 sapientissimus
1550 2377 1652 2408 Poeta

190 2428 343 2466 laudavit,
359 2429 407 2460 vel
424 2439 495 2460 cum
511 2429 701 2461 lutulentum
716 2440 775 2461 nec
790 2441 828 2462 ex
843 2430 986 2462 defecata
999 2440 1082 2471 cera,
1095 2429 1144 2461 vel
1160 2430 1253 2461 molle
1268 2430 1360 2462 nimis
1375 2431 1423 2462 vel
1439 2431 1549 2462 durum
1564 2443 1571 2462 :
1586 2441 1653 2463 non

193 2487 277 2515 recte
293 2482 422 2515 omnino
433 2493 466 2514 se
481 2483 587 2515 habet.
631 2483 716 2515 Nam
731 2483 834 2515 mollis
850 2484 981 2516 nimium
996 2494 1068 2516 cera
1083 2484 1198 2515 celeres
1213 2484 1340 2525 quidem
1355 2485 1395 2516 ad
1412 2485 1651 2526 percipiendum

189 2535 298 2574 efficit,
309 2537 363 2567 sed
375 2537 501 2569 cosdem
515 2537 706 2569 oblivimus:
730 2539 808 2570 dura
823 2549 894 2570 vero
909 2545 1018 2571 contra
1030 2538 1085 2569 diu
1101 2548 1262 2575 memores,
1274 2538 1329 2569 sed
1342 2538 1470 2580 ineptos
1482 2539 1651 2581 tardosque

191 2590 230 2622 ad
248 2590 483 2632 percipiendum
500 2602 507 2623 ε
530 2596 563 2622 et
577 2591 631 2633 qui
646 2592 775 2623 densam
791 2597 824 2624 et
838 2602 978 2634 asperam
995 2592 1216 2634 lapideamque
1232 2592 1280 2623 vel
1301 2597 1429 2624 terream
1447 2592 1495 2624 vel
1510 2593 1651 2624 feculen-

191 2649 253 2676 tam
270 2644 398 2681 habent,
413 2644 543 2676 obscura
554 2644 715 2676 simulacra
729 2645 915 2677 continent:
939 2647 1069 2677 obscura
1086 2655 1213 2687 quoque
1228 2646 1284 2687 qui
1299 2647 1409 2684 duram
1420 2658 1430 2686 ;
1453 2647 1650 2688 profunditas

191 2699 312 2740 quippe
327 2708 394 2730 non
407 2698 520 2730 adestz
545 2698 676 2730 obscura
690 2703 838 2740 praeterea
850 2700 907 2741 qui
922 2700 1110 2732 molliorem.
1135 2709 1206 2731 nam
1221 2711 1259 2731 ex
1273 2700 1458 2732 confusione
1483 2701 1579 2743 [195]
1604 2701 1652 2732 fa-

190 2751 251 2786 cile
266 2755 468 2783 evanescunt·
491 2752 575 2794 quod
591 2752 618 2783 si
632 2758 743 2793 praeter
769 2754 836 2786 haec
860 2753 995 2786 invicem
1019 2764 1146 2795 quoque
1161 2759 1312 2796 congesta
1325 2755 1388 2786 sint
1401 2756 1442 2787 ob
1457 2755 1539 2787 sedis
1555 2755 1654 2797 ipsius

191 2806 380 2848 angustiam,
395 2805 422 2837 si
445 2805 571 2847 quidem
596 2806 710 2848 exigua
733 2808 774 2839 sit
796 2808 946 2848 animula,
963 2808 1140 2840 obscuriora
1162 2818 1287 2851 quoque
1311 2808 1372 2840 illis
1386 2809 1549 2852 simulacra
1564 2809 1653 2841 fient.

192 2859 347 2892 Homines
358 2870 432 2901 ergo
447 2859 627 2901 hujusmodi
651 2870 771 2898 omnes,
798 2862 906 2903 quales
920 2862 1152 2904 descripsimus,
1168 2863 1208 2894 ad
1225 2863 1406 2904 opinionem
1429 2863 1537 2894 salsam
1559 2863 1653 2904 proni

190 2913 375 2946 redduntur.
417 2913 500 2945 Nam
516 2924 587 2946 cum
603 2915 679 2956 quid
695 2915 804 2947 vident
819 2921 874 2947 aut
895 2916 1031 2948 audiunt
1045 2921 1100 2948 aut
1116 2917 1279 2966 fogitant,
1294 2918 1370 2959 quia
1383 2917 1505 2958 singula
1520 2916 1652 2957 singulis

191 2977 263 2999 mox
278 2968 406 3003 reddere
420 2974 592 3011 nequeunt,
604 2969 685 3002 tardi
701 2975 773 3002 sunt
790 2971 1092 3014 praevaricanturquc
1106 2983 1115 3004 ι
1141 2981 1213 3003 nam
1236 2982 1379 3014 perverso
1395 2971 1502 3003 vident
1518 2970 1650 3013 plurima
