1846 3268
239 284 319 325 334
839 281 1106 323 PLA‘roms
1605 287 1703 340 [432

238 385 413 419 imitatione
429 384 599 427 referimus,
614 383 796 425 contingere
812 390 917 427 potest
931 385 963 416 in
979 385 1038 423 his,
1053 387 1318 428 quemadmodum
1332 385 1366 418 in
1387 387 1529 429 picturis,
1543 388 1578 419 in
1592 387 1705 431 quibus

240 441 367 482 accidit,
383 445 418 471 ut
430 449 581 481 congruas
597 448 706 469 omnes
720 438 833 479 figuras
846 439 1029 480 coloresque
1044 440 1246 472 adhibeamus
1259 453 1266 471 :
1291 440 1429 483 itemque
1446 447 1480 473 ut
1495 453 1558 473 non
1573 453 1680 474 omnes
1694 454 1704 483 3

241 496 296 527 scd
312 495 424 537 partim
449 493 708 534 superaddamus,
731 492 843 533 partim
868 492 1096 534 subtrahamus,
1120 493 1270 535 pluraque
1285 499 1318 526 et
1333 494 1480 536 pauciora
1494 496 1707 528 exhibeamus·

240 559 347 581 nonne
362 548 428 579 fieri
443 548 503 578 hoc
519 546 646 588 potest?
671 545 781 577 Cam.
803 545 918 576 Procul
934 546 1043 577 dubio.
1068 546 1124 579 So.
1147 546 1213 584 Qui
1227 548 1447 580 convenientia
1464 549 1569 580 omnia
1583 549 1704 587 tribuit,

240 603 386 646 pulchras
409 601 511 634 literas
533 605 567 631 et
591 599 740 641 imagines
767 600 880 630 reddit.
904 599 956 641 qui
984 610 1057 631 vero
1084 600 1174 631 addit
1197 601 1245 632 vel
1267 602 1378 644 aufert,
1400 601 1503 634 literas
1517 603 1644 645 quidem
1667 613 1704 635 ac

239 657 393 698 imagines
408 660 440 687 et
455 655 523 697 ipse
538 653 626 691 facit,
642 655 698 685 sed
715 654 821 685 malas.
857 653 980 686 Can.
1005 653 1142 696 Nempe.
1187 655 1243 687 So.
1267 655 1330 693 Qui
1346 662 1449 688 autem
1474 667 1529 698 per
1543 657 1646 689 literas
1668 667 1705 689 ac

242 710 379 753 syllabas
404 719 504 740 rerum
529 707 695 740 essentiam
724 707 873 745 imitatur,
903 718 1010 739 nonne
1035 709 1145 739 eadem
1170 710 1302 751 ratione,
1325 710 1349 740 si
1366 711 1579 752 competentia
1601 711 1707 742 omnia

241 763 360 801 tribuit,
377 763 536 805 pulchram
563 763 728 804 imaginem
745 762 861 793 efficit?
886 762 935 803 (id
960 768 1062 794 autem
1087 773 1202 794 nomen
1226 763 1348 806 existit)
1370 764 1417 795 sin
1433 770 1537 796 autem
1552 764 1584 795 in
1600 765 1708 806 paucis

241 817 370 850 deficiat
383 817 434 848 vel
448 816 591 852 excedat,
608 816 710 857 imago
722 816 850 857 quidem
863 816 1025 853 efficietur,
1039 817 1092 847 sed
1107 827 1169 847 non
1184 817 1335 858 pulchra?
1356 817 1568 855 Quamobrem
1579 819 1706 850 nomina

241 872 386 914 quaedam
403 871 483 902 bene
499 869 641 901 instituta
655 875 757 906 erunt,
774 870 917 910 quaedam
941 875 1060 901 contra.
1106 869 1218 902 can.
1242 870 1346 903 Forte.
1392 872 1448 903 So.
1471 871 1615 902 Forsitan
1631 882 1706 914 ergo

239 936 321 957 unus
345 923 507 956 nominum
532 924 632 954 bonus
658 923 718 954 erit
745 922 866 958 artifex,
893 923 992 954 malus
1016 923 1104 955 alter.
1148 925 1257 957 Can.
1303 925 1462 957 Profecto.
1508 925 1564 958 So.
1588 925 1706 958 Nonne

238 979 313 1011 huic
338 988 452 1009 nomen
479 981 545 1008 erat
570 976 731 1008 nominum
756 977 900 1008 conditor
915 977 925 1007 ?
973 977 1084 1009 Cart.
1110 977 1220 1009 Plane.
1266 979 1321 1011 So.
1345 978 1415 1009 Erit
1438 979 1546 1020 itaque
1571 979 1606 1011 in
1631 981 1706 1023 hoc,

240 1032 505 1076 quemadmodum
519 1031 554 1061 in
570 1030 679 1062 ceteris
704 1030 833 1072 artibus,
859 1030 1004 1062 conditor
1029 1032 1188 1063 nominum
1213 1032 1312 1063 bonus
1337 1043 1429 1073 unus,
1451 1032 1532 1064 alius
1553 1043 1627 1064 veru
1642 1044 1707 1064 aon

239 1088 355 1128 bonus,
369 1086 394 1116 si
410 1085 502 1116 modo
518 1084 676 1126 superiora
693 1084 744 1114 illa
765 1083 845 1115 inter
860 1094 918 1114 nos
933 1089 1090 1115 constant.
1136 1084 1247 1116 Cam:
1270 1085 1354 1116 Vera
1377 1086 1445 1117 haec
1460 1090 1543 1119 sunt.
1587 1085 1705 1118 Verum

237 1141 349 1178 cernis,
366 1151 385 1171 o
398 1140 553 1178 Socrates,
568 1138 713 1180 quotiens
730 1138 786 1168 has
802 1138 905 1168 literas
920 1148 938 1168 a
953 1143 986 1169 et
1000 1139 1019 1168 b
1035 1143 1068 1169 et
1082 1139 1215 1180 quodvis
1226 1138 1451 1170 elementorum
1462 1139 1640 1173 nominibus
1651 1151 1707 1183 per

239 1201 336 1227 artem
361 1193 592 1236 grammaticam
618 1191 827 1227 attribuimus,
854 1191 950 1232 [432]
973 1192 998 1222 si
1024 1192 1100 1233 quid
1124 1192 1291 1223 auferimus
1315 1192 1363 1223 vel
1378 1193 1523 1224 addimus
1539 1193 1589 1225 vel
1611 1194 1705 1226 etiam

240 1254 464 1292 permutamus,
479 1247 565 1288 quod
581 1256 695 1276 nomen
722 1245 850 1287 quidem
866 1244 1040 1287 scribimus,
1057 1255 1120 1276 non
1137 1250 1241 1277 tamen
1257 1250 1353 1288 recte,
1366 1245 1462 1277 immo
1476 1257 1548 1278 vero
1563 1247 1596 1278 id
1619 1248 1708 1279 nullo

239 1303 335 1334 modo
351 1301 512 1333 scribimus
527 1313 535 1332 :
551 1300 626 1343 quin
644 1299 748 1341 potius
764 1299 868 1330 statim
885 1298 971 1329 aliud
987 1299 1136 1340 quiddam
1151 1305 1210 1336 est,
1226 1309 1296 1330 cum
1308 1300 1439 1341 primum
1449 1301 1578 1332 istorum
1587 1301 1708 1344 aliquid

239 1356 368 1400 patitur.
412 1356 468 1388 So.
492 1354 688 1390 Videndum,
713 1352 856 1395 Cratyle,
879 1363 920 1384 ne
945 1353 1024 1384 forto
1049 1352 1151 1383 minus
1177 1358 1259 1384 recte
1279 1354 1339 1385 hoc
1356 1359 1450 1395 pacto
1465 1354 1708 1388 consideremus.

240 1411 352 1444 Cam.
397 1410 471 1447 Quo
488 1413 581 1450 pacto
595 1408 606 1438 ?
653 1407 709 1440 So.
731 1407 880 1438 Fortassis
895 1417 1093 1448 quaecunque
1109 1404 1214 1448 aliquo
1230 1418 1267 1438 ex
1281 1418 1411 1439 numero
1422 1414 1566 1440 constare
1581 1410 1630 1441 vel
1640 1420 1706 1442 non

241 1469 385 1497 constare
399 1473 528 1495 necesse
543 1466 602 1499 est,
629 1461 661 1492 id
678 1462 762 1502 quod
787 1461 832 1491 ais
856 1460 1094 1502 perpetiuntur:
1118 1461 1381 1503 quemadmodum
1405 1462 1514 1494 decem
1535 1467 1591 1494 aut
1604 1464 1708 1506 quivis

240 1519 320 1551 alius
345 1527 503 1549 numerus.
527 1526 599 1546 nam
622 1515 757 1557 quilibet
771 1525 928 1552 numerus,
951 1525 1142 1556 quocunque
1165 1515 1274 1546 addito
1295 1515 1342 1546 vel
1360 1515 1476 1554 ablato,
1499 1516 1578 1548 alius
1599 1517 1705 1549 statim

240 1573 382 1604 efficitur.
426 1570 519 1602 Forte
547 1579 618 1601 vero
644 1569 802 1611 qualitatis
825 1568 994 1611 cujuslibet
1018 1574 1051 1600 et
1072 1569 1216 1610 imaginis
1238 1570 1322 1600 haud
1342 1570 1451 1601 eadem
1466 1570 1546 1602 ratio
1568 1576 1626 1610 est,
1651 1573 1707 1603 sed

239 1627 373 1659 diversa.
397 1635 500 1668 neque
515 1622 599 1655 enim
615 1623 721 1655 omnia
735 1623 837 1665 imago
854 1624 966 1654 habere
981 1623 1088 1665 debet,
1111 1633 1308 1666 quaecunque
1326 1623 1405 1654 illud
1419 1623 1511 1666 cujus
1525 1624 1630 1667 imago
1645 1631 1704 1667 est,

240 1681 267 1713 si
284 1681 378 1712 modo
393 1685 441 1711 est
456 1679 558 1720 imago
573 1678 689 1710 futura.
714 1677 949 1715 Animadverte,
965 1688 1040 1708 num
1057 1677 1176 1719 aliquid
1191 1677 1306 1709 dicam.
1331 1677 1386 1708 An
1401 1678 1465 1709 duo
1479 1679 1624 1721 quaedam
1639 1681 1707 1712 haec

239 1741 342 1773 erunt,
359 1734 507 1776 Cratylus
522 1733 670 1764 videlicet
684 1738 717 1764 et
731 1732 830 1774 ipsius
852 1732 966 1773 imago,
983 1731 1009 1763 si
1025 1732 1095 1773 quis
1118 1732 1246 1763 deorum
1268 1742 1332 1763 non
1357 1733 1451 1763 modo
1467 1733 1601 1765 colorem
1617 1739 1705 1765 tuum

238 1790 431 1832 figuramque
447 1786 643 1830 expresserit,
661 1791 695 1817 ut
716 1787 849 1828 pictores
865 1787 979 1827 solent,
996 1787 1051 1818 sed
1078 1786 1223 1818 interiora
1245 1797 1371 1829 quoque
1394 1788 1498 1819 omnia
1512 1787 1623 1819 similia
1645 1789 1708 1820 tuis

238 1843 390 1885 effecerit,
405 1842 568 1873 mollitiem
585 1841 717 1873 eandem
734 1840 945 1882 caloremque,
972 1845 1102 1879 motum,
1126 1841 1273 1878 animam,
1298 1840 1496 1882 sapientiam,
1511 1846 1555 1880 et,
1572 1847 1607 1873 ut
1621 1842 1707 1874 brevi

239 1898 441 1940 complectar,
465 1897 540 1927 talia
566 1906 688 1937 prorsus
718 1895 870 1927 effinxerit
894 1895 1011 1933 omnia,
1036 1895 1140 1937 qualia
1168 1895 1225 1926 tibi
1249 1895 1380 1926 insunt?
1426 1894 1550 1932 Utrum,
1566 1896 1706 1938 inquam,

237 1952 367 1984 alterum
394 1952 522 1983 istorum
554 1949 701 1992 Cratylus
726 1949 795 1987 erit,
820 1949 949 1980 alterum
976 1949 1098 1992 Cratyli
1123 1949 1221 1992 ipsius
1246 1949 1373 1991 imago?
1397 1959 1437 1980 an
1463 1948 1586 1992 Cratyli
1602 1949 1707 1991 potius

237 2005 379 2051 gemini?
425 2005 536 2036 Cnu.
559 2003 694 2045 Cratyli,
710 2014 729 2034 o
745 2003 899 2041 Socrates,
925 2008 960 2033 ut
974 2003 1114 2041 arbitror,
1130 2003 1206 2035 duo.
1252 2003 1307 2035 So.
1331 2003 1452 2040 Cernis,
1477 2003 1590 2042 amice,
1611 2003 1706 2035 aliam

237 2060 383 2103 imaginis
399 2059 549 2091 rationem
564 2068 631 2089 esse
647 2058 858 2099 quaerendam,
876 2068 969 2099 quam
994 2057 1116 2088 illorum
1131 2067 1203 2099 quae
1218 2057 1314 2099 paulo
1330 2061 1402 2088 ante
1423 2056 1576 2088 diximus:
1601 2066 1705 2099 neque

238 2114 416 2157 cogendum
432 2123 511 2150 esse,
527 2112 553 2143 si
567 2111 643 2154 quid
659 2111 708 2143 vel
725 2112 868 2143 additum
891 2113 942 2143 vel
957 2112 1095 2143 ablatum
1111 2112 1215 2149 fuerit,
1235 2116 1272 2143 ut
1287 2122 1351 2142 non
1374 2110 1508 2152 amplius
1523 2110 1564 2142 sit
1578 2110 1707 2153 imago?

239 2179 279 2200 an
295 2178 359 2199 non
384 2166 480 2199 sentis
495 2171 646 2209 quantum
662 2166 751 2197 deest
775 2166 974 2208 imaginibus,
997 2170 1033 2197 ut
1058 2166 1167 2198 eadem
1190 2166 1327 2197 habeant
1350 2176 1421 2207 quae
1445 2169 1478 2196 et
1499 2164 1554 2197 illa
1574 2175 1707 2208 quorum

239 2221 394 2264 imagines
407 2225 480 2252 sunt
493 2221 505 2251 ?
552 2220 663 2252 Caa'r.
688 2220 858 2262 Equidem.
904 2221 960 2253 So.
985 2220 1171 2252 Ridiculum
1183 2220 1315 2262 aliquid,
1327 2219 1469 2262 Cratyle,
1481 2229 1519 2251 ex
1531 2219 1711 2252 nominibus

237 2276 435 2318 contingeret
447 2275 495 2306 his
510 2284 641 2316 quorum
665 2274 793 2306 nomina
817 2280 903 2317 sunt,
931 2275 958 2306 si
984 2285 1108 2317 prorsus
1130 2274 1192 2305 illis
1214 2273 1327 2305 similia
1348 2274 1561 2305 redderentur.
1583 2273 1709 2315 gemina

237 2330 356 2373 quippe
372 2329 477 2360 omnia
491 2329 614 2371 fierent,
628 2334 835 2371 neutrumque
851 2329 973 2360 illorum
990 2333 1093 2360 utrum
1111 2333 1195 2361 esset
1207 2329 1312 2370 potius
1327 2328 1391 2359 dici
1406 2331 1525 2369 posset,
1536 2337 1624 2358 resne
1636 2327 1706 2370 ipsa

239 2395 279 2416 an
298 2395 424 2416 nomen.
469 2384 580 2416 Canu
602 2383 688 2416 Vera
712 2383 859 2425 loqueris.
903 2383 959 2414 So.
981 2383 1126 2425 Ingenue
1151 2383 1258 2425 itaque
1281 2381 1418 2419 fatearis,
1442 2392 1461 2411 o
1477 2381 1522 2412 vir
1543 2391 1706 2423 generose,

238 2438 400 2470 nominum
415 2436 501 2468 aliud
516 2438 609 2479 bene,
635 2437 721 2468 aliud
737 2442 845 2468 contra
861 2437 999 2479 positum
1023 2447 1090 2468 esse
1105 2448 1112 2467 ι
1136 2447 1239 2478 neque
1253 2446 1347 2478 cogas
1362 2432 1471 2467 omnes
1486 2434 1590 2466 literas
1603 2435 1708 2467 conti·

237 2502 323 2530 nere,
338 2492 416 2523 adeo
430 2496 466 2522 ut
481 2490 606 2533 penitus
622 2491 684 2522 tale
700 2491 751 2528 sit,
765 2482 858 2533 quale
874 2496 907 2523 et
923 2491 956 2521 id
973 2490 1065 2532 cujus
1080 2496 1128 2522 est
1143 2500 1258 2521 nomen
1274 2501 1282 2521 ε
1306 2490 1361 2521 sed
1376 2489 1465 2521 mitte
1480 2488 1602 2520 literam
1627 2499 1707 2532 quo-

237 2557 299 2588 que
315 2545 418 2576 minus
433 2555 601 2587 congruam
617 2546 718 2576 afferri
734 2546 925 2587 quandoque
939 2557 946 2576 :
972 2545 997 2576 si
1014 2545 1145 2582 literam,
1162 2549 1195 2576 et
1210 2554 1325 2575 nomen
1341 2543 1481 2575 similiter
1495 2543 1527 2574 in
1543 2554 1684 2575 sermone
1699 2555 1708 2575 ι

237 2601 263 2632 si
278 2601 309 2631 in
326 2610 467 2631 sermone
484 2610 612 2638 nomen,
627 2610 799 2631 sermonem
814 2599 942 2641 insuper
957 2609 1154 2640 nequaquam
1178 2598 1416 2629 convenientem
1439 2598 1530 2629 rebus
1546 2597 1653 2640 tribui,
1674 2603 1708 2629 et

235 2666 298 2687 rem
314 2655 412 2697 ipsam
429 2654 629 2685 nihilominus
645 2654 796 2685 nominari
821 2653 958 2695 dicique,
984 2653 1087 2695 quoad
1112 2652 1154 2684 rei
1171 2652 1280 2694 ipsius,
1303 2652 1393 2694 cujus
1409 2662 1508 2684 sermo
1523 2656 1582 2688 est,
1606 2651 1705 2694 figura

235 2709 332 2740 insita
355 2708 621 2751 quemadmodum
638 2708 670 2738 in
693 2708 793 2750 [433]
817 2708 1042 2739 elementorum
1058 2707 1248 2744 nominibus,
1261 2717 1332 2748 quae
1344 2717 1444 2748 nuper
1455 2717 1515 2749 ego
1530 2711 1562 2738 et
1571 2705 1704 2737 Hermo-

235 2773 331 2806 genes
359 2763 679 2799 commemoravimus,
709 2762 735 2793 si
765 2762 945 2794 recordaris.
994 2761 1103 2793 CaA‘r.
1137 2761 1301 2793 Recordor
1329 2760 1488 2802 equidem.
1533 2760 1589 2792 So.
1612 2759 1703 2791 Bene

235 2817 351 2849 hercle.
395 2816 496 2859 Igitur
511 2818 768 2859 quandocunque
785 2818 845 2848 hoc
862 2817 964 2857 inerit,
979 2816 1120 2858 quamvis
1137 2826 1201 2847 non
1217 2816 1323 2846 omnia
1339 2813 1558 2847 convenientia
1580 2824 1703 2856 prorsus

234 2870 350 2908 adsint,
366 2870 489 2902 dicetur
506 2871 585 2902 bene
600 2871 739 2913 quidem,
755 2882 826 2903 cum
849 2871 953 2902 onmia
968 2883 976 2901 :
1002 2871 1080 2902 male
1096 2881 1181 2912 vero,
1206 2881 1277 2902 cum
1294 2879 1405 2911 pauca.
1450 2868 1526 2900 Dici
1541 2868 1658 2910 itaque,
1681 2879 1700 2899 ο

234 2926 338 2963 beate,
355 2925 512 2956 mittamus
528 2936 535 2955 z
559 2935 598 2956 ne
614 2926 876 2966 quemadmodum
892 2925 948 2967 qui
975 2925 1006 2955 in
1023 2925 1141 2966 lEgina
1156 2929 1251 2956 noctu
1267 2923 1545 2964 circumvagantur,
1561 2932 1629 2954 sero
1641 2922 1704 2954 iter

236 2983 401 3021 peragunt,
417 2978 461 3010 ita
476 2983 509 3010 et
523 2989 579 3010 nos
596 2979 656 3011 hoc
684 2985 777 3020 pacto
793 2979 832 3010 ad
851 2989 896 3011 res
913 2978 994 3021 ipsas
1010 2989 1041 3010 re
1059 2989 1130 3010 vcra
1145 2978 1243 3009 serius
1264 2987 1356 3019 quam
1384 2977 1508 3013 deceat,
1523 2975 1700 3017 pervenisse

233 3033 404 3066 videamur.
427 3033 474 3066 vel
491 3033 599 3066 saltem
626 3033 718 3065 aliam
743 3034 900 3075 quandam
927 3034 1069 3075 exquiras
1094 3038 1209 3065 rectam
1239 3031 1373 3063 nominis
1398 3030 1547 3062 rationem
1562 3041 1569 3062 :
1595 3040 1698 3073 neque
