1846 3268
198 270 296 320 258]
805 264 1086 306 SOPHIST'A.
1596 269 1669 308 361

202 385 422 412 asseveremus,
449 378 567 405 motum
593 371 679 403 aliud
710 382 777 403 esse
804 382 897 413 quam
932 381 999 403 ens,
1044 372 1130 403 Tria.
1154 371 1375 404 Asseveremus
1406 373 1558 414 protinus.
1601 373 1666 406 Ho-

205 430 311 472 Quare
330 433 432 460 motus
458 438 490 460 re
504 437 576 459 vera
599 437 662 457 non
689 436 744 458 cns
770 425 875 457 existit
897 430 930 456 et
953 436 1021 463 ens,
1037 426 1294 469 quandoquidem
1318 427 1401 459 entis
1428 432 1476 459 est
1501 428 1670 469 particeps.

203 483 290 515 Tun.
314 482 519 515 Manifestum
544 481 576 512 id
601 480 740 523 quidem.
786 480 855 512 Ho.
877 479 1024 522 Sequitur
1049 480 1170 522 itaque,
1186 491 1249 511 non
1274 491 1329 512 ens
1350 481 1386 512 in
1403 485 1489 512 motu
1506 481 1584 512 etin
1602 481 1671 512 aliis

205 537 370 579 generibus
386 535 529 567 omnibus
544 545 622 567 esse.
646 545 718 566 nam
734 535 767 566 in
783 533 915 576 singulis
930 534 1056 566 alterius
1071 534 1171 576 ipsius
1187 539 1308 572 natura,
1324 535 1399 566 dum
1411 536 1540 566 alterum
1556 546 1670 566 unum-

203 590 352 632 quodque
367 600 461 632 quam
485 589 588 631 ipsum
613 599 669 620 ens
695 589 803 629 efficit,
818 599 883 619 non
909 599 964 619 ens
990 587 1086 619 efficit
1113 587 1237 630 singula
1250 599 1258 620 ε
1281 593 1376 631 atque
1402 589 1475 621 ideo
1501 593 1615 621 cuncta
1630 589 1672 620 si-

203 643 319 676 militer
331 654 395 675 non
410 644 496 675 entia
512 644 571 675 hac
586 644 627 675 de
638 654 732 675 causa
743 642 983 685 praedicabimus
996 653 1006 681 3
1028 647 1060 673 et
1075 642 1149 684 quia
1165 647 1238 674 ente
1254 643 1458 685 participant,
1474 653 1542 675 esse
1555 643 1670 674 iterum

201 698 353 735 dicemus,
369 698 516 740 entiaque
528 698 720 729 vocabimus.
755 697 841 729 Tria.
865 695 1021 738 Apparet.
1055 696 1121 728 Ho.
1145 696 1230 738 Ergo
1242 697 1325 729 circa
1345 698 1481 739 speciem
1499 697 1672 738 quamlibet

202 761 259 783 ens
273 752 400 793 quidem
417 751 584 794 plurimum
600 756 659 793 est,
675 762 740 783 non
767 762 822 782 ens
849 755 953 781 autem
979 750 1180 782 multitudine
1204 750 1372 782 infinitum.
1417 751 1502 782 ΤΗΕ.
1526 750 1672 783 Videtur.

203 805 271 838 Ho.
293 805 348 838 An
362 817 426 837 non
441 806 544 848 ipsum
560 816 685 847 quoque
710 816 766 837 ens
789 804 887 847 [25⁷]
912 804 1013 845 aliud,
1028 814 1122 846 quam
1150 804 1398 846 unumquodque
1414 804 1544 835 aliorum
1560 809 1608 835 est
1622 803 1673 835 di-

204 860 363 892 cendum?
407 860 496 892 Tria.
518 859 657 892 Necesse
681 864 739 891 est.
784 859 853 890 Ho.
874 859 940 890 Ens
964 858 1082 900 itaque,
1099 863 1178 900 quot
1199 868 1327 890 numero
1352 859 1415 890 alia
1440 863 1524 896 sunt,
1539 858 1671 889 totidem

203 923 268 945 non
284 918 332 946 est
345 915 459 955 ipsum.
481 923 554 945 nam
569 924 638 945 cum
655 913 708 944 illa
718 913 822 955 ipsum
837 923 901 943 non
912 912 964 950 sit,
980 923 1077 943 unum
1090 900 1217 953 quidem
1230 912 1332 955 ipsum
1344 917 1413 943 est:
1437 912 1498 943 alia
1514 922 1585 943 vero
1601 922 1672 953 quas

205 967 332 999 infinita
345 972 419 999 sunt
432 978 573 1006 numero,
587 977 652 999 non
679 973 738 999 est.
782 966 870 998 Tun.
893 966 944 998 Ita
972 977 1064 1008 paene
1090 966 1272 998 dicendum.
1315 966 1383 998 Ho.
1406 965 1502 998 Haud
1518 976 1593 997 sane
1609 971 1674 997 tur-

207 1021 280 1053 bare
295 1032 352 1053 nos
367 1021 556 1054 istadebent
571 1032 581 1062 ;
605 1022 631 1054 si
646 1020 774 1064 quidem
788 1025 900 1052 natura
914 1030 1062 1062 generum
1081 1025 1221 1051 mutuam
1236 1020 1489 1052 communionem
1504 1021 1600 1052 habet
1614 1032 1621 1051 ι
1645 1020 1674 1051 si

207 1076 278 1118 quis
289 1081 393 1108 autem
408 1076 511 1107 minus
526 1076 595 1109 haec
609 1075 738 1117 accipit,
754 1075 916 1107 sciendum
939 1073 1051 1116 positis
1075 1074 1297 1116 superioribus,
1314 1074 1448 1106 concedi
1463 1074 1530 1106 haec
1546 1074 1674 1115 insuper

205 1134 362 1172 oportere.
405 1130 492 1163 Tar..
515 1130 536 1163 J
540 1134 606 1162 uste
622 1129 768 1172 loqueris.
812 1128 880 1160 Ho.
902 1128 1076 1160 Videamus
1088 1133 1121 1159 et
1146 1129 1217 1160 hoc.
1261 1128 1349 1162 Tan.
1372 1128 1557 1166 Quidnam?
1602 1126 1671 1159 Ho.

208 1183 364 1221 Quotiens
379 1195 442 1215 non
457 1195 513 1215 ens
528 1184 674 1225 dicimus,
693 1188 730 1214 nt
745 1183 898 1219 videmur,
925 1192 1123 1224 nequaquam
1145 1182 1227 1213 entis
1253 1182 1441 1213 contrarium
1456 1181 1601 1218 dicimus,
1617 1181 1673 1222 sed

206 1237 338 1270 alterum
365 1238 513 1280 quiddam
538 1237 649 1268 solum.
695 1236 782 1268 Tria.
805 1236 1080 1274 Quemadmodum
1095 1235 1106 1266 ?
1151 1235 1218 1268 Ho.
1241 1236 1311 1267 Ceu
1337 1246 1408 1267 cum
1434 1246 1500 1266 non
1524 1245 1672 1276 magnum

207 1291 354 1332 dicimus,
369 1301 432 1323 non
449 1292 546 1333 magis
562 1301 689 1333 parvum
707 1301 801 1332 quam
817 1290 938 1332 aequale
955 1300 992 1320 eo
1005 1289 1157 1320 vocabulo
1169 1289 1391 1331 significamus.
1434 1289 1523 1320 Tus.
1547 1288 1599 1319 Sic
1616 1292 1676 1318 est.

209 1344 277 1377 Ηο.
299 1344 375 1376 Non
390 1355 463 1386 ergo
478 1344 677 1381 contrarium,
693 1344 820 1385 quando
837 1342 964 1385 negatio
992 1342 1118 1380 dicitur,
1146 1342 1314 1384 significari
1338 1342 1527 1374 fatebimur:
1551 1345 1674 1373 tantum

207 1408 281 1429 vero
298 1399 451 1430 duntaxat
466 1398 719 1435 asseverabimus,
735 1398 820 1438 quod
836 1397 912 1428 Non
935 1401 968 1428 et
993 1395 1109 1438 Neque
1132 1396 1252 1439 aliquid
1268 1408 1307 1429 ex
1322 1397 1452 1428 aliorum
1468 1406 1597 1428 numero
1612 1395 1675 1436 sig-

208 1451 351 1490 nificant,
366 1452 493 1493 quando
519 1451 647 1482 nomina
673 1452 866 1482 antecedunt
880 1462 887 1482 :
912 1451 1006 1482 immo
1031 1450 1178 1493 quotiens
1203 1451 1396 1482 antecedunt
1420 1461 1468 1482 res
1483 1451 1579 1492 ipsas,
1594 1449 1677 1481 circa

207 1515 287 1547 quas
310 1506 439 1537 nomina
461 1506 647 1547 negationes
673 1505 838 1547 sequentia
862 1504 1116 1547 pronuntiantur.
1160 1505 1249 1536 Tne.
1271 1505 1323 1536 Sic
1347 1509 1394 1536 est
1423 1504 1563 1536 omnino.
1606 1503 1675 1534 Ho.

208 1561 282 1593 Hoc
299 1566 458 1603 praeterea,
469 1561 496 1593 si
510 1561 567 1592 tibi
582 1561 716 1598 videtur,
731 1561 928 1593 meditemur.
972 1559 1060 1592 Tun.
1083 1559 1171 1596 Quid
1186 1559 1293 1590 istud?
1339 1559 1407 1590 Ho.
1429 1558 1533 1600 Ipsius
1549 1558 1675 1588 alterius

209 1619 323 1647 natura
337 1617 448 1647 eodem
472 1616 579 1652 modo,
595 1625 658 1656 quo
681 1619 714 1646 et
735 1614 878 1652 scientia,
895 1614 994 1645 divisa
1019 1613 1221 1654 dispersaque
1237 1613 1372 1644 videtur.
1416 1612 1443 1643 T
1446 1622 1504 1645 nn.
1527 1611 1590 1642 Dic
1606 1621 1676 1653 age,

214 1680 277 1712 quo
292 1669 410 1711 pacto?
454 1669 522 1702 Ho.
547 1669 620 1700 Una
636 1668 763 1711 quidem
779 1673 826 1699 est
841 1673 873 1699 et
888 1668 954 1701 illa.
972 1678 1042 1709 pars
1058 1672 1162 1698 autem
1179 1667 1262 1698 illius
1278 1667 1311 1697 in
1323 1666 1431 1708 aliquo
1442 1666 1580 1697 residens
1591 1665 1678 1707 sigil-

209 1724 360 1766 latimque
371 1724 577 1755 determinata
590 1727 832 1765 cognomentum
847 1723 1005 1764 proprium
1015 1726 1062 1752 est
1068 1721 1176 1753 sortita
1190 1733 1197 1752 :
1214 1721 1360 1763 quocirca
1371 1720 1477 1751 multae
1486 1723 1566 1751 artes
1576 1719 1677 1751 scien-

214 1777 331 1820 tiaeque
347 1782 414 1809 esse
429 1777 585 1809 dicuntur.
622 1777 708 1808 Tria.
733 1776 872 1809 Prorsus.
917 1775 984 1807 Ho.
1006 1775 1124 1807 Nonne
1139 1780 1171 1806 et
1184 1780 1287 1816 partes
1302 1779 1420 1805 naturae
1431 1773 1528 1815 ipsius
1540 1773 1678 1810 alterius,

211 1842 282 1873 quae
297 1841 359 1862 una
373 1835 433 1872 est,
448 1831 531 1863 idem
546 1831 632 1873 quod
646 1835 679 1863 et
694 1835 797 1872 partes
813 1830 950 1862 scientim
966 1829 1149 1871 patiuntur?
1183 1829 1272 1861 Tne.
1295 1828 1449 1859 Forsitan.
1481 1827 1598 1859 Verum
1614 1838 1678 1869 qua

210 1885 344 1922 ratione,
359 1885 493 1917 declara.
537 1885 604 1918 Ho.
628 1885 686 1916 Est
700 1885 831 1927 pulchro
846 1895 917 1926 pars
930 1884 1034 1925 aliqua
1045 1883 1146 1925 ipsius
1159 1882 1286 1914 alterius
1297 1882 1446 1924 opposita
1459 1883 1469 1913 ?
1498 1881 1585 1913 Tun.
1608 1881 1676 1913 Est.

213 1939 280 1972 Ho.
305 1939 439 1972 Hancne
465 1939 551 1971 omni
575 1943 785 1981 cognomento
811 1949 916 1970 carere
938 1938 1100 1970 dicemus?
1124 1948 1164 1969 an
1188 1936 1294 1979 potius
1310 1935 1544 1978 cognominari?
1588 1935 1678 1968 Tne.

214 1993 450 2035 Cognominari.
494 1993 561 2025 Ho.
584 1993 680 2030 Quod
697 1993 780 2024 enim
804 2003 868 2024 non
891 1992 1056 2035 pulchrum
1079 1992 1196 2034 ubique
1217 1990 1469 2033 pronuntiatum,
1483 1990 1544 2021 hoc
1559 1999 1623 2020 non
1639 1989 1679 2020 ab

212 2047 274 2078 alio
290 2058 448 2091 quoquam
464 2048 593 2079 alterum
607 2052 655 2079 est
666 2058 758 2089 quam
785 2058 804 2079 a
831 2047 952 2089 pulchri
975 2052 1098 2078 natura.
1144 2045 1217 2087 Age
1238 2045 1345 2087 itaque
1367 2045 1407 2075 ad
1430 2045 1490 2074 hoc
1511 2043 1678 2084 responde.

207 2101 295 2135 Tr-rz.
317 2102 369 2134 Ad
386 2103 462 2145 quid
477 2102 683 2144 respondeam
699 2102 709 2132 ?
756 2102 824 2134 Ho.
849 2102 931 2134 Cum
944 2101 1063 2143 aliquid
1078 2100 1111 2131 in
1128 2104 1215 2142 parte
1231 2100 1369 2140 quadam
1388 2097 1508 2129 entium
1531 2095 1677 2128 determi-

214 2160 322 2187 natum
338 2156 388 2195 sit,
403 2166 570 2198 rursusque
583 2156 678 2188 alicui
692 2155 812 2188 entium
829 2160 1022 2198 opponatur,
1038 2154 1264 2195 contingatque
1284 2153 1330 2183 ita
1342 2162 1407 2183 non
1424 2151 1588 2192 pulchrum
1603 2150 1679 2187 dici,

216 2210 367 2252 sequitur,
382 2221 446 2242 non
461 2211 624 2252 pulchrum
641 2221 707 2242 esse
723 2210 856 2252 aliquid,
870 2207 1127 2251 quandoquidem
1141 2212 1188 2238 est
1200 2207 1279 2238 illud
1296 2206 1348 2238 cui
1365 2205 1546 2247 opponitur.
1591 2204 1680 2236 Tim.

212 2262 315 2296 Recte
326 2264 508 2297 admodum.
535 2264 602 2297 Ho.
617 2263 771 2306 Nunquid
784 2274 822 2294 ex
836 2264 896 2295 hoc
908 2272 1048 2294 sermone
1065 2261 1229 2303 pulchrum
1244 2260 1344 2302 magis
1357 2261 1390 2291 in
1404 2268 1533 2290 numero
1545 2258 1678 2294 entium,

212 2327 278 2349 non
292 2318 457 2360 pulchrum
469 2318 570 2349 minus
583 2318 765 2360 ponendum
778 2317 789 2347 ?
820 2317 907 2348 Tne.
923 2315 1033 2347 Nihilo
1047 2315 1156 2356 magis.
1179 2314 1244 2345 Ho.
1261 2312 1411 2345 Similiter
1420 2322 1494 2353 ergo
1506 2316 1569 2343 tam
1581 2311 1679 2353 [258]

213 2381 279 2403 non
292 2382 440 2414 magnum
450 2382 543 2414 quam
560 2382 707 2414 magnum
722 2381 790 2402 esse
801 2371 985 2402 dicendum.
1011 2368 1102 2400 Tria.
1127 2367 1287 2400 Similiter.
1310 2366 1381 2398 Ηο.
1403 2365 1490 2404 Quin
1506 2365 1600 2397 etlam
1617 2374 1683 2395 non

210 2423 331 2466 justum
345 2435 385 2456 ex
399 2436 490 2468 aequo
505 2436 542 2458 ac
553 2425 672 2467 justum
684 2436 752 2457 esse
761 2425 1011 2456 asseverandum.
1057 2422 1146 2455 Tne.
1171 2421 1303 2463 Absque
1314 2420 1423 2452 dubio.
1455 2419 1523 2451 Ho.
1545 2419 1683 2450 Eadem-

217 2487 280 2519 que
288 2477 347 2509 erit
361 2479 401 2510 de
416 2479 526 2510 ceteris
540 2480 631 2517 ratio,
647 2485 812 2522 postquam
828 2478 954 2510 alterius
969 2478 1068 2519 ipsius
1078 2481 1188 2507 natura
1202 2486 1220 2507 e
1235 2485 1350 2516 genere
1364 2473 1482 2505 entium
1497 2483 1565 2504 esse
1579 2482 1680 2514 appa-

218 2531 292 2562 ruit.
314 2542 352 2562 ea
362 2542 435 2563 vero
452 2532 618 2570 existente,
631 2543 759 2564 necesse
774 2537 822 2564 est
836 2536 869 2563 et
884 2536 987 2574 partes
1004 2531 1072 2573 ejus
1089 2529 1187 2561 nihilo
1202 2528 1304 2560 minus
1319 2527 1461 2559 existere.
1482 2526 1571 2558 Tira.
1593 2525 1682 2562 Quid

219 2585 387 2626 prohibet?
410 2586 477 2618 Ho.
493 2586 662 2628 Oppositio
675 2587 754 2628 ipsa,
770 2597 841 2629 quae
852 2591 899 2618 est
914 2587 995 2617 iuter
1007 2590 1125 2627 partem
1137 2582 1256 2615 naturae
1270 2582 1369 2624 ipsius
1384 2581 1510 2613 alterius
1524 2585 1684 2622 partemve

219 2639 313 2681 entis,
325 2639 539 2677 nihilominus,
556 2640 582 2672 si
598 2641 683 2672 dictu
698 2641 745 2672 fas
759 2645 818 2679 est,
834 2651 928 2683 quam
942 2651 997 2672 ens
1012 2640 1113 2681 ipsum
1129 2637 1264 2670 essentia
1287 2641 1353 2667 est:
1377 2645 1481 2677 neque
1496 2633 1683 2666 contrarium

216 2692 313 2730 illius,
336 2693 392 2724 sed
418 2693 548 2725 alterum
575 2694 725 2736 quiddam
750 2696 912 2727 dumtaxat
936 2694 1104 2736 significat.
1148 2692 1238 2724 Tne.
1261 2689 1444 2731 Perspicue.
1487 2687 1553 2718 Ho.
1577 2686 1682 2723 Quam

216 2746 312 2788 igitur
322 2746 423 2788 ipsam
438 2747 664 2789 appellabimus
679 2749 689 2779 ?
734 2748 822 2780 Tua.
847 2749 980 2780 Constat
993 2748 1115 2789 utique,
1132 2746 1218 2788 quod
1230 2755 1295 2776 non
1311 2753 1367 2775 ens
1381 2753 1401 2773 a
1414 2741 1504 2773 nobis
1517 2738 1616 2782 gratia
1634 2748 1685 2768 so-

219 2799 333 2842 phistae
355 2801 533 2842 quaesitum,
549 2802 610 2834 hoc
631 2801 734 2844 ipsum
757 2808 816 2834 est.
860 2802 927 2834 Ho.
950 2801 1017 2839 An,
1035 2805 1069 2832 ut
1084 2800 1223 2837 dicebas,
1239 2798 1356 2830 nullius
1372 2796 1500 2828 aliorum
1517 2791 1683 2824 essentiam

221 2853 435 2896 derelinquit?
458 2859 645 2897 oportetque
661 2857 808 2888 audacter
832 2856 898 2898 jam
914 2857 1030 2893 dicere,
1047 2855 1131 2897 quod
1154 2864 1217 2885 non
1233 2863 1288 2884 ens
1305 2852 1430 2882 firmiter
1443 2853 1584 2880 naturam
1599 2855 1685 2875 suam

223 2906 318 2939 habet
330 2918 340 2948 ;
362 2909 626 2950 quemadmodum
639 2920 783 2952 magnum
796 2915 862 2942 erat
875 2920 1022 2952 magnum
1038 2909 1266 2951 pulchrumque
1280 2910 1346 2937 erat
1357 2903 1531 2945 pulchrum»
1546 2898 1582 2930 5⁰
1592 2897 1685 2929 eliam

223 2969 287 2992 non
303 2971 449 3003 magnum
464 2969 497 2995 et
510 2974 574 2995 non
590 2963 775 3006 pulchrum?
800 2965 974 3007 eodemque
1000 2967 1093 3006 pacto
1119 2972 1182 2994 non
1208 2971 1263 2993 ens
1289 2957 1460 2991 secundum
1477 2954 1559 2985 idem
1573 2955 1642 3035 {rat
1657 2956 1689 2980 et

309 3014 399 3048 Plat.
417 3016 471 3048 Tr.
1015 3018 1042 3049 1,
1532 3009 1551 3038 2
1574 3006 1586 3015 ⁷
