1846 3268
168 275 237 327 38]
599 272 877 312 APOLOGIA
908 273 1185 316 SOCRATIS.
1556 277 1631 318 143

168 378 378 421 praet'ecturas,
403 376 583 414 conciones,
607 381 790 418 ceterosque
804 376 1000 419 magistratus
1015 390 1025 416 ς
1047 381 1198 417 praeterea
1211 375 1387 418 aufugerim
1403 377 1634 419 conjurationes

169 437 264 474 atque
285 431 465 468 seditiones,
502 439 574 472 quae
598 430 633 462 in
656 430 818 472 republica
842 429 1054 470 contigerunt,
1080 430 1256 471 arbitratus,
1284 430 1434 472 meipsum
1466 442 1571 463 revera
1595 431 1636 462 ad

170 486 308 529 aequiora
322 485 423 518 officia
437 496 504 516 esse
521 490 642 527 natum,
662 494 756 526 quam
781 488 816 514 ut
835 484 875 514 ab
901 483 948 513 his
973 483 1105 514 salutem
1133 494 1233 514 meam
1251 484 1387 525 pendere
1403 484 1609 515 existimarem
1625 485 1636 516 ?

171 541 224 572 Ad
238 541 316 576 haec,
331 540 471 581 inquam,
487 549 535 570 me
551 548 613 569 non
631 537 764 573 contuli,
780 538 894 578 quibus
909 542 1095 578 occupatuS,
1109 548 1212 578 neque
1228 538 1333 578 vobis,
1359 549 1462 580 neque
1485 538 1562 569 mihi
1578 538 1638 580 ipsi

170 593 286 625 fueram
304 593 503 635 profuturus:
529 592 583 623 sed
601 591 656 622 uni
672 591 743 622 huic
759 591 862 622 officio
878 591 1031 622 duntaxat
1046 591 1186 628 incubui,
1211 596 1248 622 ut
1270 592 1415 633 privatim
1431 603 1638 634 unumquem-

173 657 236 689 que
250 653 383 678 vestrum
400 646 549 683 salutans,
565 646 743 686 maximam,
759 650 794 676 ut
808 645 954 687 equidem
970 645 1124 686 existimo,
1145 645 1285 676 afferrem
1302 646 1480 687 utilitatem,
1504 647 1638 678 suadens

169 700 318 732 videlicet
332 700 516 742 unicuique,
542 700 619 730 nihil
647 711 685 731 ex
707 700 799 731 rebus
823 700 886 731 suis
908 699 1008 742 prius,
1031 710 1125 741 quam
1149 699 1286 740 seipsum
1309 710 1376 731 esse
1397 701 1582 737 curandum,
1605 704 1641 731 ut

168 764 262 796 quam
288 753 424 795 optimus
450 752 771 795 prudentissimusque
796 753 910 784 evadat
923 764 933 791 ;
956 763 1015 783 nec
1038 763 1085 783 res
1108 752 1244 783 civitatis
1269 755 1424 785 curandas
1448 765 1515 785 esse
1541 755 1638 796 prius,

166 817 260 850 quam
275 804 433 839 civ'itatem
449 807 548 848 ipsam
566 818 576 847 ;
600 811 633 838 et
647 806 775 838 aliarum
793 807 866 838 item
884 817 983 838 rerum
999 817 1103 837 curam
1120 806 1229 837 eadem
1241 807 1361 838 ratione
1374 818 1440 839 esse
1450 809 1638 840 habendam.

170 862 256 899 Quid
273 861 379 903 igitur,
403 872 474 893 curn
499 861 557 892 sim
585 861 667 899 talis,
693 872 712 892 a
727 861 817 893 vobis
836 866 993 903 reportare
1009 860 1124 901 dignus
1147 861 1239 891 sum?
1285 862 1410 892 Bonum
1428 866 1523 899 certe,
1547 873 1566 893 o
1581 862 1640 893 viri

168 915 398 955 Athenienses;
420 915 446 946 si
471 916 566 946 modo
590 926 646 957 pro
671 915 826 957 dignitate
850 926 955 947 revera
980 915 1188 947 existimetis:
1212 924 1248 946 ac
1278 915 1341 946 tale
1366 916 1493 957 quidem
1510 916 1640 958 bonurn,

169 969 262 1014 quale
279 969 355 1000 mihi
370 969 548 1002 conveniat.
595 970 682 1007 Quid
700 970 794 1011 igitur
809 970 957 1001 convenit
969 970 1034 1000 viro
1051 980 1154 1011 egeno
1172 969 1389 1011 beneficoque,
1415 970 1468 1001 cui
1491 980 1600 1001 vacare
1620 981 1640 1002 a

167 1023 277 1054 ceteris
293 1024 553 1065 occupationibus
579 1024 739 1065 expediat,
765 1035 828 1066 quo
854 1034 909 1055 vos
933 1024 973 1054 ad
989 1024 1135 1054 virtutem
1163 1024 1315 1055 cohortari
1342 1024 1461 1065 queat?
1507 1023 1639 1055 Nullum

167 1081 251 1108 certe
266 1082 313 1108 est
328 1077 412 1108 aliud
429 1076 602 1119 praemium,
618 1088 636 1108 o
654 1077 708 1107 viri
724 1077 946 1113 Athenienses,
963 1077 1049 1119 quod
1069 1077 1166 1118 magis
1183 1077 1281 1108 virum
1298 1078 1392 1108 talem
1408 1078 1533 1119 deceat,
1543 1088 1637 1120 quam

166 1131 202 1162 in
221 1131 380 1174 Prytaneo
397 1131 528 1173 publico
544 1136 670 1172 sumptu
683 1131 792 1162 nutriri
807 1143 815 1163 ι
840 1136 874 1162 et
889 1131 987 1162 multo
1000 1131 1127 1173 quidem
1147 1131 1259 1173 magis,
1275 1142 1368 1173 quam
1383 1132 1410 1162 si
1423 1132 1493 1173 quis
1504 1136 1640 1162 vestrum

171 1195 266 1227 equo,
280 1190 334 1216 aut
350 1185 440 1228 bigis,
462 1191 517 1216 aut
532 1185 690 1227 quadrigis
707 1185 860 1228 Olympia
887 1186 1005 1218 vicerit.
1049 1185 1133 1216 Nam
1157 1185 1211 1216 ille
1235 1186 1364 1227 quidem
1379 1186 1468 1227 facit,
1483 1190 1518 1216 ut
1532 1185 1639 1216 felices

169 1239 337 1270 videamini
356 1251 365 1278 ;
387 1250 446 1280 ego
461 1249 547 1276 vero,
564 1245 599 1270 ut
614 1240 691 1270 sitis.
715 1245 866 1281 praeterea
889 1239 945 1271 ille
972 1239 1143 1271 nutritione
1168 1250 1234 1270 non
1260 1239 1391 1281 indiget,
1417 1250 1476 1281 ego
1499 1239 1639 1280 indigeo-

173 1293 298 1334 Itaque,
324 1294 349 1324 si
366 1303 420 1335 pro
436 1293 592 1334 dignitate
607 1304 644 1324 ac
656 1293 781 1335 justitia
794 1294 940 1325 aestimari
956 1298 1094 1336 oportet,
1115 1304 1174 1335 ego
1191 1304 1240 1325 me
1255 1294 1315 1324 hoc
1338 1293 1469 1335 dignum
1485 1293 1642 1330 existimo,

174 1347 322 1378 alimonia
336 1346 457 1378 scilicet
481 1347 555 1388 [37]
581 1347 707 1388 publice
722 1348 754 1377 in
771 1347 930 1389 Prytaneo
947 1348 1023 1379 mihi
1038 1348 1226 1379 exhibenda.
1271 1347 1364 1378 Forte
1380 1358 1452 1379 vero
1468 1348 1535 1379 haec
1550 1347 1640 1379 vobis

170 1399 280 1432 dicens
295 1400 339 1431 ita
354 1405 515 1442 protervus
530 1400 650 1438 videor,
675 1406 713 1432 ut
734 1401 767 1431 in
780 1401 989 1443 superioribus
1004 1402 1088 1433 visus
1101 1412 1182 1443 sum,
1198 1402 1251 1432 ubi
1266 1401 1551 1433 commiserationes
1566 1412 1640 1443 sup-

170 1454 419 1496 plicationesque
433 1455 622 1487 detestabar.
667 1455 707 1485 Id
731 1460 835 1486 autem
859 1455 943 1486 haud
969 1455 1031 1486 tale
1058 1462 1106 1486 est
1115 1466 1125 1494 5
1149 1455 1204 1486 sed
1231 1454 1386 1496 ejusmodi
1412 1455 1527 1496 potius,
1551 1466 1570 1486 ο
1586 1455 1643 1487 viri

168 1508 390 1540 Athenienses.
436 1509 620 1541 Persuasum
633 1513 680 1540 est
695 1510 778 1540 enim
802 1509 891 1546 mihi,
918 1514 953 1540 ut
979 1508 1096 1541 nemini
1120 1514 1232 1551 sponte
1247 1508 1394 1551 injuriam
1408 1509 1531 1540 faciam.
1554 1511 1640 1551 quod

170 1563 296 1605 quidem
324 1563 441 1595 idcirco
460 1563 549 1595 vobis
572 1574 636 1594 non
658 1564 845 1605 persuadeo,
872 1563 946 1605 quia
969 1564 1061 1594 breve
1085 1568 1208 1605 tempus
1236 1563 1400 1594 habuimus
1428 1563 1643 1605 colloquendi.

167 1616 297 1654 Verum,
315 1617 340 1648 si
357 1618 413 1648 lex.
421 1618 492 1648 talis
507 1619 592 1659 apud
606 1629 662 1649 vos
677 1623 770 1656 esset,
794 1618 894 1660 qualis
917 1618 1003 1659 apud
1026 1622 1159 1655 ceteros,
1182 1622 1228 1655 ut,
1250 1617 1304 1648 ubi
1320 1628 1400 1648 mors
1425 1627 1517 1659 poena
1533 1618 1584 1655 sit,
1606 1617 1641 1649 in

170 1681 209 1701 eo
220 1669 345 1712 judicio
360 1681 425 1702 non
441 1671 525 1703 diem
543 1683 651 1709 unam,
667 1673 722 1703 sed
737 1672 843 1714 plures
859 1672 1065 1713 disceptetur,
1081 1672 1181 1709 vobis,
1203 1676 1239 1702 ut
1254 1672 1394 1708 arbitror,
1411 1672 1641 1713 persuasissem.

167 1734 252 1756 nunc
268 1735 340 1756 vero
356 1725 438 1756 haud
454 1725 546 1759 facile
561 1726 635 1763 tuit,
650 1726 684 1756 in
700 1731 761 1757 tam
779 1727 865 1757 brevi
882 1731 1022 1768 tempore
1039 1726 1210 1757 calumnias
1236 1736 1364 1767 magnas
1379 1726 1508 1757 diluere.
1555 1725 1638 1758 Cum

174 1778 270 1819 igitur
285 1778 361 1809 mihi
377 1789 558 1820 persuasum
578 1779 631 1818 sit,
654 1781 772 1812 nemini
794 1781 970 1812 faciendam
993 1791 1061 1812 esse
1089 1779 1248 1821 injuriam,
1274 1779 1460 1821 permultum
1484 1780 1583 1817 abest,
1606 1785 1642 1811 ut

171 1833 324 1874 mihiipsi
340 1833 396 1864 sim
411 1833 561 1866 facturus.
607 1834 693 1871 Quid
717 1835 811 1875 ergo?
834 1834 985 1876 numquid
1002 1833 1134 1871 veritus,
1158 1844 1198 1865 ne
1214 1834 1245 1865 id
1260 1834 1400 1875 subeam,
1424 1844 1486 1875 quo
1508 1834 1640 1866 Molitus

172 1896 223 1918 me
239 1887 370 1928 dignum
387 1893 506 1926 censet,
523 1888 608 1930 quod
625 1888 772 1930 equidem
797 1888 847 1919 aio
867 1889 986 1919 nescire
1003 1899 1052 1920 me
1067 1893 1171 1919 ‘utrum
1186 1888 1303 1918 bonum
1319 1888 1371 1924 sit,
1393 1899 1432 1918 an
1455 1887 1583 1926 malum,
1606 1893 1642 1919 ut

170 1941 231 1972 hoc
247 1941 397 1982 devitem,
411 1941 524 1983 eligam
540 1953 647 1974 eorum
663 1942 797 1984 aliquid,
822 1953 892 1984 quae
916 1942 1011 1984 plane
1027 1942 1108 1973 mala
1122 1953 1189 1974 esse
1215 1941 1294 1980 scio,
1322 1947 1416 1984 atque
1431 1943 1490 1973 hoc
1507 1953 1555 1973 me
1571 1943 1643 1984 dig-

171 2005 246 2034 num
262 2006 329 2027 esse
345 1997 504 2028 censebo?
550 1996 663 2028 Utrum
689 2008 762 2039 ergo
778 1997 928 2028 vincula?
975 1996 1017 2027 Et
1039 1997 1116 2038 quid
1141 2001 1266 2039 oportet
1281 2007 1330 2027 me
1358 1996 1392 2027 in
1408 2007 1530 2028 carcere
1546 1996 1640 2028 vitam

171 2059 274 2091 agere,
288 2060 409 2091 semper
436 2049 655 2082 undecimviris
679 2051 889 2082 servientem?
936 2051 1048 2082 Utrum
1073 2051 1228 2092 pecunias
1252 2050 1382 2087 solvere,
1408 2055 1514 2093 atque,
1539 2051 1641 2082 donec

170 2103 280 2134 solutae
296 2103 370 2144 sint,
383 2104 415 2134 in
432 2104 563 2135 vinculis
579 2106 781 2146 permanere?
825 2105 873 2136 At
889 2115 960 2136 vero
978 2106 1009 2136 id
1026 2106 1214 2136 tantundem
1231 2109 1289 2142 est,
1317 2110 1410 2146 atque
1435 2105 1521 2146 quod
1545 2115 1639 2146 supra

171 2157 326 2195 dicebam,
342 2168 413 2189 cum
428 2158 504 2189 mihi
520 2158 612 2199 desit,
627 2160 711 2190 unde
727 2159 877 2200 pecunias
888 2159 1072 2201 persolvam.
1118 2158 1172 2189 An
1183 2159 1261 2190 forte
1274 2159 1414 2190 exsilium
1427 2158 1437 2189 ?
1462 2159 1540 2189 forte
1555 2158 1640 2189 enim

173 2212 233 2243 hoc
250 2212 363 2254 dignus
378 2223 446 2244 esse
460 2215 631 2245 censebor:
654 2214 751 2244 nimia
764 2218 880 2251 tamen,
907 2224 925 2244 o
941 2213 998 2244 viri
1026 2212 1254 2250 Athenienses,
1271 2223 1318 2243 me
1334 2212 1491 2255 cupiditas
1506 2212 1577 2242 vitae
1594 2216 1640 2243 te-

172 2270 270 2303 neret,
297 2266 324 2296 si
346 2267 425 2298 adeo
451 2267 631 2309 imprudens
653 2279 764 2305 essem,
790 2274 824 2299 ut
848 2279 912 2298 non
930 2278 1051 2309 possem
1069 2267 1327 2304 animadvertere,
1354 2267 1379 2297 si
1395 2277 1450 2297 vos
1472 2266 1555 2298 cives
1577 2266 1641 2297 mei

172 2320 432 2351 consuetudinem
448 2331 549 2352 meam
575 2332 794 2364 sermonesque
821 2322 954 2363 perferre
982 2332 1045 2352 non
1068 2321 1226 2362 potuistis,
1252 2321 1306 2351 sed
1329 2331 1428 2362 usque
1444 2321 1523 2351 adeo
1539 2315 1640 2362 gravis

171 2373 390 2415 invidiosaque
405 2375 493 2406 vobis
507 2375 567 2406 fuit
583 2387 650 2407 mea
667 2377 862 2408 consuetudo
875 2381 969 2418 atque
985 2376 1094 2412 oratio,
1110 2381 1144 2406 ut
1159 2386 1229 2406 mox
1246 2374 1374 2406 liberare
1386 2385 1440 2405 vos
1456 2375 1495 2405 ab
1510 2373 1566 2404 illa
1571 2372 1638 2415 jam

172 2427 382 2466 decreveritis,
408 2429 486 2460 alios
510 2434 614 2461 tamen
636 2430 729 2461 facile
751 2441 802 2462 me
825 2436 933 2472 putem
956 2430 1154 2461 toleraturos.
1200 2428 1394 2460 Permultum
1417 2429 1516 2465 abest,
1540 2438 1559 2459 ο
1582 2427 1642 2459 viri

173 2481 395 2514 Athenienses.
439 2482 594 2514 Praeclara
609 2484 731 2515 scilicet
745 2484 822 2515 mihi
838 2485 901 2514 vita
916 2484 1007 2520 foret,
1024 2483 1056 2514 in
1077 2484 1134 2514 hac
1150 2487 1242 2514 aetate
1257 2482 1422 2519 exsulanti,
1448 2487 1481 2513 et
1495 2481 1587 2512 aliam
1603 2491 1641 2512 ex

176 2534 238 2565 alia
253 2533 411 2566 civitatem
426 2536 626 2576 permutanti,
641 2542 674 2568 et
688 2537 719 2567 in
735 2538 885 2568 continua
908 2537 1030 2579 repulsa
1051 2536 1181 2568 viventi.
1226 2536 1394 2578 Equidem,
1422 2541 1456 2566 ut
1477 2535 1569 2577 plane
1592 2534 1641 2565 in-

174 2588 296 2629 telligo,
322 2599 511 2631 quocunque
528 2591 718 2632 proficiscar,
741 2592 877 2622 audituri
900 2602 960 2629 me,
983 2591 1063 2623 sicut
1078 2595 1110 2622 et
1134 2591 1198 2632 hic,
1222 2595 1389 2632 sequentur
1405 2589 1639 2620 adolescentes:

173 2653 211 2674 ac
227 2643 252 2673 si
268 2653 321 2674 eos
335 2643 500 2684 repellam,
523 2644 585 2685 ipsi
601 2645 748 2683 vicissim,
769 2646 943 2677 senioribus
967 2645 999 2676 id
1023 2645 1259 2686 persuadentes,
1281 2655 1330 2675 me
1345 2643 1511 2685 repellent.
1534 2642 1559 2673 si
1575 2652 1640 2672 non

173 2696 333 2738 repellam,
350 2707 456 2728 eorum
474 2702 577 2739 patres
592 2703 624 2729 et
639 2699 765 2741 cognati
787 2700 828 2730 ob
851 2700 908 2730 hos
929 2700 1011 2741 ipsos
1027 2710 1075 2730 me
1092 2698 1262 2740 expellent.
1307 2697 1449 2729 Forsitan
1467 2707 1538 2727 vero
1554 2696 1641 2727 dicet

173 2750 288 2791 aliquis
303 2762 311 2781 t
335 2750 452 2782 Nonne
469 2756 571 2792 potes,
587 2762 606 2782 o
622 2751 776 2794 Socrates,
795 2754 828 2797 in
843 2753 951 2784 exsilio
967 2753 1125 2784 silentium
1144 2757 1177 2784 et
1201 2752 1338 2794 quietem
1362 2751 1476 2792 agere?
1521 2749 1566 2780 At
1580 2749 1640 2780 hoc

176 2805 315 2835 omnium
330 2809 377 2836 est
393 2804 609 2836 difficillimum
625 2806 780 2848 aliquibus
797 2812 930 2838 vestrum
948 2808 1143 2849 persuadere.
1188 2806 1261 2838 Sive
1284 2806 1366 2838 enim
1381 2804 1584 2846 respondero,
1606 2802 1639 2833 id

177 2868 244 2889 esse
259 2869 322 2889 non
349 2869 455 2900 parere
479 2859 563 2897 Deo,
590 2865 816 2902 proptereaque
841 2872 889 2892 me
912 2872 976 2892 non
998 2872 1091 2902 posse
1116 2861 1287 2903 quiescere,
1311 2859 1379 2891 non'
1398 2858 1530 2890 credetis
1553 2856 1640 2896 mihi,

172 2912 262 2952 quasi
278 2922 333 2953 per
347 2912 476 2943 ironiam
493 2913 634 2955 loquenti
649 2925 655 2944 :
682 2914 757 2955 [38]
783 2914 848 2946 sive
864 2915 983 2952 deero,
999 2926 1049 2946 me
1061 2915 1101 2946 ab
1117 2915 1176 2946 hoc
1199 2915 1302 2946 officio
1318 2913 1403 2944 nolle
1419 2922 1539 2947 vacare,
1562 2909 1637 2950 quia

175 2964 210 2996 id
225 2965 342 2997 homini
358 2966 524 2999 maximum
548 2967 704 3010 contingit
729 2968 859 3007 bonum,
876 2969 992 3002 diebus
1018 2969 1166 3003 videlicet
1189 2968 1318 3011 singulis
1344 2968 1384 2999 de
1407 2966 1519 2997 virtute
1546 2963 1638 2994 verba
