1832 3256
183 181 279 231 276]
767 172 1053 212 PHAEDRUS.
1600 174 1648 210 27

181 276 349 312 memoriae,
376 275 430 306 sed
447 270 761 310 commemorationis,
777 270 950 303 remedium
963 267 1125 300 invenisti.
1149 268 1310 310 saptentiae
1326 272 1452 311 quoque
1469 269 1648 311 opinionem

181 333 300 375 potius,
330 340 422 372 quam
450 328 623 362 veritatem,
657 323 820 366 discipulis
846 323 954 354 tradis.
986 332 1058 353 nam
1088 333 1159 354 cum
1187 323 1284 353 multa
1306 324 1423 365 absque
1450 322 1650 365 praeceptoris

180 386 323 417 doctrina
348 382 545 424 perlegerint,
566 380 732 410 multarum
760 388 860 410 rerum
885 375 979 419 periti
1001 376 1108 418 vulg0,
1135 387 1206 407 curn
1235 376 1334 418 ignari
1351 376 1426 415 sint,
1450 377 1648 408 videbuntur.

182 437 408 470 consuetudine
423 445 549 477 quoque
565 433 756 464 molestiores
770 437 873 473 erunt,
903 435 1015 472 utpote
1034 431 1088 473 qui
1106 441 1168 462 non
1184 431 1339 472 sapientia
1355 432 1424 473 ipsa
1439 431 1501 461 sint
1514 430 1652 472 praediti,

181 493 235 524 sed
262 491 415 533 opinione
437 488 598 530 sapientiae
622 487 795 518 subornati.
839 486 934 520 Prile.
979 485 1083 517 Facile
1110 490 1157 526 tu,
1185 495 1204 516 o
1230 485 1386 522 Socrates,
1410 484 1596 526 AEgyptios‚
1618 488 1652 515 et

180 546 257 578 alios
280 544 416 587 cujusvis
438 543 540 585 gentis
562 551 718 573 sermones
741 540 831 572 facis.
875 540 931 572 So.
978 538 1034 579 At,
1057 550 1076 570 o
1100 539 1213 581 amice,
1236 539 1290 581 qui
1315 539 1347 570 in
1376 539 1465 572 Jovis
1488 538 1652 571 Dodonaei

181 599 298 642 templo
320 602 489 633 versantur,
511 607 550 628 ex
575 606 691 637 quercu
718 605 873 627 sermones
899 594 1017 636 primos
1039 593 1194 625 vfatidicos
1210 594 1348 636 erupisse
1364 598 1517 625 asserunt.
1540 591 1650 635 priscis

179 656 286 696 itaque
301 653 375 694 illis,
397 657 508 694 utpote
524 650 579 692 qui
601 660 665 681 non
686 650 742 687 ita,
767 654 803 680 nt
828 659 883 680 vos
909 648 1111 685 recentiores,
1137 647 1294 689 sapientes
1317 653 1416 685 crant,
1440 647 1515 679 satis
1529 652 1597 678 erat
1610 646 1651 676 ob

181 719 286 740 eorum
301 706 457 739 inscitiam
473 711 577 747 petras
591 711 624 735 et
639 714 772 745 quercus
788 704 909 739 audire,
934 703 1029 733 modo
1055 712 1128 733 vera
1153 708 1340 744 promerent.
1383 708 1417 732 tu
1444 701 1573 732 forsitan
1599 699 1649 731 in-

180 767 293 794 teresse
318 771 439 798 censes,
461 759 604 802 quisnam
627 757 753 799 cujasve
780 757 831 794 sit,
854 757 909 799 qui
928 756 1052 788 dixerit.
1076 766 1140 786 non
1165 756 1249 786 enim
1271 755 1304 786 id
1331 755 1432 787 solum
1460 754 1652 795 consideras,

180 826 293 847 verane
317 825 358 845 an
382 814 460 846 salsa
483 813 637 844 dicantur.
681 812 776 844 Pam.
818 810 922 843 Recte
944 811 1114 842 admodum
1143 810 1340 852 increpuisti,
1363 820 1399 842 ac
1428 809 1507 840 mihi
1532 809 1654 839 videtur

178 869 223 901 ita
237 868 271 901 in
295 868 391 900 literis
408 867 544 904 evenire,
564 871 600 897 ut
612 866 780 897 Thebanus
809 865 864 897 ait.
908 865 964 896 So.
986 864 1088 906 Igitur
1105 864 1286 906 quicunque
1309 874 1342 895 se
1367 867 1460 905 putat
1486 863 1531 895 sic
1555 867 1653 894 artem

180 928 236 954 aut
249 923 395 954 mandare
422 921 528 957 literis,
552 925 607 951 aut
633 920 813 950 mandatam
835 919 1006 960 suscipere,
1031 924 1066 948 ut
1086 922 1205 949 certum
1229 917 1381 959 quiddam
1408 922 1440 948 et
1464 916 1587 948 firmum
1610 927 1650 948 ex

181 976 277 1008 literis
298 975 339 1007 sit
356 975 506 1010 futurum,
533 973 704 1004 admodum
719 973 850 1014 ineptus
879 977 940 1012 est,
967 981 1003 1002 ac
1020 981 1124 1002 revera
1146 970 1312 1002 Ammonis
1330 970 1514 1002 vaticinium
1529 980 1654 1012 prorsus

181 1030 315 1072 ignorat,
338 1040 408 1061 eum
425 1028 494 1070 plus
510 1027 631 1069 aliquid
647 1027 680 1057 in
696 1026 820 1068 scriptis
843 1036 910 1057 esse
932 1026 1053 1065 credat,
1068 1029 1178 1066 praeter
1193 1024 1224 1056 id
1248 1025 1334 1067 quod
1356 1024 1470 1056 scienti
1492 1035 1539 1056 res
1554 1024 1653 1066 ipsas,

182 1095 253 1126 quae
277 1085 310 1116 in
337 1083 432 1114 literis
458 1082 686 1123 significantur,
709 1084 963 1111 commemorant.
1009 1079 1102 1111 Pala.
1147 1078 1348 1110 Rectissime.
1391 1078 1447 1109 So.
1491 1077 1595 1109 Grave
1618 1078 1653 1110 id

180 1140 288 1178 habet,
309 1149 328 1169 o
353 1137 497 1173 Phaedre,
519 1135 682 1176 scriptura,
704 1139 737 1165 et
753 1134 881 1175 picturas
896 1144 1003 1165 revera
1029 1131 1197 1175 persimile.
1241 1132 1373 1173 picturae
1396 1142 1533 1174 namque
1557 1143 1655 1174 opera

181 1198 329 1234 tanquam
353 1189 489 1221 viventia
513 1193 653 1220 exstant:
686 1187 713 1218 si
738 1187 816 1229 quid
841 1197 914 1218 vero
938 1186 1103 1228 rogaveriS,
1136 1186 1314 1217 verecunde
1340 1186 1511 1217 admodum
1546 1186 1652 1219 silent.

180 1246 259 1279 Non
274 1245 362 1276 aliter
377 1253 532 1280 sermones
545 1241 670 1283 putabis
685 1241 814 1272 sortasse
829 1241 919 1282 quasi
935 1241 1054 1282 aliquid
1070 1241 1155 1282 ipsos
1169 1239 1383 1282 intelligentes
1397 1240 1512 1272 dicere.
1546 1251 1653 1273 verum

180 1300 206 1331 si
221 1299 340 1331 sciendi
355 1298 466 1329 avidus
480 1297 520 1328 ab
535 1296 572 1327 iis
592 1296 746 1327 dictorum
762 1295 881 1338 aliquid
897 1295 1116 1336 sciscitaberis,
1140 1294 1224 1326 idem
1241 1295 1274 1326 in
1299 1294 1346 1325 his
1362 1305 1485 1337 semper
1499 1299 1532 1326 et
1554 1305 1652 1328 unum

179 1353 389 1396 significatur:
413 1351 578 1392 omnisque
593 1360 705 1387 sermo,
720 1360 790 1381 curn
812 1349 908 1381 semel
923 1349 1056 1391 scriptus
1073 1354 1132 1386 est,
1146 1348 1260 1390 passim
1277 1349 1446 1380 revolvitur
1460 1360 1550 1392 aeque
1566 1350 1653 1391 apud

180 1407 403 1448 intelligentes,
440 1410 535 1446 atque
561 1403 650 1440 alios,
687 1403 769 1434 inter
797 1413 876 1444 quos
908 1402 1034 1434 minime
1058 1403 1167 1434 decet:
1201 1403 1363 1445 nescitque
1393 1403 1509 1441 dicere,
1539 1403 1653 1445 quibus

181 1465 318 1504 oportet,
339 1466 373 1492 et
397 1459 510 1501 quibus
534 1468 598 1489 non
616 1462 752 1499 oportet.
797 1455 920 1498 Injuria
948 1467 1021 1489 vero
1044 1456 1198 1489 immerito
1225 1457 1478 1499 contumeliaque
1509 1457 1653 1495 affectus,

181 1515 278 1558 patris
289 1525 411 1556 semper
425 1518 496 1556 eget
509 1512 667 1555 praesidio.
710 1511 778 1554 ipse
794 1511 879 1544 enim
893 1522 996 1554 neque
1021 1512 1196 1544 adversario
1221 1522 1407 1554 repugnare,
1435 1523 1538 1554 neque
1559 1523 1653 1554 opem

179 1570 258 1606 ferre
271 1568 329 1600 sibi
344 1567 405 1610 ipsi
421 1571 536 1610 potest.
582 1566 676 1597 Pam.
703 1565 783 1598 Haec
798 1575 926 1608 quoque
943 1571 1026 1598 recte
1041 1566 1096 1597 abs
1112 1570 1143 1597 te
1159 1565 1247 1598 dicta
1260 1565 1417 1597 videntur.
1454 1566 1551 1608 [276]
1597 1566 1655 1598 So.

183 1623 268 1662 Quid
285 1632 376 1665 porro
389 1621 400 1653 ?
424 1621 519 1652 alium
535 1620 678 1652 videmus
693 1629 867 1651 sermonem
882 1619 976 1661 hujus
992 1620 1127 1657 fratrem,
1150 1620 1414 1662 quemadmodum
1428 1619 1586 1661 legitimus
1600 1619 1653 1658 sit,

182 1682 215 1709 et
228 1681 346 1718 quanto
361 1675 469 1708 melior
494 1679 590 1715 atque
615 1673 784 1714 potentior,
806 1685 901 1715 quam
914 1674 986 1711 iste,
1009 1674 1176 1706 nascatur?
1221 1673 1315 1707 Puae.
1360 1674 1464 1711 Quem
1480 1673 1595 1705 istum?
1619 1678 1652 1716 et

183 1731 341 1773 quomodo
370 1728 439 1761 fieri
461 1728 561 1761 dicis?
600 1728 654 1759 So.
680 1727 776 1769 Eum,
796 1727 938 1769 inquam,
961 1727 1017 1769 qui
1041 1727 1076 1759 in
1102 1727 1207 1758 animo
1234 1727 1384 1760 discentis
1413 1738 1485 1760 curn
1515 1727 1648 1760 scientia

182 1785 335 1821 scribitur,
357 1784 432 1826 quia
447 1783 505 1814 sibi
521 1782 581 1823 ipsi
597 1781 739 1812 auxiliari
750 1786 865 1823 potest,
881 1781 1092 1824 intelligitque
1103 1782 1188 1824 apud
1201 1791 1280 1823 quos
1295 1781 1489 1824 loquendum
1499 1781 1550 1819 sit,
1566 1782 1653 1824 apud

181 1849 260 1881 quos
277 1838 456 1869 tacendum.
501 1835 595 1867 Pnaz.
639 1834 774 1866 scientis
801 1845 976 1870 sermonem
1001 1835 1082 1867 dicis
1108 1835 1277 1877 viventem,
1300 1841 1333 1867 et
1355 1836 1539 1876 animatum,
1560 1836 1653 1878 cujus

184 1892 282 1923 oratio
297 1891 411 1932 scripta
427 1889 628 1921 simulacrum
643 1889 803 1930 quoddam
819 1900 884 1919 non
904 1889 1017 1931 injuria
1037 1890 1281 1932 nuncupabitur.
1324 1889 1380 1922 So.
1425 1889 1575 1923 Omnino.
1597 1892 1653 1923 sed

182 1948 245 1983 hoc
259 1956 388 1988 quoque
412 1944 488 1976 mihi
514 1944 613 1976 dicas.
657 1943 778 1975 Mentis
803 1954 932 1986 compos
948 1944 1086 1985 agricola
1107 1944 1260 1986 numquid
1276 1944 1433 1976 carissima
1448 1944 1507 1976 sibi
1522 1945 1654 1982 semina,

182 2011 313 2043 quorum
343 1999 461 2030 fructus
487 2002 660 2038 exspectat,
683 2002 791 2028 aestate
815 1997 849 2028 in
876 1996 1000 2030 Adonis
1030 1998 1126 2029 hortis
1144 2009 1265 2032 summo
1293 1999 1398 2030 studio
1428 2004 1461 2030 et
1489 1999 1655 2041 diligentia

182 2059 317 2097 sparget,
342 2057 376 2084 ut
400 2057 471 2083 octo
496 2051 607 2082 diebus
634 2051 794 2092 speciosos
815 2050 890 2082 inde
914 2051 1005 2083 flores
1029 2051 1179 2093 aspiciat?
1208 2062 1247 2083 an
1275 2053 1393 2095 potius,
1416 2053 1441 2084 si
1469 2053 1596 2094 quando
1620 2054 1653 2084 id

181 2108 290 2151 egent,
313 2107 384 2139 festi
398 2105 562 2147 cujusdam
578 2104 643 2137 diei
657 2104 787 2147 ludique
802 2105 900 2147 gratia
915 2106 1032 2137 faciet?
1055 2111 1088 2137 at
1104 2106 1156 2137 ubi
1172 2107 1251 2139 serio
1267 2117 1363 2149 agens
1375 2106 1572 2149 agriculturae
1588 2112 1654 2140 stu-

181 2160 466 2196 diumadbibuerit,
490 2164 570 2190 seret
595 2159 736 2201 quidem,
762 2159 816 2190 ubi
840 2160 1000 2197 convenit,
1026 2165 1058 2191 et
1083 2160 1156 2191 satis
1180 2171 1212 2192 se
1235 2166 1437 2193 consecutum
1463 2161 1599 2203 putabit,
1625 2162 1654 2195 si

181 2221 253 2248 octo
278 2214 430 2246 mensium
447 2213 609 2246 intervallo
632 2213 712 2244 satio
737 2223 792 2244 sua
815 2214 855 2244 ad
878 2213 982 2256 fruges
1010 2213 1208 2256 pervenerit?
1253 2215 1350 2247 Pam.
1394 2214 1446 2246 Ita
1471 2226 1610 2257 prorsus,
1633 2226 1653 2249 ο

182 2272 337 2310 Socrates,
357 2269 413 2301 illa
428 2268 556 2311 quidem
567 2266 658 2308 joco,
679 2271 716 2298 ut
729 2267 788 2307 ais,
811 2268 878 2299 haec
894 2272 1000 2298 autem
1022 2267 1102 2298 serio
1127 2267 1234 2300 faciet.
1279 2267 1336 2300 So.
1380 2267 1551 2300 Hominem
1570 2280 1653 2307 vero,

179 2324 346 2367 justorum,
368 2324 584 2366 honestorum,
608 2322 823 2364 bonorumque
847 2322 1010 2353 scientiam
1031 2321 1257 2363 possidentem,
1285 2321 1654 2363 agricolaimperitiorem

181 2380 223 2410 ad
237 2378 354 2410 semina
371 2387 425 2408 sua
441 2375 612 2418 spargenda
629 2375 828 2417 putabimus?
874 2375 968 2407 Pu.
1012 2375 1149 2406 Minime
1163 2375 1315 2406 omnium.
1360 2376 1416 2408 So.
1459 2375 1536 2407 Non
1559 2376 1653 2419 igitur

182 2433 215 2463 in
231 2442 312 2474 aqua
326 2431 414 2472 nigra
428 2429 565 2460 studiose
580 2429 652 2471 ipsa
667 2429 786 2460 calamo
809 2439 881 2461 cum
897 2428 1089 2460 sermonibus
1111 2428 1287 2467 seminabit,
1310 2440 1382 2461 cum
1397 2440 1574 2462 succurrere
1593 2431 1652 2463 illis

182 2485 429 2528 periclitantibus
444 2489 591 2525 nequeat.
606 2489 743 2524 nequeat
757 2488 790 2514 et
804 2494 842 2515 ex
866 2482 941 2524 ipsis
957 2483 1116 2514 veritatem
1133 2483 1320 2514 sufficienter
1334 2484 1511 2515 ostendere.
1557 2484 1652 2516 Pam.

184 2540 277 2571 Certe
303 2538 338 2569 id
363 2548 427 2569 non
450 2542 496 2568 est
512 2542 770 2569 cousentaneum.
815 2538 872 2570 So.
901 2536 977 2568 Non
993 2547 1078 2569 sane.
1125 2536 1274 2569 Ceterum
1299 2537 1405 2568 hortos
1421 2537 1550 2579 quidem
1580 2537 1652 2569 lite-

182 2603 294 2628 rarum.
318 2596 353 2621 ut
381 2589 447 2621 ludi
473 2601 579 2628 causa,
601 2596 636 2622 ut
660 2592 794 2628 videtur,
820 2597 901 2623 seret
928 2595 1023 2633 atque
1045 2590 1222 2623 describet:
1245 2595 1278 2622 et
1303 2596 1469 2633 postquam
1497 2591 1654 2633 scripserit

184 2653 332 2688 tanquam
348 2649 550 2676 monumenta
564 2645 785 2688 thesaurosque
801 2647 842 2676 ad
858 2645 1027 2677 senectutis
1041 2644 1153 2676 futurae
1169 2645 1373 2685 oblivionem,
1391 2650 1453 2676 tam
1468 2644 1539 2686 sibi,
1559 2655 1652 2686 quam

185 2700 297 2734 ceteris
323 2698 524 2740 vestigiorum
546 2699 716 2730 eorundem
739 2699 956 2741 sectatoribus,
984 2698 1139 2730 laetabitur
1161 2699 1281 2741 utique,
1314 2705 1404 2730 natos
1427 2698 1495 2740 jam
1523 2697 1653 2729 tenellos

184 2765 255 2786 suos
270 2755 387 2785 fructus
402 2751 592 2793 inspiciens:
617 2753 789 2795 ceterisque
804 2753 983 2785 horninibus
1009 2752 1099 2784 ludos
1122 2752 1200 2784 alios
1214 2753 1430 2794 sequentibus,
1450 2757 1484 2783 et
1505 2752 1650 2787 convivia

183 2811 354 2850 horumque
371 2806 483 2837 similia
493 2805 735 2848 celebrantibus,
747 2807 816 2849 ipse
830 2806 966 2845 interim,
977 2806 1026 2838 his
1042 2806 1175 2848 omissis,
1190 2806 1220 2837 in
1233 2816 1407 2838 sermonum
1416 2805 1653 2842 oblectamentis

183 2863 277 2895 vitam
308 2862 414 2893 ducet.
459 2859 551 2906 Ρμιῑ.
582 2859 857 2895 Ptaeclarissimum
891 2872 955 2906 prae
981 2861 1111 2895 aliorum
1135 2861 1283 2895 vilissimo
1310 2870 1425 2900 narras,
1448 2871 1466 2891 o
1497 2860 1650 2900 Socrates,
