<?xml version="1.0" encoding="UTF-8"?>
<!DOCTYPE html PUBLIC "-//W3C//DTD XHTML 1.0 Transitional//EN"
    "http://www.w3.org/TR/xhtml1/DTD/xhtml1-transitional.dtd">
<html xmlns="http://www.w3.org/1999/xhtml" xml:lang="en" lang="en">
 <head>
  <title>
</title>
<meta http-equiv="Content-Type" content="text/html;charset=utf-8" />
  <meta name='ocr-system' content='tesseract 3.04.00' />
  <meta name='ocr-capabilities' content='ocr_page ocr_carea ocr_par ocr_line ocrx_word'/>
</head>
<body>
  <div class='ocr_page' id='page_1' title='image "./platonisetquaeve10plat_0014.png"; bbox 0 0 1832 3256; ppageno 0'>
   <div class='ocr_carea' id='block_1_1' title="bbox 201 201 1658 252">
    <p class='ocr_par' dir='ltr' id='par_1_1' title="bbox 201 201 1658 252">
     <span class='ocr_line' id='line_1_1' title="bbox 201 201 1658 252; baseline -0.005 -5"><span class='ocrx_word' id='word_1_1' title='bbox 201 212 227 247; x_wconf 85' lang='lat'>4</span> <span class='ocrx_word' id='word_1_2' title='bbox 749 235 753 239; x_wconf 86' lang='lat'>.</span> <span class='ocrx_word' id='word_1_3' title='bbox 782 202 1047 252; x_wconf 82' lang='lat' dir='ltr'><strong>PLATONIS</strong></span> <span class='ocrx_word' id='word_1_4' title='bbox 1561 201 1658 252; x_wconf 81' lang='lat'><strong>[233</strong></span> 
     </span>
    </p>
   </div>
   <div class='ocr_carea' id='block_1_2' title="bbox 201 302 1680 2923">
    <p class='ocr_par' dir='ltr' id='par_1_2' title="bbox 201 302 1677 2923">
     <span class='ocr_line' id='line_1_2' title="bbox 201 302 1659 356; baseline -0.006 -11"><span class='ocrx_word' id='word_1_5' title='bbox 201 312 400 356; x_wconf 72' lang='lat' dir='ltr'><strong>pertinentia,</strong></span> <span class='ocrx_word' id='word_1_6' title='bbox 414 311 566 346; x_wconf 80' lang='lat' dir='ltr'><strong>noverint.</strong></span> <span class='ocrx_word' id='word_1_7' title='bbox 603 317 667 351; x_wconf 83' lang='lat' dir='ltr'><strong>quo</strong></span> <span class='ocrx_word' id='word_1_8' title='bbox 685 306 829 348; x_wconf 74' lang='lat' dir='ltr'><strong>eflicitur,</strong></span> <span class='ocrx_word' id='word_1_9' title='bbox 842 311 879 338; x_wconf 82' lang='lat' dir='ltr'><strong>ut</strong></span> <span class='ocrx_word' id='word_1_10' title='bbox 893 305 1023 338; x_wconf 83' lang='lat' dir='ltr'><strong>dublum</strong></span> <span class='ocrx_word' id='word_1_11' title='bbox 1038 304 1092 345; x_wconf 71' lang='lat' dir='ltr'><strong>sit,</strong></span> <span class='ocrx_word' id='word_1_12' title='bbox 1117 312 1158 334; x_wconf 80' lang='lat' dir='ltr'><strong>an</strong></span> <span class='ocrx_word' id='word_1_13' title='bbox 1173 302 1326 335; x_wconf 75' lang='lat' dir='ltr'><strong>exstincta</strong></span> <span class='ocrx_word' id='word_1_14' title='bbox 1339 302 1538 346; x_wconf 83' lang='lat' dir='ltr'><strong>cupiditate’</strong></span> <span class='ocrx_word' id='word_1_15' title='bbox 1530 313 1562 335; x_wconf 78' lang='grc' dir='ltr'><strong>ιη</strong></span> <span class='ocrx_word' id='word_1_16' title='bbox 1576 305 1659 344; x_wconf 79' lang='lat' dir='ltr'><strong>ami-</strong></span> 
     </span>
     <span class='ocr_line' id='line_1_3' title="bbox 202 349 1661 410; baseline -0.005 -12"><span class='ocrx_word' id='word_1_17' title='bbox 202 366 278 398; x_wconf 85' lang='lat' dir='ltr'><strong>citia</strong></span> <span class='ocrx_word' id='word_1_18' title='bbox 307 370 521 410; x_wconf 79' lang='lat' dir='ltr'>perseverent</span> <span class='ocrx_word' id='word_1_19' title='bbox 558 363 655 405; x_wconf 82' lang='lat'>[233]</span> <span class='ocrx_word' id='word_1_20' title='bbox 690 372 754 393; x_wconf 89' lang='lat' dir='ltr'><strong>non</strong></span> <span class='ocrx_word' id='word_1_21' title='bbox 780 360 956 392; x_wconf 78' lang='lat' dir='ltr'><strong>amantibus</strong></span> <span class='ocrx_word' id='word_1_22' title='bbox 982 363 1102 396; x_wconf 84' lang='lat' dir='ltr'><strong>autem,</strong></span> <span class='ocrx_word' id='word_1_23' title='bbox 1137 349 1206 399; x_wconf 81' lang='lat' dir='ltr'><strong>qui,</strong></span> <span class='ocrx_word' id='word_1_24' title='bbox 1230 367 1316 389; x_wconf 87' lang='lat' dir='ltr'><strong>cum</strong></span> <span class='ocrx_word' id='word_1_25' title='bbox 1324 357 1410 399; x_wconf 77' lang='lat' dir='ltr'><strong>prius</strong></span> <span class='ocrx_word' id='word_1_26' title='bbox 1437 357 1533 390; x_wconf 77' lang='lat' dir='ltr'><strong>etiarn</strong></span> <span class='ocrx_word' id='word_1_27' title='bbox 1564 357 1661 390; x_wconf 76' lang='lat' dir='ltr'><strong>amici</strong></span> 
     </span>
     <span class='ocr_line' id='line_1_4' title="bbox 202 411 1660 460; baseline -0.006 -9"><span class='ocrx_word' id='word_1_28' title='bbox 202 424 318 460; x_wconf 80' lang='lat' dir='ltr'><strong>essent,</strong></span> <span class='ocrx_word' id='word_1_29' title='bbox 344 429 408 450; x_wconf 90' lang='lat' dir='ltr'><strong>non</strong></span> <span class='ocrx_word' id='word_1_30' title='bbox 437 419 572 460; x_wconf 80' lang='lat' dir='ltr'>agebant</span> <span class='ocrx_word' id='word_1_31' title='bbox 599 414 819 447; x_wconf 73' lang='lat' dir='ltr'><strong>oblectamenti</strong></span> <span class='ocrx_word' id='word_1_32' title='bbox 847 413 946 454; x_wconf 85' lang='lat' dir='ltr'><strong>gratia</strong></span> <span class='ocrx_word' id='word_1_33' title='bbox 978 411 1095 448; x_wconf 76' lang='lat' dir='ltr'><strong>omnia,</strong></span> <span class='ocrx_word' id='word_1_34' title='bbox 1129 415 1375 442; x_wconf 78' lang='lat' dir='ltr'><strong>consentaneum</strong></span> <span class='ocrx_word' id='word_1_35' title='bbox 1409 418 1458 442; x_wconf 84' lang='lat' dir='ltr'><strong>est</strong></span> <span class='ocrx_word' id='word_1_36' title='bbox 1489 421 1554 443; x_wconf 88' lang='lat' dir='ltr'><strong>non</strong></span> <span class='ocrx_word' id='word_1_37' title='bbox 1579 411 1660 443; x_wconf 69' lang='lat' dir='ltr'><strong>adeo</strong></span> 
     </span>
     <span class='ocr_line' id='line_1_5' title="bbox 203 462 1661 507; baseline -0.005 -3"><span class='ocrx_word' id='word_1_38' title='bbox 203 474 363 505; x_wconf 81' lang='lat' dir='ltr'><strong>ardentem</strong></span> <span class='ocrx_word' id='word_1_39' title='bbox 399 471 527 503; x_wconf 85' lang='lat' dir='ltr'><strong>conflari</strong></span> <span class='ocrx_word' id='word_1_40' title='bbox 556 467 818 507; x_wconf 77' lang='lat' dir='ltr'>benevolentiam,</span> <span class='ocrx_word' id='word_1_41' title='bbox 860 465 915 497; x_wconf 88' lang='lat' dir='ltr'><strong>sed</strong></span> <span class='ocrx_word' id='word_1_42' title='bbox 955 465 1092 506; x_wconf 85' lang='lat' dir='ltr'><strong>ipsorum</strong></span> <span class='ocrx_word' id='word_1_43' title='bbox 1117 462 1218 495; x_wconf 81' lang='lat' dir='ltr'><strong>officia</strong></span> <span class='ocrx_word' id='word_1_44' title='bbox 1253 469 1456 495; x_wconf 79' lang='lat' dir='ltr'><strong>monumenta</strong></span> <span class='ocrx_word' id='word_1_45' title='bbox 1487 464 1661 497; x_wconf 75' lang='lat' dir='ltr'><strong>futurorum</strong></span> 
     </span>
     <span class='ocr_line' id='line_1_6' title="bbox 204 516 1662 568; baseline -0.006 -9"><span class='ocrx_word' id='word_1_46' title='bbox 204 526 318 568; x_wconf 79' lang='lat' dir='ltr'>accipi.</span> <span class='ocrx_word' id='word_1_47' title='bbox 361 525 448 563; x_wconf 87' lang='lat' dir='ltr'><strong>Quin</strong></span> <span class='ocrx_word' id='word_1_48' title='bbox 476 524 569 557; x_wconf 84' lang='lat' dir='ltr'><strong>etiam</strong></span> <span class='ocrx_word' id='word_1_49' title='bbox 593 522 701 553; x_wconf 89' lang='lat' dir='ltr'><strong>melior</strong></span> <span class='ocrx_word' id='word_1_50' title='bbox 715 521 840 557; x_wconf 78' lang='lat' dir='ltr'><strong>evades,</strong></span> <span class='ocrx_word' id='word_1_51' title='bbox 853 519 881 550; x_wconf 82' lang='lat' dir='ltr'><strong>si</strong></span> <span class='ocrx_word' id='word_1_52' title='bbox 896 518 973 550; x_wconf 88' lang='lat' dir='ltr'><strong>mihi</strong></span> <span class='ocrx_word' id='word_1_53' title='bbox 995 517 1174 554; x_wconf 73' lang='lat' dir='ltr'><strong>credideris,</strong></span> <span class='ocrx_word' id='word_1_54' title='bbox 1198 527 1293 560; x_wconf 89' lang='lat' dir='ltr'><strong>quam</strong></span> <span class='ocrx_word' id='word_1_55' title='bbox 1308 516 1336 549; x_wconf 81' lang='lat' dir='ltr'><strong>si</strong></span> <span class='ocrx_word' id='word_1_56' title='bbox 1349 516 1479 549; x_wconf 74' lang='lat' dir='ltr'><strong>amatori</strong></span> <span class='ocrx_word' id='word_1_57' title='bbox 1493 517 1662 560; x_wconf 73' lang='lat' dir='ltr'><strong>praebueris</strong></span> 
     </span>
     <span class='ocr_line' id='line_1_7' title="bbox 203 569 1659 617; baseline -0.006 -5"><span class='ocrx_word' id='word_1_58' title='bbox 203 590 303 611; x_wconf 85' lang='lat' dir='ltr'><strong>aures.</strong></span> <span class='ocrx_word' id='word_1_59' title='bbox 360 589 433 611; x_wconf 86' lang='lat' dir='ltr'><strong>nam</strong></span> <span class='ocrx_word' id='word_1_60' title='bbox 465 581 603 610; x_wconf 82' lang='lat' dir='ltr'><strong>amantes</strong></span> <span class='ocrx_word' id='word_1_61' title='bbox 637 579 748 617; x_wconf 84' lang='lat' dir='ltr'><strong>praeter</strong></span> <span class='ocrx_word' id='word_1_62' title='bbox 781 573 908 604; x_wconf 90' lang='lat' dir='ltr'><strong>modum</strong></span> <span class='ocrx_word' id='word_1_63' title='bbox 944 572 1030 603; x_wconf 86' lang='lat' dir='ltr'><strong>dicta</strong></span> <span class='ocrx_word' id='word_1_64' title='bbox 1052 576 1086 603; x_wconf 87' lang='lat' dir='ltr'><strong>et</strong></span> <span class='ocrx_word' id='word_1_65' title='bbox 1108 570 1194 602; x_wconf 74' lang='lat' dir='ltr'><strong>faeta</strong></span> <span class='ocrx_word' id='word_1_66' title='bbox 1225 575 1280 602; x_wconf 87' lang='lat' dir='ltr'><strong>tua</strong></span> <span class='ocrx_word' id='word_1_67' title='bbox 1320 569 1467 602; x_wconf 79' lang='lat' dir='ltr'><strong>laudibus</strong></span> <span class='ocrx_word' id='word_1_68' title='bbox 1503 570 1659 607; x_wconf 83' lang='lat' dir='ltr'><strong>efferunt:</strong></span> 
     </span>
     <span class='ocr_line' id='line_1_8' title="bbox 204 618 1662 674; baseline -0.005 -10"><span class='ocrx_word' id='word_1_69' title='bbox 204 633 317 674; x_wconf 85' lang='lat' dir='ltr'><strong>partim</strong></span> <span class='ocrx_word' id='word_1_70' title='bbox 363 631 438 673; x_wconf 85' lang='lat' dir='ltr'><strong>quia</strong></span> <span class='ocrx_word' id='word_1_71' title='bbox 481 634 635 665; x_wconf 82' lang='lat' dir='ltr'><strong>verentur,</strong></span> <span class='ocrx_word' id='word_1_72' title='bbox 664 638 705 659; x_wconf 90' lang='lat' dir='ltr'><strong>ne</strong></span> <span class='ocrx_word' id='word_1_73' title='bbox 744 634 777 658; x_wconf 77' lang='lat' dir='ltr'><strong>te</strong></span> <span class='ocrx_word' id='word_1_74' title='bbox 814 618 989 662; x_wconf 80' lang='lat' dir='ltr'><strong>offendant,</strong></span> <span class='ocrx_word' id='word_1_75' title='bbox 1037 623 1149 666; x_wconf 80' lang='lat' dir='ltr'><strong>partim</strong></span> <span class='ocrx_word' id='word_1_76' title='bbox 1197 623 1273 666; x_wconf 82' lang='lat' dir='ltr'><strong>quia</strong></span> <span class='ocrx_word' id='word_1_77' title='bbox 1310 628 1436 666; x_wconf 86' lang='lat' dir='ltr'><strong>propter</strong></span> <span class='ocrx_word' id='word_1_78' title='bbox 1476 623 1662 666; x_wconf 72' lang='lat' dir='ltr'>cupiditatis</span> 
     </span>
     <span class='ocr_line' id='line_1_9' title="bbox 204 677 1661 726; baseline -0.004 -10"><span class='ocrx_word' id='word_1_79' title='bbox 204 687 344 717; x_wconf 83' lang='lat' dir='ltr'><strong>ardorem</strong></span> <span class='ocrx_word' id='word_1_80' title='bbox 366 685 398 715; x_wconf 91' lang='lat' dir='ltr'><strong>in</strong></span> <span class='ocrx_word' id='word_1_81' title='bbox 419 683 595 726; x_wconf 88' lang='lat' dir='ltr'><strong>judicando</strong></span> <span class='ocrx_word' id='word_1_82' title='bbox 620 681 780 713; x_wconf 81' lang='lat' dir='ltr'><strong>falluntur.</strong></span> <span class='ocrx_word' id='word_1_83' title='bbox 813 680 890 711; x_wconf 85' lang='lat' dir='ltr'><strong>talia</strong></span> <span class='ocrx_word' id='word_1_84' title='bbox 909 679 993 710; x_wconf 90' lang='lat' dir='ltr'><strong>enim</strong></span> <span class='ocrx_word' id='word_1_85' title='bbox 1016 678 1160 720; x_wconf 81' lang='lat' dir='ltr'><strong>quaedam</strong></span> <span class='ocrx_word' id='word_1_86' title='bbox 1190 687 1276 709; x_wconf 84' lang='lat' dir='ltr'><strong>amor</strong></span> <span class='ocrx_word' id='word_1_87' title='bbox 1309 688 1349 709; x_wconf 85' lang='lat' dir='ltr'><strong>ex</strong></span> <span class='ocrx_word' id='word_1_88' title='bbox 1371 688 1404 710; x_wconf 84' lang='lat' dir='ltr'><strong>se</strong></span> <span class='ocrx_word' id='word_1_89' title='bbox 1426 678 1527 720; x_wconf 78' lang='lat' dir='ltr'><strong>parit:</strong></span> <span class='ocrx_word' id='word_1_90' title='bbox 1563 677 1661 710; x_wconf 74' lang='lat' dir='ltr'><strong>infor-</strong></span> 
     </span>
     <span class='ocr_line' id='line_1_10' title="bbox 205 730 1662 779; baseline -0.005 -9"><span class='ocrx_word' id='word_1_91' title='bbox 205 743 331 770; x_wconf 82' lang='lat' dir='ltr'><strong>tunatos</strong></span> <span class='ocrx_word' id='word_1_92' title='bbox 356 738 495 779; x_wconf 88' lang='lat' dir='ltr'><strong>quidem,</strong></span> <span class='ocrx_word' id='word_1_93' title='bbox 521 747 560 768; x_wconf 81' lang='lat' dir='ltr'><strong>ea</strong></span> <span class='ocrx_word' id='word_1_94' title='bbox 582 736 689 775; x_wconf 84' lang='lat' dir='ltr'><strong>etiam,</strong></span> <span class='ocrx_word' id='word_1_95' title='bbox 715 744 786 776; x_wconf 70' lang='lat' dir='ltr'><strong>quas</strong></span> <span class='ocrx_word' id='word_1_96' title='bbox 811 733 880 764; x_wconf 86' lang='lat' dir='ltr'><strong>aliis</strong></span> <span class='ocrx_word' id='word_1_97' title='bbox 913 731 1087 766; x_wconf 75' lang='lat' dir='ltr'><strong>molestiam</strong></span> <span class='ocrx_word' id='word_1_98' title='bbox 1111 730 1229 762; x_wconf 87' lang='lat' dir='ltr'><strong>nullam</strong></span> <span class='ocrx_word' id='word_1_99' title='bbox 1250 731 1403 773; x_wconf 82' lang='lat' dir='ltr'><strong>praebent,</strong></span> <span class='ocrx_word' id='word_1_100' title='bbox 1427 730 1528 763; x_wconf 75' lang='lat' dir='ltr'><strong>tristia</strong></span> <span class='ocrx_word' id='word_1_101' title='bbox 1550 735 1662 774; x_wconf 67' lang='lat' dir='ltr'><strong>putare</strong></span> 
     </span>
     <span class='ocr_line' id='line_1_11' title="bbox 206 783 1662 834; baseline -0.006 -10"><span class='ocrx_word' id='word_1_102' title='bbox 206 792 388 834; x_wconf 84' lang='lat' dir='ltr'><strong>compellit3</strong></span> <span class='ocrx_word' id='word_1_103' title='bbox 410 792 582 822; x_wconf 74' lang='lat' dir='ltr'><strong>fortunatos</strong></span> <span class='ocrx_word' id='word_1_104' title='bbox 607 794 723 824; x_wconf 82' lang='lat' dir='ltr'><strong>autem,</strong></span> <span class='ocrx_word' id='word_1_105' title='bbox 745 792 779 819; x_wconf 88' lang='lat' dir='ltr'><strong>et</strong></span> <span class='ocrx_word' id='word_1_106' title='bbox 798 786 863 817; x_wconf 88' lang='lat' dir='ltr'><strong>voti</strong></span> <span class='ocrx_word' id='word_1_107' title='bbox 893 786 941 817; x_wconf 86' lang='lat' dir='ltr'><strong>sui</strong></span> <span class='ocrx_word' id='word_1_108' title='bbox 955 788 1130 827; x_wconf 84' lang='lat' dir='ltr'><strong>compotes,</strong></span> <span class='ocrx_word' id='word_1_109' title='bbox 1145 794 1216 826; x_wconf 76' lang='lat' dir='ltr'><strong>quae</strong></span> <span class='ocrx_word' id='word_1_110' title='bbox 1241 783 1352 817; x_wconf 80' lang='lat' dir='ltr'><strong>laetitia</strong></span> <span class='ocrx_word' id='word_1_111' title='bbox 1372 784 1470 826; x_wconf 80' lang='lat' dir='ltr'><strong>digna</strong></span> <span class='ocrx_word' id='word_1_112' title='bbox 1487 794 1552 816; x_wconf 89' lang='lat' dir='ltr'><strong>non</strong></span> <span class='ocrx_word' id='word_1_113' title='bbox 1576 789 1662 821; x_wconf 76' lang='lat' dir='ltr'><strong>eunt,</strong></span> 
     </span>
     <span class='ocr_line' id='line_1_12' title="bbox 206 837 1662 886; baseline -0.005 -10"><span class='ocrx_word' id='word_1_114' title='bbox 206 846 292 886; x_wconf 88' lang='lat' dir='ltr'><strong>cogit</strong></span> <span class='ocrx_word' id='word_1_115' title='bbox 305 847 450 886; x_wconf 72' lang='lat' dir='ltr'><strong>tanquam</strong></span> <span class='ocrx_word' id='word_1_116' title='bbox 471 843 614 884; x_wconf 85' lang='lat' dir='ltr'><strong>jucunda</strong></span> <span class='ocrx_word' id='word_1_117' title='bbox 637 842 774 873; x_wconf 80' lang='lat' dir='ltr'><strong>laudare.</strong></span> <span class='ocrx_word' id='word_1_118' title='bbox 819 840 1020 882; x_wconf 81' lang='lat' dir='ltr'><strong>Quapropter</strong></span> <span class='ocrx_word' id='word_1_119' title='bbox 1045 837 1181 870; x_wconf 75' lang='lat' dir='ltr'><strong>miserari</strong></span> <span class='ocrx_word' id='word_1_120' title='bbox 1205 848 1260 870; x_wconf 85' lang='lat' dir='ltr'><strong>eos</strong></span> <span class='ocrx_word' id='word_1_121' title='bbox 1281 837 1380 880; x_wconf 83' lang='lat' dir='ltr'><strong>magis</strong></span> <span class='ocrx_word' id='word_1_122' title='bbox 1402 843 1538 881; x_wconf 80' lang='lat' dir='ltr'><strong>oportet,</strong></span> <span class='ocrx_word' id='word_1_123' title='bbox 1566 847 1662 881; x_wconf 74' lang='lat' dir='ltr'><strong>quam</strong></span> 
     </span>
     <span class='ocr_line' id='line_1_13' title="bbox 205 891 1666 940; baseline -0.005 -11"><span class='ocrx_word' id='word_1_124' title='bbox 205 899 345 940; x_wconf 85' lang='lat' dir='ltr'><strong>diligere.</strong></span> <span class='ocrx_word' id='word_1_125' title='bbox 390 898 485 934; x_wconf 85' lang='lat' dir='ltr'><strong>Quod</strong></span> <span class='ocrx_word' id='word_1_126' title='bbox 515 897 540 928; x_wconf 90' lang='lat' dir='ltr'><strong>si</strong></span> <span class='ocrx_word' id='word_1_127' title='bbox 564 896 643 927; x_wconf 88' lang='lat' dir='ltr'><strong>mibi</strong></span> <span class='ocrx_word' id='word_1_128' title='bbox 662 894 842 930; x_wconf 70' lang='lat' dir='ltr'><strong>credideris,</strong></span> <span class='ocrx_word' id='word_1_129' title='bbox 857 893 957 934; x_wconf 87' lang='lat' dir='ltr'><strong>primo</strong></span> <span class='ocrx_word' id='word_1_130' title='bbox 971 892 1111 934; x_wconf 63' lang='lat' dir='ltr'><strong>quidem}</strong></span> <span class='ocrx_word' id='word_1_131' title='bbox 1119 902 1184 923; x_wconf 91' lang='lat' dir='ltr'><strong>non</strong></span> <span class='ocrx_word' id='word_1_132' title='bbox 1198 892 1239 923; x_wconf 86' lang='lat' dir='ltr'><strong>ad</strong></span> <span class='ocrx_word' id='word_1_133' title='bbox 1261 897 1445 933; x_wconf 71' lang='lat' dir='ltr'><strong>praesentem</strong></span> <span class='ocrx_word' id='word_1_134' title='bbox 1456 891 1666 934; x_wconf 84' lang='lat' dir='ltr'><strong>voluptatem,</strong></span> 
     </span>
     <span class='ocr_line' id='line_1_14' title="bbox 208 943 1663 988; baseline -0.006 -4"><span class='ocrx_word' id='word_1_135' title='bbox 208 953 265 984; x_wconf 73' lang='lat' dir='ltr'><strong>ted</strong></span> <span class='ocrx_word' id='word_1_136' title='bbox 293 952 334 983; x_wconf 86' lang='lat' dir='ltr'><strong>ad</strong></span> <span class='ocrx_word' id='word_1_137' title='bbox 358 945 492 983; x_wconf 82' lang='lat' dir='ltr'><strong>futuram</strong></span> <span class='ocrx_word' id='word_1_138' title='bbox 523 950 701 986; x_wconf 80' lang='lat' dir='ltr'><strong>utilitatem,</strong></span> <span class='ocrx_word' id='word_1_139' title='bbox 726 947 915 979; x_wconf 81' lang='lat' dir='ltr'><strong>familiariter</strong></span> <span class='ocrx_word' id='word_1_140' title='bbox 942 951 1024 987; x_wconf 85' lang='lat' dir='ltr'><strong>utar,</strong></span> <span class='ocrx_word' id='word_1_141' title='bbox 1058 956 1122 978; x_wconf 87' lang='lat' dir='ltr'><strong>non</strong></span> <span class='ocrx_word' id='word_1_142' title='bbox 1148 945 1244 977; x_wconf 89' lang='lat' dir='ltr'><strong>amori</strong></span> <span class='ocrx_word' id='word_1_143' title='bbox 1268 946 1476 988; x_wconf 79' lang='lat' dir='ltr'><strong>mancipatus,</strong></span> <span class='ocrx_word' id='word_1_144' title='bbox 1500 946 1556 977; x_wconf 78' lang='lat' dir='ltr'><strong>sed</strong></span> <span class='ocrx_word' id='word_1_145' title='bbox 1584 943 1663 977; x_wconf 85' lang='lat' dir='ltr'><strong>mibi</strong></span> 
     </span>
     <span class='ocr_line' id='line_1_15' title="bbox 204 999 1663 1046; baseline -0.003 -9"><span class='ocrx_word' id='word_1_146' title='bbox 204 1008 273 1046; x_wconf 83' lang='lat' dir='ltr'><strong>ipse</strong></span> <span class='ocrx_word' id='word_1_147' title='bbox 287 1006 463 1046; x_wconf 83' lang='lat' dir='ltr'><strong>imperans:</strong></span> <span class='ocrx_word' id='word_1_148' title='bbox 494 1014 597 1045; x_wconf 88' lang='lat' dir='ltr'><strong>neque</strong></span> <span class='ocrx_word' id='word_1_149' title='bbox 619 1004 661 1034; x_wconf 91' lang='lat' dir='ltr'><strong>ob</strong></span> <span class='ocrx_word' id='word_1_150' title='bbox 684 1002 827 1034; x_wconf 88' lang='lat' dir='ltr'><strong>minimas</strong></span> <span class='ocrx_word' id='word_1_151' title='bbox 852 1011 960 1033; x_wconf 83' lang='lat' dir='ltr'>causas</span> <span class='ocrx_word' id='word_1_152' title='bbox 984 1001 1155 1043; x_wconf 87' lang='lat' dir='ltr'><strong>aliquando</strong></span> <span class='ocrx_word' id='word_1_153' title='bbox 1179 1010 1287 1042; x_wconf 82' lang='lat' dir='ltr'><strong>graves</strong></span> <span class='ocrx_word' id='word_1_154' title='bbox 1300 1000 1480 1038; x_wconf 79' lang='lat' dir='ltr'><strong>inimicitias</strong></span> <span class='ocrx_word' id='word_1_155' title='bbox 1493 999 1663 1039; x_wconf 75' lang='lat' dir='ltr'><strong>suscitabo,</strong></span> 
     </span>
     <span class='ocr_line' id='line_1_16' title="bbox 204 1054 1663 1096; baseline -0.002 -7"><span class='ocrx_word' id='word_1_156' title='bbox 204 1059 297 1089; x_wconf 89' lang='lat' dir='ltr'><strong>immo</strong></span> <span class='ocrx_word' id='word_1_157' title='bbox 313 1069 384 1090; x_wconf 87' lang='lat' dir='ltr'><strong>vero</strong></span> <span class='ocrx_word' id='word_1_158' title='bbox 399 1059 440 1089; x_wconf 91' lang='lat' dir='ltr'><strong>ob</strong></span> <span class='ocrx_word' id='word_1_159' title='bbox 453 1058 601 1090; x_wconf 84' lang='lat' dir='ltr'><strong>maximas</strong></span> <span class='ocrx_word' id='word_1_160' title='bbox 615 1057 805 1088; x_wconf 85' lang='lat' dir='ltr'><strong>vixtandem</strong></span> <span class='ocrx_word' id='word_1_161' title='bbox 820 1059 1007 1096; x_wconf 82' lang='lat' dir='ltr'><strong>commotus,</strong></span> <span class='ocrx_word' id='word_1_162' title='bbox 1023 1054 1231 1086; x_wconf 80' lang='lat' dir='ltr'><strong>involuntaria</strong></span> <span class='ocrx_word' id='word_1_163' title='bbox 1245 1058 1345 1086; x_wconf 85' lang='lat' dir='ltr'><strong>errata</strong></span> <span class='ocrx_word' id='word_1_164' title='bbox 1365 1054 1538 1096; x_wconf 74' lang='lat' dir='ltr'><strong>ignoscam,</strong></span> <span class='ocrx_word' id='word_1_165' title='bbox 1550 1055 1663 1087; x_wconf 83' lang='lat' dir='ltr'><strong>volun-</strong></span> 
     </span>
     <span class='ocr_line' id='line_1_17' title="bbox 203 1108 1664 1150; baseline -0.003 -6"><span class='ocrx_word' id='word_1_166' title='bbox 203 1113 283 1144; x_wconf 87' lang='lat' dir='ltr'><strong>taria</strong></span> <span class='ocrx_word' id='word_1_167' title='bbox 306 1113 471 1144; x_wconf 86' lang='lat' dir='ltr'><strong>emendare</strong></span> <span class='ocrx_word' id='word_1_168' title='bbox 497 1117 529 1143; x_wconf 89' lang='lat' dir='ltr'><strong>et</strong></span> <span class='ocrx_word' id='word_1_169' title='bbox 554 1111 690 1143; x_wconf 83' lang='lat' dir='ltr'><strong>devitarc</strong></span> <span class='ocrx_word' id='word_1_170' title='bbox 713 1110 864 1143; x_wconf 86' lang='lat' dir='ltr'><strong>conabor.</strong></span> <span class='ocrx_word' id='word_1_171' title='bbox 886 1110 955 1141; x_wconf 84' lang='lat' dir='ltr'><strong>haec</strong></span> <span class='ocrx_word' id='word_1_172' title='bbox 975 1113 1050 1140; x_wconf 86' lang='lat' dir='ltr'><strong>sunt</strong></span> <span class='ocrx_word' id='word_1_173' title='bbox 1063 1109 1120 1140; x_wconf 90' lang='lat' dir='ltr'><strong>diu</strong></span> <span class='ocrx_word' id='word_1_174' title='bbox 1135 1109 1292 1140; x_wconf 69' lang='lat' dir='ltr'><strong>duraturae</strong></span> <span class='ocrx_word' id='word_1_175' title='bbox 1307 1108 1454 1139; x_wconf 61' lang='lat' dir='ltr'><strong>amicitias</strong></span> <span class='ocrx_word' id='word_1_176' title='bbox 1468 1112 1664 1150; x_wconf 65' lang='lat' dir='ltr'><strong>argumenta,</strong></span> 
     </span>
     <span class='ocr_line' id='line_1_18' title="bbox 207 1161 1667 1205; baseline -0.002 -8"><span class='ocrx_word' id='word_1_177' title='bbox 207 1167 240 1198; x_wconf 91' lang='lat' dir='ltr'><strong>Si</strong></span> <span class='ocrx_word' id='word_1_178' title='bbox 255 1171 358 1198; x_wconf 88' lang='lat' dir='ltr'><strong>autern</strong></span> <span class='ocrx_word' id='word_1_179' title='bbox 374 1167 431 1197; x_wconf 89' lang='lat' dir='ltr'><strong>tibi</strong></span> <span class='ocrx_word' id='word_1_180' title='bbox 450 1167 482 1197; x_wconf 87' lang='lat' dir='ltr'><strong>in</strong></span> <span class='ocrx_word' id='word_1_181' title='bbox 504 1170 639 1197; x_wconf 82' lang='lat' dir='ltr'><strong>mentem</strong></span> <span class='ocrx_word' id='word_1_182' title='bbox 656 1165 787 1202; x_wconf 84' lang='lat' dir='ltr'><strong>venerit,</strong></span> <span class='ocrx_word' id='word_1_183' title='bbox 800 1174 864 1195; x_wconf 91' lang='lat' dir='ltr'><strong>non</strong></span> <span class='ocrx_word' id='word_1_184' title='bbox 877 1174 968 1205; x_wconf 86' lang='lat' dir='ltr'><strong>posse</strong></span> <span class='ocrx_word' id='word_1_185' title='bbox 983 1164 1114 1204; x_wconf 84' lang='lat' dir='ltr'><strong>firmam,</strong></span> <span class='ocrx_word' id='word_1_186' title='bbox 1125 1162 1187 1194; x_wconf 84' lang='lat' dir='ltr'><strong>nisi</strong></span> <span class='ocrx_word' id='word_1_187' title='bbox 1201 1163 1241 1194; x_wconf 82' lang='lat' dir='ltr'><strong>ab</strong></span> <span class='ocrx_word' id='word_1_188' title='bbox 1253 1172 1371 1199; x_wconf 87' lang='lat' dir='ltr'><strong>amore,</strong></span> <span class='ocrx_word' id='word_1_189' title='bbox 1384 1161 1551 1193; x_wconf 80' lang='lat' dir='ltr'><strong>amicitiam</strong></span> <span class='ocrx_word' id='word_1_190' title='bbox 1566 1161 1667 1202; x_wconf 69' lang='lat' dir='ltr'><strong>nuci,</strong></span> 
     </span>
     <span class='ocr_line' id='line_1_19' title="bbox 207 1216 1664 1261; baseline -0.003 -10"><span class='ocrx_word' id='word_1_191' title='bbox 207 1220 451 1252; x_wconf 83' lang='lat' dir='ltr'><strong>animadvertere</strong></span> <span class='ocrx_word' id='word_1_192' title='bbox 464 1221 572 1260; x_wconf 83' lang='lat' dir='ltr'><strong>debes,</strong></span> <span class='ocrx_word' id='word_1_193' title='bbox 586 1219 671 1261; x_wconf 89' lang='lat' dir='ltr'><strong>quod</strong></span> <span class='ocrx_word' id='word_1_194' title='bbox 695 1219 752 1250; x_wconf 93' lang='lat' dir='ltr'><strong>hac</strong></span> <span class='ocrx_word' id='word_1_195' title='bbox 778 1218 898 1249; x_wconf 85' lang='lat' dir='ltr'><strong>rati0ne</strong></span> <span class='ocrx_word' id='word_1_196' title='bbox 921 1227 1026 1259; x_wconf 90' lang='lat' dir='ltr'><strong>neque</strong></span> <span class='ocrx_word' id='word_1_197' title='bbox 1050 1217 1133 1248; x_wconf 88' lang='lat' dir='ltr'><strong>filios</strong></span> <span class='ocrx_word' id='word_1_198' title='bbox 1155 1216 1244 1248; x_wconf 89' lang='lat' dir='ltr'><strong>multi</strong></span> <span class='ocrx_word' id='word_1_199' title='bbox 1269 1216 1454 1252; x_wconf 78' lang='lat' dir='ltr'><strong>faceremus,</strong></span> <span class='ocrx_word' id='word_1_200' title='bbox 1477 1225 1581 1257; x_wconf 82' lang='lat' dir='ltr'><strong>neque</strong></span> <span class='ocrx_word' id='word_1_201' title='bbox 1606 1225 1664 1257; x_wconf 76' lang='lat' dir='ltr'><strong>pa-</strong></span> 
     </span>
     <span class='ocr_line' id='line_1_20' title="bbox 205 1268 1664 1318; baseline -0.003 -13"><span class='ocrx_word' id='word_1_202' title='bbox 205 1279 324 1318; x_wconf 28' lang='lat' dir='ltr'><strong>rentes&amp;</strong></span> <span class='ocrx_word' id='word_1_203' title='bbox 344 1284 446 1315; x_wconf 86' lang='lat' dir='ltr'><strong>neque</strong></span> <span class='ocrx_word' id='word_1_204' title='bbox 472 1274 551 1305; x_wconf 84' lang='lat' dir='ltr'><strong>fidos</strong></span> <span class='ocrx_word' id='word_1_205' title='bbox 576 1283 629 1304; x_wconf 85' lang='lat' dir='ltr'><strong>eos</strong></span> <span class='ocrx_word' id='word_1_206' title='bbox 654 1273 835 1303; x_wconf 84' lang='lat' dir='ltr'><strong>haberemus</strong></span> <span class='ocrx_word' id='word_1_207' title='bbox 861 1272 990 1307; x_wconf 85' lang='lat' dir='ltr'><strong>amicos,</strong></span> <span class='ocrx_word' id='word_1_208' title='bbox 1012 1270 1067 1313; x_wconf 88' lang='lat' dir='ltr'><strong>qui</strong></span> <span class='ocrx_word' id='word_1_209' title='bbox 1090 1281 1156 1302; x_wconf 90' lang='lat' dir='ltr'><strong>non</strong></span> <span class='ocrx_word' id='word_1_210' title='bbox 1177 1281 1215 1302; x_wconf 88' lang='lat' dir='ltr'><strong>ex</strong></span> <span class='ocrx_word' id='word_1_211' title='bbox 1236 1269 1350 1301; x_wconf 86' lang='lat' dir='ltr'><strong>amoris</strong></span> <span class='ocrx_word' id='word_1_212' title='bbox 1364 1268 1458 1311; x_wconf 85' lang='lat' dir='ltr'><strong>hujus</strong></span> <span class='ocrx_word' id='word_1_213' title='bbox 1471 1269 1594 1310; x_wconf 65' lang='lat' dir='ltr'><strong>ardore,⁴</strong></span> <span class='ocrx_word' id='word_1_214' title='bbox 1606 1268 1664 1302; x_wconf 73' lang='lat' dir='ltr'><strong>sed</strong></span> 
     </span>
     <span class='ocr_line' id='line_1_21' title="bbox 208 1322 1666 1368; baseline -0.004 -9"><span class='ocrx_word' id='word_1_215' title='bbox 208 1327 277 1359; x_wconf 84' lang='lat' dir='ltr'><strong>aliis</strong></span> <span class='ocrx_word' id='word_1_216' title='bbox 293 1327 484 1368; x_wconf 83' lang='lat' dir='ltr'><strong>quibuslibet</strong></span> <span class='ocrx_word' id='word_1_217' title='bbox 504 1327 626 1364; x_wconf 85' lang='lat' dir='ltr'><strong>studiis,</strong></span> <span class='ocrx_word' id='word_1_218' title='bbox 640 1326 717 1357; x_wconf 78' lang='lat' dir='ltr'><strong>facti</strong></span> <span class='ocrx_word' id='word_1_219' title='bbox 731 1331 835 1358; x_wconf 81' lang='lat' dir='ltr'><strong>essent</strong></span> <span class='ocrx_word' id='word_1_220' title='bbox 858 1325 961 1358; x_wconf 87' lang='lat' dir='ltr'><strong>amici.</strong></span> <span class='ocrx_word' id='word_1_221' title='bbox 1007 1324 1062 1356; x_wconf 85' lang='lat' dir='ltr'><strong>Ad</strong></span> <span class='ocrx_word' id='word_1_222' title='bbox 1092 1326 1172 1363; x_wconf 85' lang='lat' dir='ltr'><strong>haec,</strong></span> <span class='ocrx_word' id='word_1_223' title='bbox 1193 1324 1220 1356; x_wconf 84' lang='lat' dir='ltr'><strong>si</strong></span> <span class='ocrx_word' id='word_1_224' title='bbox 1244 1323 1352 1364; x_wconf 77' lang='lat' dir='ltr'><strong>egenis</strong></span> <span class='ocrx_word' id='word_1_225' title='bbox 1366 1322 1604 1365; x_wconf 80' lang='lat' dir='ltr'><strong>obsequendum</strong></span> <span class='ocrx_word' id='word_1_226' title='bbox 1616 1326 1666 1354; x_wconf 80' lang='lat' dir='ltr'><strong>est</strong></span> 
     </span>
     <span class='ocr_line' id='line_1_22' title="bbox 208 1375 1665 1420; baseline -0.003 -8"><span class='ocrx_word' id='word_1_227' title='bbox 208 1381 353 1417; x_wconf 81' lang='lat' dir='ltr'><strong>maxime,</strong></span> <span class='ocrx_word' id='word_1_228' title='bbox 366 1381 513 1412; x_wconf 89' lang='lat' dir='ltr'><strong>convenit</strong></span> <span class='ocrx_word' id='word_1_229' title='bbox 527 1381 665 1418; x_wconf 86' lang='lat' dir='ltr'><strong>omnino,</strong></span> <span class='ocrx_word' id='word_1_230' title='bbox 679 1391 743 1411; x_wconf 91' lang='lat' dir='ltr'><strong>non</strong></span> <span class='ocrx_word' id='word_1_231' title='bbox 759 1379 899 1411; x_wconf 86' lang='lat' dir='ltr'><strong>meliores</strong></span> <span class='ocrx_word' id='word_1_232' title='bbox 913 1379 1068 1415; x_wconf 81' lang='lat' dir='ltr'><strong>homines,</strong></span> <span class='ocrx_word' id='word_1_233' title='bbox 1081 1379 1135 1411; x_wconf 89' lang='lat' dir='ltr'><strong>sed</strong></span> <span class='ocrx_word' id='word_1_234' title='bbox 1148 1378 1359 1420; x_wconf 83' lang='lat' dir='ltr'><strong>pauperrimos</strong></span> <span class='ocrx_word' id='word_1_235' title='bbox 1369 1376 1500 1418; x_wconf 83' lang='lat' dir='ltr'><strong>juvare:</strong></span> <span class='ocrx_word' id='word_1_236' title='bbox 1523 1375 1665 1408; x_wconf 82' lang='lat' dir='ltr'><strong>maximis</strong></span> 
     </span>
     <span class='ocr_line' id='line_1_23' title="bbox 210 1430 1665 1476; baseline -0.003 -11"><span class='ocrx_word' id='word_1_237' title='bbox 210 1434 293 1465; x_wconf 88' lang='lat' dir='ltr'><strong>enim</strong></span> <span class='ocrx_word' id='word_1_238' title='bbox 309 1434 430 1466; x_wconf 86' lang='lat' dir='ltr'><strong>liberati</strong></span> <span class='ocrx_word' id='word_1_239' title='bbox 444 1435 543 1471; x_wconf 88' lang='lat' dir='ltr'><strong>malis,</strong></span> <span class='ocrx_word' id='word_1_240' title='bbox 561 1434 671 1476; x_wconf 78' lang='lat' dir='ltr'><strong>gratias</strong></span> <span class='ocrx_word' id='word_1_241' title='bbox 685 1434 828 1476; x_wconf 82' lang='lat' dir='ltr'><strong>ingentes</strong></span> <span class='ocrx_word' id='word_1_242' title='bbox 838 1434 1024 1465; x_wconf 85' lang='lat' dir='ltr'><strong>habuerunt.</strong></span> <span class='ocrx_word' id='word_1_243' title='bbox 1040 1432 1072 1463; x_wconf 93' lang='lat' dir='ltr'><strong>in</strong></span> <span class='ocrx_word' id='word_1_244' title='bbox 1088 1432 1219 1474; x_wconf 84' lang='lat' dir='ltr'><strong>propriis</strong></span> <span class='ocrx_word' id='word_1_245' title='bbox 1232 1441 1359 1474; x_wconf 88' lang='lat' dir='ltr'><strong>quoque</strong></span> <span class='ocrx_word' id='word_1_246' title='bbox 1371 1435 1405 1462; x_wconf 86' lang='lat' dir='ltr'><strong>et</strong></span> <span class='ocrx_word' id='word_1_247' title='bbox 1418 1430 1546 1472; x_wconf 81' lang='lat' dir='ltr'><strong>privatis</strong></span> <span class='ocrx_word' id='word_1_248' title='bbox 1556 1439 1665 1472; x_wconf 82' lang='lat' dir='ltr'><strong>sump-</strong></span> 
     </span>
     <span class='ocr_line' id='line_1_24' title="bbox 211 1483 1665 1528; baseline -0.002 -10"><span class='ocrx_word' id='word_1_249' title='bbox 211 1488 295 1519; x_wconf 84' lang='lat' dir='ltr'><strong>tibus</strong></span> <span class='ocrx_word' id='word_1_250' title='bbox 317 1499 382 1519; x_wconf 90' lang='lat' dir='ltr'><strong>non</strong></span> <span class='ocrx_word' id='word_1_251' title='bbox 396 1488 591 1520; x_wconf 84' lang='lat' dir='ltr'><strong>convocandi</strong></span> <span class='ocrx_word' id='word_1_252' title='bbox 606 1488 698 1519; x_wconf 88' lang='lat' dir='ltr'><strong>amici</strong></span> <span class='ocrx_word' id='word_1_253' title='bbox 712 1492 813 1524; x_wconf 86' lang='lat' dir='ltr'><strong>erunt,</strong></span> <span class='ocrx_word' id='word_1_254' title='bbox 827 1488 881 1518; x_wconf 84' lang='lat' dir='ltr'><strong>sed</strong></span> <span class='ocrx_word' id='word_1_255' title='bbox 896 1487 1068 1518; x_wconf 83' lang='lat' dir='ltr'><strong>esurientes</strong></span> <span class='ocrx_word' id='word_1_256' title='bbox 1090 1490 1124 1518; x_wconf 92' lang='lat' dir='ltr'><strong>et</strong></span> <span class='ocrx_word' id='word_1_257' title='bbox 1146 1486 1319 1528; x_wconf 85' lang='lat' dir='ltr'><strong>supplices.</strong></span> <span class='ocrx_word' id='word_1_258' title='bbox 1334 1485 1367 1516; x_wconf 90' lang='lat' dir='ltr'><strong>hi</strong></span> <span class='ocrx_word' id='word_1_259' title='bbox 1380 1485 1464 1516; x_wconf 86' lang='lat' dir='ltr'><strong>enim</strong></span> <span class='ocrx_word' id='word_1_260' title='bbox 1478 1483 1665 1516; x_wconf 80' lang='lat' dir='ltr'><strong>beneficium</strong></span> 
     </span>
     <span class='ocr_line' id='line_1_25' title="bbox 212 1537 1665 1582; baseline -0.001 -11"><span class='ocrx_word' id='word_1_261' title='bbox 212 1541 338 1573; x_wconf 85' lang='lat' dir='ltr'><strong>maximi</strong></span> <span class='ocrx_word' id='word_1_262' title='bbox 360 1542 487 1579; x_wconf 80' lang='lat' dir='ltr'><strong>facient,</strong></span> <span class='ocrx_word' id='word_1_263' title='bbox 501 1547 540 1578; x_wconf 64' lang='lat' dir='ltr'><strong>te,</strong></span> <span class='ocrx_word' id='word_1_264' title='bbox 548 1541 760 1578; x_wconf 87' lang='lat' dir='ltr'><strong>sectabuntur,</strong></span> <span class='ocrx_word' id='word_1_265' title='bbox 784 1542 824 1571; x_wconf 86' lang='lat' dir='ltr'><strong>ad</strong></span> <span class='ocrx_word' id='word_1_266' title='bbox 840 1540 920 1571; x_wconf 87' lang='lat' dir='ltr'><strong>fores</strong></span> <span class='ocrx_word' id='word_1_267' title='bbox 935 1540 1150 1582; x_wconf 79' lang='lat' dir='ltr'><strong>opperientur,</strong></span> <span class='ocrx_word' id='word_1_268' title='bbox 1173 1538 1378 1581; x_wconf 86' lang='lat' dir='ltr'><strong>applaudent,</strong></span> <span class='ocrx_word' id='word_1_269' title='bbox 1394 1537 1507 1580; x_wconf 79' lang='lat' dir='ltr'><strong>gratias</strong></span> <span class='ocrx_word' id='word_1_270' title='bbox 1519 1538 1665 1580; x_wconf 73' lang='lat' dir='ltr'><strong>ingentes</strong></span> 
     </span>
     <span class='ocr_line' id='line_1_26' title="bbox 211 1592 1667 1636; baseline -0.001 -10"><span class='ocrx_word' id='word_1_271' title='bbox 211 1601 319 1636; x_wconf 84' lang='lat' dir='ltr'><strong>agent,</strong></span> <span class='ocrx_word' id='word_1_272' title='bbox 334 1600 407 1626; x_wconf 89' lang='lat' dir='ltr'><strong>vota</strong></span> <span class='ocrx_word' id='word_1_273' title='bbox 423 1605 477 1636; x_wconf 91' lang='lat' dir='ltr'><strong>pro</strong></span> <span class='ocrx_word' id='word_1_274' title='bbox 492 1600 522 1626; x_wconf 93' lang='lat' dir='ltr'><strong>te</strong></span> <span class='ocrx_word' id='word_1_275' title='bbox 535 1595 680 1627; x_wconf 84' lang='lat' dir='ltr'><strong>fundent.</strong></span> <span class='ocrx_word' id='word_1_276' title='bbox 711 1594 857 1626; x_wconf 87' lang='lat' dir='ltr'><strong>Ceterum</strong></span> <span class='ocrx_word' id='word_1_277' title='bbox 882 1595 975 1626; x_wconf 88' lang='lat' dir='ltr'><strong>decet</strong></span> <span class='ocrx_word' id='word_1_278' title='bbox 988 1593 1129 1635; x_wconf 77' lang='lat' dir='ltr'><strong>forsitan,</strong></span> <span class='ocrx_word' id='word_1_279' title='bbox 1143 1604 1208 1624; x_wconf 90' lang='lat' dir='ltr'><strong>non</strong></span> <span class='ocrx_word' id='word_1_280' title='bbox 1221 1592 1331 1634; x_wconf 85' lang='lat' dir='ltr'><strong>egenis</strong></span> <span class='ocrx_word' id='word_1_281' title='bbox 1343 1592 1476 1624; x_wconf 84' lang='lat' dir='ltr'><strong>maxime</strong></span> <span class='ocrx_word' id='word_1_282' title='bbox 1489 1592 1667 1634; x_wconf 81' lang='lat' dir='ltr'><strong>indulgere,</strong></span> 
     </span>
     <span class='ocr_line' id='line_1_27' title="bbox 212 1636 1667 1690; baseline -0.002 -11"><span class='ocrx_word' id='word_1_283' title='bbox 212 1649 268 1680; x_wconf 87' lang='lat' dir='ltr'><strong>sed</strong></span> <span class='ocrx_word' id='word_1_284' title='bbox 285 1648 331 1678; x_wconf 83' lang='lat' dir='ltr'><strong>his</strong></span> <span class='ocrx_word' id='word_1_285' title='bbox 354 1648 472 1689; x_wconf 79' lang='lat' dir='ltr'><strong>potius,</strong></span> <span class='ocrx_word' id='word_1_286' title='bbox 496 1649 550 1690; x_wconf 90' lang='lat' dir='ltr'><strong>qui</strong></span> <span class='ocrx_word' id='word_1_287' title='bbox 565 1648 675 1680; x_wconf 83' lang='lat' dir='ltr'><strong>referre</strong></span> <span class='ocrx_word' id='word_1_288' title='bbox 691 1648 818 1690; x_wconf 86' lang='lat' dir='ltr'><strong>gratiam</strong></span> <span class='ocrx_word' id='word_1_289' title='bbox 834 1653 966 1689; x_wconf 89' lang='lat' dir='ltr'><strong>possunt</strong></span> <span class='ocrx_word' id='word_1_290' title='bbox 980 1659 988 1679; x_wconf 90' lang='lat'>:</span> <span class='ocrx_word' id='word_1_291' title='bbox 1011 1658 1115 1690; x_wconf 86' lang='lat' dir='ltr'><strong>neque</strong></span> <span class='ocrx_word' id='word_1_292' title='bbox 1128 1647 1303 1679; x_wconf 82' lang='lat' dir='ltr'><strong>amantibus</strong></span> <span class='ocrx_word' id='word_1_293' title='bbox 1315 1646 1430 1684; x_wconf 84' lang='lat' dir='ltr'><strong>solum,</strong></span> <span class='ocrx_word' id='word_1_294' title='bbox 1444 1646 1500 1678; x_wconf 83' lang='lat' dir='ltr'><strong>sed</strong></span> <span class='ocrx_word' id='word_1_295' title='bbox 1512 1636 1667 1678; x_wconf 71' lang='lat' dir='ltr'><strong>beneficio</strong></span> 
     </span>
     <span class='ocr_line' id='line_1_28' title="bbox 213 1698 1670 1744; baseline -0.002 -11"><span class='ocrx_word' id='word_1_296' title='bbox 213 1701 317 1743; x_wconf 84' lang='lat' dir='ltr'><strong>dignis</strong></span> <span class='ocrx_word' id='word_1_297' title='bbox 329 1713 337 1732; x_wconf 74' lang='lat' dir='ltr'>z</span> <span class='ocrx_word' id='word_1_298' title='bbox 349 1702 444 1743; x_wconf 85' lang='grc'><strong>[234]</strong></span> <span class='ocrx_word' id='word_1_299' title='bbox 454 1713 556 1744; x_wconf 87' lang='lat' dir='ltr'><strong>neque</strong></span> <span class='ocrx_word' id='word_1_300' title='bbox 577 1702 636 1740; x_wconf 80' lang='lat' dir='ltr'><strong>liis,</strong></span> <span class='ocrx_word' id='word_1_301' title='bbox 651 1702 705 1743; x_wconf 91' lang='lat' dir='ltr'><strong>qui</strong></span> <span class='ocrx_word' id='word_1_302' title='bbox 719 1703 817 1733; x_wconf 83' lang='lat' dir='ltr'><strong>forma</strong></span> <span class='ocrx_word' id='word_1_303' title='bbox 833 1707 885 1732; x_wconf 89' lang='lat' dir='ltr'><strong>tua</strong></span> <span class='ocrx_word' id='word_1_304' title='bbox 899 1701 1107 1743; x_wconf 81' lang='lat' dir='ltr'><strong>delectantur,</strong></span> <span class='ocrx_word' id='word_1_305' title='bbox 1121 1702 1176 1733; x_wconf 85' lang='lat' dir='ltr'><strong>sed</strong></span> <span class='ocrx_word' id='word_1_306' title='bbox 1190 1700 1244 1743; x_wconf 91' lang='lat' dir='ltr'><strong>qui</strong></span> <span class='ocrx_word' id='word_1_307' title='bbox 1259 1699 1316 1732; x_wconf 90' lang='lat' dir='ltr'><strong>tibi</strong></span> <span class='ocrx_word' id='word_1_308' title='bbox 1329 1700 1424 1731; x_wconf 79' lang='lat' dir='ltr'><strong>etiam</strong></span> <span class='ocrx_word' id='word_1_309' title='bbox 1437 1699 1505 1731; x_wconf 79' lang='lat' dir='ltr'><strong>seni</strong></span> <span class='ocrx_word' id='word_1_310' title='bbox 1517 1698 1670 1742; x_wconf 76' lang='lat' dir='ltr'><strong>profuturi</strong></span> 
     </span>
     <span class='ocr_line' id='line_1_29' title="bbox 215 1751 1670 1802; baseline -0.003 -13"><span class='ocrx_word' id='word_1_311' title='bbox 215 1756 294 1789; x_wconf 72' lang='lat' dir='ltr'><strong>sint:</strong></span> <span class='ocrx_word' id='word_1_312' title='bbox 319 1766 378 1800; x_wconf 81' lang='lat' dir='ltr'><strong>nec</strong></span> <span class='ocrx_word' id='word_1_313' title='bbox 388 1755 461 1794; x_wconf 86' lang='lat' dir='ltr'><strong>illis,</strong></span> <span class='ocrx_word' id='word_1_314' title='bbox 476 1756 530 1798; x_wconf 89' lang='lat' dir='ltr'><strong>qui</strong></span> <span class='ocrx_word' id='word_1_315' title='bbox 554 1756 620 1788; x_wconf 81' lang='lat' dir='ltr'><strong>voti</strong></span> <span class='ocrx_word' id='word_1_316' title='bbox 635 1756 683 1788; x_wconf 78' lang='lat' dir='ltr'><strong>sui</strong></span> <span class='ocrx_word' id='word_1_317' title='bbox 693 1761 854 1797; x_wconf 79' lang='lat' dir='ltr'><strong>compotes</strong></span> <span class='ocrx_word' id='word_1_318' title='bbox 869 1755 956 1793; x_wconf 80' lang='lat' dir='ltr'><strong>facti,</strong></span> <span class='ocrx_word' id='word_1_319' title='bbox 971 1755 1074 1802; x_wconf 79' lang='lat' dir='ltr'><strong>palam</strong></span> <span class='ocrx_word' id='word_1_320' title='bbox 1089 1766 1157 1787; x_wconf 86' lang='lat' dir='ltr'><strong>sese</strong></span> <span class='ocrx_word' id='word_1_321' title='bbox 1166 1754 1346 1797; x_wconf 81' lang='lat' dir='ltr'><strong>jactabunt,</strong></span> <span class='ocrx_word' id='word_1_322' title='bbox 1360 1754 1416 1786; x_wconf 81' lang='lat' dir='ltr'><strong>sed</strong></span> <span class='ocrx_word' id='word_1_323' title='bbox 1431 1754 1487 1796; x_wconf 84' lang='lat' dir='ltr'><strong>qui</strong></span> <span class='ocrx_word' id='word_1_324' title='bbox 1500 1751 1670 1786; x_wconf 80' lang='lat' dir='ltr'><strong>verecundi</strong></span> 
     </span>
     <span class='ocr_line' id='line_1_30' title="bbox 215 1807 1669 1852; baseline -0.001 -11"><span class='ocrx_word' id='word_1_325' title='bbox 215 1811 384 1841; x_wconf 70' lang='lat' dir='ltr'><strong>tacebuntz</strong></span> <span class='ocrx_word' id='word_1_326' title='bbox 408 1821 510 1852; x_wconf 89' lang='lat' dir='ltr'><strong>neque</strong></span> <span class='ocrx_word' id='word_1_327' title='bbox 532 1810 603 1847; x_wconf 88' lang='lat' dir='ltr'><strong>illis,</strong></span> <span class='ocrx_word' id='word_1_328' title='bbox 627 1810 682 1852; x_wconf 86' lang='lat' dir='ltr'><strong>qui</strong></span> <span class='ocrx_word' id='word_1_329' title='bbox 704 1811 797 1842; x_wconf 84' lang='lat' dir='ltr'><strong>breve</strong></span> <span class='ocrx_word' id='word_1_330' title='bbox 822 1811 863 1841; x_wconf 83' lang='lat' dir='ltr'><strong>ad</strong></span> <span class='ocrx_word' id='word_1_331' title='bbox 888 1815 1011 1852; x_wconf 86' lang='lat' dir='ltr'><strong>tempus</strong></span> <span class='ocrx_word' id='word_1_332' title='bbox 1037 1815 1070 1842; x_wconf 87' lang='lat' dir='ltr'><strong>te</strong></span> <span class='ocrx_word' id='word_1_333' title='bbox 1092 1810 1210 1847; x_wconf 89' lang='lat' dir='ltr'><strong>colent,</strong></span> <span class='ocrx_word' id='word_1_334' title='bbox 1224 1810 1280 1841; x_wconf 84' lang='lat' dir='ltr'><strong>sed</strong></span> <span class='ocrx_word' id='word_1_335' title='bbox 1295 1808 1351 1851; x_wconf 88' lang='lat' dir='ltr'><strong>qui</strong></span> <span class='ocrx_word' id='word_1_336' title='bbox 1365 1819 1420 1850; x_wconf 91' lang='lat' dir='ltr'><strong>per</strong></span> <span class='ocrx_word' id='word_1_337' title='bbox 1433 1819 1559 1842; x_wconf 84' lang='lat' dir='ltr'><strong>omnem</strong></span> <span class='ocrx_word' id='word_1_338' title='bbox 1571 1807 1669 1840; x_wconf 77' lang='lat' dir='ltr'><strong>vitam</strong></span> 
     </span>
     <span class='ocr_line' id='line_1_31' title="bbox 215 1861 1670 1906; baseline 0 -12"><span class='ocrx_word' id='word_1_339' title='bbox 215 1863 354 1894; x_wconf 78' lang='lat' dir='ltr'><strong>similiter</strong></span> <span class='ocrx_word' id='word_1_340' title='bbox 367 1864 500 1906; x_wconf 83' lang='lat' dir='ltr'><strong>diligent</strong></span> <span class='ocrx_word' id='word_1_341' title='bbox 513 1875 520 1895; x_wconf 74' lang='grc' dir='ltr'><strong>ε</strong></span> <span class='ocrx_word' id='word_1_342' title='bbox 544 1874 647 1906; x_wconf 84' lang='lat' dir='ltr'><strong>neque</strong></span> <span class='ocrx_word' id='word_1_343' title='bbox 668 1864 740 1902; x_wconf 80' lang='lat' dir='ltr'><strong>illis,</strong></span> <span class='ocrx_word' id='word_1_344' title='bbox 755 1864 810 1906; x_wconf 92' lang='lat' dir='ltr'><strong>qui</strong></span> <span class='ocrx_word' id='word_1_345' title='bbox 824 1864 978 1896; x_wconf 82' lang='lat' dir='ltr'><strong>exstincto</strong></span> <span class='ocrx_word' id='word_1_346' title='bbox 993 1863 1180 1905; x_wconf 83' lang='lat' dir='ltr'><strong>cupiditatis</strong></span> <span class='ocrx_word' id='word_1_347' title='bbox 1193 1863 1313 1899; x_wconf 87' lang='lat' dir='ltr'><strong>ardore,</strong></span> <span class='ocrx_word' id='word_1_348' title='bbox 1335 1861 1566 1894; x_wconf 72' lang='lat' dir='ltr'><strong>inimicitiarum</strong></span> <span class='ocrx_word' id='word_1_349' title='bbox 1578 1871 1670 1894; x_wconf 73' lang='lat' dir='ltr'><strong>occa-</strong></span> 
     </span>
     <span class='ocr_line' id='line_1_32' title="bbox 217 1915 1672 1961; baseline -0.001 -13"><span class='ocrx_word' id='word_1_350' title='bbox 217 1917 321 1948; x_wconf 83' lang='lat' dir='ltr'><strong>siones</strong></span> <span class='ocrx_word' id='word_1_351' title='bbox 334 1918 505 1961; x_wconf 80' lang='lat' dir='ltr'><strong>inquirent,</strong></span> <span class='ocrx_word' id='word_1_352' title='bbox 531 1918 585 1949; x_wconf 81' lang='lat' dir='ltr'><strong>sed</strong></span> <span class='ocrx_word' id='word_1_353' title='bbox 610 1917 666 1959; x_wconf 89' lang='lat' dir='ltr'><strong>qui</strong></span> <span class='ocrx_word' id='word_1_354' title='bbox 685 1919 784 1950; x_wconf 82' lang='lat' dir='ltr'><strong>forma</strong></span> <span class='ocrx_word' id='word_1_355' title='bbox 807 1918 1044 1958; x_wconf 76' lang='lat' dir='ltr'><strong>deflmescente,</strong></span> <span class='ocrx_word' id='word_1_356' title='bbox 1067 1917 1214 1948; x_wconf 86' lang='lat' dir='ltr'><strong>virtutem</strong></span> <span class='ocrx_word' id='word_1_357' title='bbox 1234 1927 1322 1948; x_wconf 79' lang='lat' dir='ltr'><strong>suam</strong></span> <span class='ocrx_word' id='word_1_358' title='bbox 1335 1915 1607 1957; x_wconf 75' lang='lat' dir='ltr'><strong>constantiamque</strong></span> <span class='ocrx_word' id='word_1_359' title='bbox 1620 1924 1672 1946; x_wconf 77' lang='lat' dir='ltr'><strong>os·</strong></span> 
     </span>
     <span class='ocr_line' id='line_1_33' title="bbox 217 1967 1673 2014; baseline -0.002 -12"><span class='ocrx_word' id='word_1_360' title='bbox 217 1971 359 2014; x_wconf 81' lang='lat' dir='ltr'><strong>tendent.</strong></span> <span class='ocrx_word' id='word_1_361' title='bbox 403 1971 451 2002; x_wconf 90' lang='lat' dir='ltr'><strong>Tu</strong></span> <span class='ocrx_word' id='word_1_362' title='bbox 476 1971 580 2013; x_wconf 88' lang='lat' dir='ltr'><strong>igitur,</strong></span> <span class='ocrx_word' id='word_1_363' title='bbox 592 1981 662 2013; x_wconf 81' lang='lat' dir='ltr'><strong>quae</strong></span> <span class='ocrx_word' id='word_1_364' title='bbox 677 1972 752 2008; x_wconf 85' lang='lat' dir='ltr'><strong>dixi,</strong></span> <span class='ocrx_word' id='word_1_365' title='bbox 768 1977 936 2012; x_wconf 85' lang='lat' dir='ltr'><strong>memento,</strong></span> <span class='ocrx_word' id='word_1_366' title='bbox 962 1977 1057 2014; x_wconf 88' lang='lat' dir='ltr'><strong>atque</strong></span> <span class='ocrx_word' id='word_1_367' title='bbox 1070 1971 1102 2003; x_wconf 87' lang='lat' dir='ltr'><strong>id</strong></span> <span class='ocrx_word' id='word_1_368' title='bbox 1120 1971 1238 2013; x_wconf 83' lang='lat' dir='ltr'><strong>cogita.</strong></span> <span class='ocrx_word' id='word_1_369' title='bbox 1250 1970 1337 2013; x_wconf 89' lang='lat' dir='ltr'><strong>quod</strong></span> <span class='ocrx_word' id='word_1_370' title='bbox 1359 1974 1498 2001; x_wconf 80' lang='lat' dir='ltr'><strong>amantes</strong></span> <span class='ocrx_word' id='word_1_371' title='bbox 1509 1969 1549 2000; x_wconf 85' lang='lat' dir='ltr'><strong>ab</strong></span> <span class='ocrx_word' id='word_1_372' title='bbox 1562 1967 1673 2000; x_wconf 79' lang='lat' dir='ltr'><strong>amicis</strong></span> 
     </span>
     <span class='ocr_line' id='line_1_34' title="bbox 217 2021 1670 2068; baseline -0.001 -13"><span class='ocrx_word' id='word_1_373' title='bbox 217 2023 431 2066; x_wconf 85' lang='lat' dir='ltr'><strong>increpantur,</strong></span> <span class='ocrx_word' id='word_1_374' title='bbox 445 2025 532 2066; x_wconf 85' lang='lat' dir='ltr'><strong>quasi</strong></span> <span class='ocrx_word' id='word_1_375' title='bbox 546 2030 635 2066; x_wconf 84' lang='lat' dir='ltr'><strong>turpe</strong></span> <span class='ocrx_word' id='word_1_376' title='bbox 650 2025 800 2067; x_wconf 86' lang='lat' dir='ltr'><strong>quiddam</strong></span> <span class='ocrx_word' id='word_1_377' title='bbox 816 2026 858 2057; x_wconf 84' lang='lat' dir='ltr'><strong>sit</strong></span> <span class='ocrx_word' id='word_1_378' title='bbox 881 2035 977 2058; x_wconf 84' lang='lat' dir='ltr'><strong>amor.</strong></span> <span class='ocrx_word' id='word_1_379' title='bbox 1004 2030 1038 2057; x_wconf 88' lang='lat' dir='ltr'><strong>at</strong></span> <span class='ocrx_word' id='word_1_380' title='bbox 1051 2036 1118 2063; x_wconf 87' lang='lat' dir='ltr'><strong>eos,</strong></span> <span class='ocrx_word' id='word_1_381' title='bbox 1143 2024 1199 2068; x_wconf 92' lang='lat' dir='ltr'><strong>qui</strong></span> <span class='ocrx_word' id='word_1_382' title='bbox 1213 2035 1277 2055; x_wconf 92' lang='lat' dir='ltr'><strong>non</strong></span> <span class='ocrx_word' id='word_1_383' title='bbox 1291 2028 1409 2064; x_wconf 81' lang='lat' dir='ltr'><strong>amant,</strong></span> <span class='ocrx_word' id='word_1_384' title='bbox 1419 2022 1525 2054; x_wconf 81' lang='lat' dir='ltr'><strong>nullus</strong></span> <span class='ocrx_word' id='word_1_385' title='bbox 1537 2021 1670 2054; x_wconf 75' lang='lat' dir='ltr'><strong>familia-</strong></span> 
     </span>
     <span class='ocr_line' id='line_1_35' title="bbox 218 2075 1671 2121; baseline 0 -13"><span class='ocrx_word' id='word_1_386' title='bbox 218 2077 298 2108; x_wconf 82' lang='lat' dir='ltr'><strong>rium</strong></span> <span class='ocrx_word' id='word_1_387' title='bbox 313 2078 354 2108; x_wconf 89' lang='lat' dir='ltr'><strong>ob</strong></span> <span class='ocrx_word' id='word_1_388' title='bbox 367 2077 401 2109; x_wconf 91' lang='lat' dir='ltr'><strong>id</strong></span> <span class='ocrx_word' id='word_1_389' title='bbox 416 2077 582 2119; x_wconf 85' lang='lat' dir='ltr'><strong>vituperat,</strong></span> <span class='ocrx_word' id='word_1_390' title='bbox 597 2079 681 2120; x_wconf 91' lang='lat' dir='ltr'><strong>quod</strong></span> <span class='ocrx_word' id='word_1_391' title='bbox 697 2079 756 2110; x_wconf 92' lang='lat' dir='ltr'><strong>boc</strong></span> <span class='ocrx_word' id='word_1_392' title='bbox 773 2084 868 2121; x_wconf 85' lang='lat' dir='ltr'><strong>pacto</strong></span> <span class='ocrx_word' id='word_1_393' title='bbox 889 2079 971 2111; x_wconf 82' lang='lat' dir='ltr'><strong>male</strong></span> <span class='ocrx_word' id='word_1_394' title='bbox 986 2079 1046 2111; x_wconf 84' lang='lat' dir='ltr'><strong>sibi</strong></span> <span class='ocrx_word' id='word_1_395' title='bbox 1064 2079 1125 2120; x_wconf 87' lang='lat' dir='ltr'><strong>ipsi</strong></span> <span class='ocrx_word' id='word_1_396' title='bbox 1139 2078 1317 2111; x_wconf 80' lang='lat' dir='ltr'><strong>consulant.</strong></span> <span class='ocrx_word' id='word_1_397' title='bbox 1361 2075 1502 2108; x_wconf 83' lang='lat' dir='ltr'><strong>Forsitan</strong></span> <span class='ocrx_word' id='word_1_398' title='bbox 1515 2086 1567 2108; x_wconf 85' lang='lat' dir='ltr'><strong>me</strong></span> <span class='ocrx_word' id='word_1_399' title='bbox 1581 2085 1671 2118; x_wconf 78' lang='lat' dir='ltr'><strong>roga·</strong></span> 
     </span>
     <span class='ocr_line' id='line_1_36' title="bbox 218 2130 1672 2176; baseline 0 -15"><span class='ocrx_word' id='word_1_400' title='bbox 218 2130 279 2168; x_wconf 79' lang='lat' dir='ltr'><strong>bis,</strong></span> <span class='ocrx_word' id='word_1_401' title='bbox 306 2130 458 2173; x_wconf 90' lang='lat' dir='ltr'><strong>numquid</strong></span> <span class='ocrx_word' id='word_1_402' title='bbox 474 2132 618 2163; x_wconf 86' lang='lat' dir='ltr'><strong>omnibus</strong></span> <span class='ocrx_word' id='word_1_403' title='bbox 631 2143 693 2164; x_wconf 88' lang='lat' dir='ltr'><strong>non</strong></span> <span class='ocrx_word' id='word_1_404' title='bbox 709 2134 885 2165; x_wconf 84' lang='lat' dir='ltr'><strong>amantibus</strong></span> <span class='ocrx_word' id='word_1_405' title='bbox 895 2134 1110 2176; x_wconf 79' lang='lat' dir='ltr'><strong>obtemperare</strong></span> <span class='ocrx_word' id='word_1_406' title='bbox 1133 2137 1165 2164; x_wconf 87' lang='lat' dir='ltr'><strong>te</strong></span> <span class='ocrx_word' id='word_1_407' title='bbox 1187 2142 1342 2164; x_wconf 83' lang='lat' dir='ltr'><strong>moneam.</strong></span> <span class='ocrx_word' id='word_1_408' title='bbox 1379 2141 1439 2173; x_wconf 88' lang='lat' dir='ltr'><strong>ego</strong></span> <span class='ocrx_word' id='word_1_409' title='bbox 1453 2135 1559 2163; x_wconf 75' lang='lat' dir='ltr'><strong>autem</strong></span> <span class='ocrx_word' id='word_1_410' title='bbox 1581 2134 1672 2172; x_wconf 80' lang='lat' dir='ltr'><strong>puto,</strong></span> 
     </span>
     <span class='ocr_line' id='line_1_37' title="bbox 219 2183 1669 2228; baseline 0.001 -14"><span class='ocrx_word' id='word_1_411' title='bbox 219 2193 321 2225; x_wconf 87' lang='lat' dir='ltr'><strong>neque</strong></span> <span class='ocrx_word' id='word_1_412' title='bbox 330 2184 431 2226; x_wconf 87' lang='lat' dir='ltr'><strong>ipsum</strong></span> <span class='ocrx_word' id='word_1_413' title='bbox 445 2185 572 2226; x_wconf 84' lang='lat' dir='ltr'><strong>quidem</strong></span> <span class='ocrx_word' id='word_1_414' title='bbox 586 2190 753 2225; x_wconf 81' lang='lat' dir='ltr'><strong>amatorem</strong></span> <span class='ocrx_word' id='word_1_415' title='bbox 763 2186 922 2227; x_wconf 86' lang='lat' dir='ltr'><strong>jussurum</strong></span> <span class='ocrx_word' id='word_1_416' title='bbox 937 2197 1018 2223; x_wconf 83' lang='lat' dir='ltr'><strong>esse,</strong></span> <span class='ocrx_word' id='word_1_417' title='bbox 1033 2191 1065 2218; x_wconf 89' lang='lat' dir='ltr'><strong>te</strong></span> <span class='ocrx_word' id='word_1_418' title='bbox 1080 2196 1154 2228; x_wconf 80' lang='lat' dir='ltr'><strong>erga</strong></span> <span class='ocrx_word' id='word_1_419' title='bbox 1168 2196 1276 2223; x_wconf 82' lang='lat' dir='ltr'><strong>omnes</strong></span> <span class='ocrx_word' id='word_1_420' title='bbox 1288 2190 1429 2217; x_wconf 77' lang='lat' dir='ltr'><strong>amantes</strong></span> <span class='ocrx_word' id='word_1_421' title='bbox 1442 2185 1524 2216; x_wconf 79' lang='lat' dir='ltr'><strong>hanc</strong></span> <span class='ocrx_word' id='word_1_422' title='bbox 1535 2183 1669 2215; x_wconf 83' lang='lat' dir='ltr'><strong>eandem</strong></span> 
     </span>
     <span class='ocr_line' id='line_1_38' title="bbox 220 2237 1672 2282; baseline -0.001 -12"><span class='ocrx_word' id='word_1_423' title='bbox 220 2242 356 2270; x_wconf 87' lang='lat' dir='ltr'><strong>mentem</strong></span> <span class='ocrx_word' id='word_1_424' title='bbox 370 2238 494 2270; x_wconf 81' lang='lat' dir='ltr'><strong>habere.</strong></span> <span class='ocrx_word' id='word_1_425' title='bbox 509 2249 611 2280; x_wconf 87' lang='lat' dir='ltr'><strong>neque</strong></span> <span class='ocrx_word' id='word_1_426' title='bbox 626 2240 708 2271; x_wconf 85' lang='lat' dir='ltr'><strong>enim</strong></span> <span class='ocrx_word' id='word_1_427' title='bbox 725 2241 906 2282; x_wconf 85' lang='lat' dir='ltr'><strong>accipienti,</strong></span> <span class='ocrx_word' id='word_1_428' title='bbox 921 2241 953 2272; x_wconf 90' lang='lat' dir='ltr'><strong>id</strong></span> <span class='ocrx_word' id='word_1_429' title='bbox 980 2241 1046 2282; x_wconf 88' lang='lat' dir='ltr'><strong>pari</strong></span> <span class='ocrx_word' id='word_1_430' title='bbox 1066 2241 1164 2282; x_wconf 83' lang='lat' dir='ltr'><strong>gratia</strong></span> <span class='ocrx_word' id='word_1_431' title='bbox 1178 2240 1308 2282; x_wconf 78' lang='lat' dir='ltr'><strong>dignum</strong></span> <span class='ocrx_word' id='word_1_432' title='bbox 1322 2251 1332 2279; x_wconf 68' lang='grc' dir='ltr'><strong>ς</strong></span> <span class='ocrx_word' id='word_1_433' title='bbox 1353 2248 1457 2281; x_wconf 89' lang='lat' dir='ltr'><strong>neque</strong></span> <span class='ocrx_word' id='word_1_434' title='bbox 1469 2237 1540 2278; x_wconf 87' lang='lat' dir='ltr'><strong>tibi,</strong></span> <span class='ocrx_word' id='word_1_435' title='bbox 1551 2241 1672 2269; x_wconf 73' lang='lat' dir='ltr'><strong>cetero·</strong></span> 
     </span>
     <span class='ocr_line' id='line_1_39' title="bbox 220 2289 1673 2336; baseline 0 -15"><span class='ocrx_word' id='word_1_436' title='bbox 220 2289 317 2322; x_wconf 81' lang='lat' dir='ltr'><strong>latere</strong></span> <span class='ocrx_word' id='word_1_437' title='bbox 332 2291 463 2330; x_wconf 84' lang='lat' dir='ltr'><strong>volenti,</strong></span> <span class='ocrx_word' id='word_1_438' title='bbox 477 2292 617 2324; x_wconf 85' lang='lat' dir='ltr'><strong>similiter</strong></span> <span class='ocrx_word' id='word_1_439' title='bbox 631 2293 734 2325; x_wconf 78' lang='lat' dir='ltr'><strong>facile.</strong></span> <span class='ocrx_word' id='word_1_440' title='bbox 747 2289 871 2336; x_wconf 78' lang='lat' dir='ltr'><strong>oportet</strong></span> <span class='ocrx_word' id='word_1_441' title='bbox 885 2300 1002 2336; x_wconf 87' lang='lat' dir='ltr'><strong>autern,</strong></span> <span class='ocrx_word' id='word_1_442' title='bbox 1009 2293 1165 2335; x_wconf 86' lang='lat' dir='ltr'><strong>jacturam</strong></span> <span class='ocrx_word' id='word_1_443' title='bbox 1177 2294 1303 2336; x_wconf 84' lang='lat' dir='ltr'><strong>quidem</strong></span> <span class='ocrx_word' id='word_1_444' title='bbox 1319 2303 1357 2324; x_wconf 83' lang='lat' dir='ltr'><strong>ex</strong></span> <span class='ocrx_word' id='word_1_445' title='bbox 1369 2293 1430 2324; x_wconf 83' lang='lat' dir='ltr'><strong>hoc</strong></span> <span class='ocrx_word' id='word_1_446' title='bbox 1443 2290 1574 2328; x_wconf 70' lang='lat' dir='ltr'><strong>nullam,</strong></span> <span class='ocrx_word' id='word_1_447' title='bbox 1587 2289 1673 2322; x_wconf 62' lang='lat' dir='ltr'><strong>utili÷</strong></span> 
     </span>
     <span class='ocr_line' id='line_1_40' title="bbox 220 2343 1674 2390; baseline 0 -15"><span class='ocrx_word' id='word_1_448' title='bbox 220 2349 322 2377; x_wconf 64' lang='lat' dir='ltr'><strong>tatem,</strong></span> <span class='ocrx_word' id='word_1_449' title='bbox 338 2355 411 2376; x_wconf 88' lang='lat' dir='ltr'><strong>vero</strong></span> <span class='ocrx_word' id='word_1_450' title='bbox 426 2346 465 2377; x_wconf 85' lang='lat' dir='ltr'><strong>ad</strong></span> <span class='ocrx_word' id='word_1_451' title='bbox 482 2350 626 2387; x_wconf 83' lang='lat' dir='ltr'><strong>utrosque</strong></span> <span class='ocrx_word' id='word_1_452' title='bbox 641 2347 775 2388; x_wconf 87' lang='lat' dir='ltr'><strong>aliquam</strong></span> <span class='ocrx_word' id='word_1_453' title='bbox 802 2349 977 2389; x_wconf 73' lang='lat' dir='ltr'><strong>provenire.</strong></span> <span class='ocrx_word' id='word_1_454' title='bbox 1023 2348 1093 2390; x_wconf 88' lang='lat' dir='ltr'><strong>Ego</strong></span> <span class='ocrx_word' id='word_1_455' title='bbox 1108 2347 1176 2389; x_wconf 86' lang='lat' dir='ltr'><strong>jam</strong></span> <span class='ocrx_word' id='word_1_456' title='bbox 1198 2347 1285 2379; x_wconf 75' lang='lat' dir='ltr'><strong>dicta</strong></span> <span class='ocrx_word' id='word_1_457' title='bbox 1307 2346 1448 2378; x_wconf 81' lang='lat' dir='ltr'><strong>sufficere</strong></span> <span class='ocrx_word' id='word_1_458' title='bbox 1471 2344 1623 2377; x_wconf 71' lang='lat' dir='ltr'><strong>arbitror:</strong></span> <span class='ocrx_word' id='word_1_459' title='bbox 1646 2343 1674 2384; x_wconf 76' lang='lat' dir='ltr'><strong>si</strong></span> 
     </span>
     <span class='ocr_line' id='line_1_41' title="bbox 221 2397 1675 2443; baseline 0.001 -14"><span class='ocrx_word' id='word_1_460' title='bbox 221 2397 297 2439; x_wconf 84' lang='lat' dir='ltr'><strong>quid</strong></span> <span class='ocrx_word' id='word_1_461' title='bbox 307 2403 410 2430; x_wconf 85' lang='lat' dir='ltr'><strong>autem</strong></span> <span class='ocrx_word' id='word_1_462' title='bbox 426 2398 480 2430; x_wconf 88' lang='lat' dir='ltr'><strong>tibi</strong></span> <span class='ocrx_word' id='word_1_463' title='bbox 497 2400 675 2431; x_wconf 85' lang='lat' dir='ltr'><strong>addendum</strong></span> <span class='ocrx_word' id='word_1_464' title='bbox 691 2401 823 2438; x_wconf 83' lang='lat' dir='ltr'><strong>videtur,</strong></span> <span class='ocrx_word' id='word_1_465' title='bbox 837 2402 1005 2443; x_wconf 87' lang='lat' dir='ltr'><strong>interroga.</strong></span> <span class='ocrx_word' id='word_1_466' title='bbox 1029 2402 1117 2440; x_wconf 85' lang='lat' dir='ltr'><strong>Quid</strong></span> <span class='ocrx_word' id='word_1_467' title='bbox 1130 2402 1186 2433; x_wconf 86' lang='lat' dir='ltr'><strong>tibi</strong></span> <span class='ocrx_word' id='word_1_468' title='bbox 1197 2401 1333 2437; x_wconf 84' lang='lat' dir='ltr'><strong>videtur,</strong></span> <span class='ocrx_word' id='word_1_469' title='bbox 1346 2410 1366 2431; x_wconf 94' lang='lat' dir='ltr'><strong>o</strong></span> <span class='ocrx_word' id='word_1_470' title='bbox 1380 2398 1546 2431; x_wconf 76' lang='lat' dir='ltr'><strong>Socrates?</strong></span> <span class='ocrx_word' id='word_1_471' title='bbox 1566 2407 1675 2430; x_wconf 73' lang='lat' dir='ltr'><strong>nonne</strong></span> 
     </span>
     <span class='ocr_line' id='line_1_42' title="bbox 222 2450 1672 2495; baseline 0.002 -14"><span class='ocrx_word' id='word_1_472' title='bbox 222 2450 350 2484; x_wconf 84' lang='lat' dir='ltr'><strong>mirifice</strong></span> <span class='ocrx_word' id='word_1_473' title='bbox 382 2452 554 2483; x_wconf 79' lang='lat' dir='ltr'><strong>orationem</strong></span> <span class='ocrx_word' id='word_1_474' title='bbox 575 2453 655 2484; x_wconf 85' lang='lat' dir='ltr'><strong>hanc</strong></span> <span class='ocrx_word' id='word_1_475' title='bbox 681 2457 713 2484; x_wconf 87' lang='lat' dir='ltr'><strong>et</strong></span> <span class='ocrx_word' id='word_1_476' title='bbox 737 2454 770 2484; x_wconf 89' lang='lat' dir='ltr'><strong>in</strong></span> <span class='ocrx_word' id='word_1_477' title='bbox 794 2455 861 2486; x_wconf 79' lang='lat' dir='ltr'><strong>aliis</strong></span> <span class='ocrx_word' id='word_1_478' title='bbox 886 2456 990 2493; x_wconf 82' lang='lat' dir='ltr'><strong>rebus,</strong></span> <span class='ocrx_word' id='word_1_479' title='bbox 1012 2461 1044 2487; x_wconf 91' lang='lat' dir='ltr'><strong>et</strong></span> <span class='ocrx_word' id='word_1_480' title='bbox 1066 2455 1101 2486; x_wconf 89' lang='lat' dir='ltr'><strong>in</strong></span> <span class='ocrx_word' id='word_1_481' title='bbox 1126 2454 1226 2486; x_wconf 87' lang='lat' dir='ltr'><strong>verbis</strong></span> <span class='ocrx_word' id='word_1_482' title='bbox 1249 2452 1454 2495; x_wconf 76' lang='lat' dir='ltr'><strong>compositam</strong></span> <span class='ocrx_word' id='word_1_483' title='bbox 1478 2452 1569 2484; x_wconf 75' lang='lat' dir='ltr'><strong>esse?</strong></span> <span class='ocrx_word' id='word_1_484' title='bbox 1613 2450 1672 2484; x_wconf 80' lang='lat' dir='ltr'><strong>So·</strong></span> 
     </span>
     <span class='ocr_line' id='line_1_43' title="bbox 220 2504 1675 2551; baseline 0.001 -16"><span class='ocrx_word' id='word_1_485' title='bbox 220 2504 340 2535; x_wconf 90' lang='lat' dir='ltr'><strong>Mirum</strong></span> <span class='ocrx_word' id='word_1_486' title='bbox 354 2505 387 2536; x_wconf 90' lang='lat' dir='ltr'><strong>in</strong></span> <span class='ocrx_word' id='word_1_487' title='bbox 402 2506 541 2542; x_wconf 83' lang='lat' dir='ltr'><strong>modum.</strong></span> <span class='ocrx_word' id='word_1_488' title='bbox 565 2516 583 2536; x_wconf 95' lang='grc' dir='ltr'>ο</span> <span class='ocrx_word' id='word_1_489' title='bbox 608 2506 717 2543; x_wconf 82' lang='lat' dir='ltr'><strong>amice,</strong></span> <span class='ocrx_word' id='word_1_490' title='bbox 738 2507 783 2538; x_wconf 82' lang='lat' dir='ltr'><strong>ita</strong></span> <span class='ocrx_word' id='word_1_491' title='bbox 797 2513 832 2539; x_wconf 88' lang='lat' dir='ltr'><strong>ut</strong></span> <span class='ocrx_word' id='word_1_492' title='bbox 846 2509 1070 2550; x_wconf 83' lang='lat' dir='ltr'><strong>obstupuerim.</strong></span> <span class='ocrx_word' id='word_1_493' title='bbox 1099 2513 1195 2551; x_wconf 84' lang='lat' dir='ltr'><strong>atque</strong></span> <span class='ocrx_word' id='word_1_494' title='bbox 1210 2508 1265 2546; x_wconf 84' lang='lat' dir='ltr'><strong>ita,</strong></span> <span class='ocrx_word' id='word_1_495' title='bbox 1291 2517 1310 2538; x_wconf 94' lang='lat' dir='ltr'><strong>o</strong></span> <span class='ocrx_word' id='word_1_496' title='bbox 1334 2505 1480 2548; x_wconf 78' lang='lat' dir='ltr'><strong>Pbaedre‚</strong></span> <span class='ocrx_word' id='word_1_497' title='bbox 1501 2509 1628 2548; x_wconf 87' lang='lat' dir='ltr'><strong>propter</strong></span> <span class='ocrx_word' id='word_1_498' title='bbox 1642 2509 1675 2536; x_wconf 68' lang='lat' dir='ltr'><strong>te</strong></span> 
     </span>
     <span class='ocr_line' id='line_1_44' title="bbox 222 2557 1675 2603; baseline 0.001 -15"><span class='ocrx_word' id='word_1_499' title='bbox 222 2557 355 2594; x_wconf 75' lang='lat' dir='ltr'><strong>affectus</strong></span> <span class='ocrx_word' id='word_1_500' title='bbox 368 2569 446 2595; x_wconf 82' lang='lat' dir='ltr'><strong>sum.</strong></span> <span class='ocrx_word' id='word_1_501' title='bbox 463 2558 537 2589; x_wconf 89' lang='lat' dir='ltr'><strong>dum</strong></span> <span class='ocrx_word' id='word_1_502' title='bbox 551 2563 581 2590; x_wconf 83' lang='lat' dir='ltr'><strong>te</strong></span> <span class='ocrx_word' id='word_1_503' title='bbox 597 2559 794 2601; x_wconf 83' lang='lat' dir='ltr'><strong>respicerem,</strong></span> <span class='ocrx_word' id='word_1_504' title='bbox 813 2563 887 2602; x_wconf 84' lang='lat' dir='ltr'><strong>quia</strong></span> <span class='ocrx_word' id='word_1_505' title='bbox 909 2563 982 2593; x_wconf 89' lang='lat' dir='ltr'><strong>mihi</strong></span> <span class='ocrx_word' id='word_1_506' title='bbox 1006 2563 1151 2594; x_wconf 76' lang='lat' dir='ltr'><strong>videbare</strong></span> <span class='ocrx_word' id='word_1_507' title='bbox 1173 2561 1207 2593; x_wconf 90' lang='lat' dir='ltr'><strong>in</strong></span> <span class='ocrx_word' id='word_1_508' title='bbox 1227 2560 1362 2603; x_wconf 81' lang='lat' dir='ltr'><strong>legenda</strong></span> <span class='ocrx_word' id='word_1_509' title='bbox 1387 2558 1527 2591; x_wconf 83' lang='lat' dir='ltr'><strong>oratione</strong></span> <span class='ocrx_word' id='word_1_510' title='bbox 1550 2559 1675 2601; x_wconf 78' lang='lat' dir='ltr'><strong>gestire.</strong></span> 
     </span>
     <span class='ocr_line' id='line_1_45' title="bbox 222 2610 1676 2656; baseline 0.001 -15"><span class='ocrx_word' id='word_1_511' title='bbox 222 2615 339 2651; x_wconf 85' lang='lat' dir='ltr'><strong>putans</strong></span> <span class='ocrx_word' id='word_1_512' title='bbox 352 2621 438 2652; x_wconf 86' lang='lat' dir='ltr'><strong>ergo,</strong></span> <span class='ocrx_word' id='word_1_513' title='bbox 452 2616 483 2642; x_wconf 86' lang='lat' dir='ltr'><strong>te</strong></span> <span class='ocrx_word' id='word_1_514' title='bbox 498 2610 572 2643; x_wconf 80' lang='lat' dir='ltr'><strong>talia</strong></span> <span class='ocrx_word' id='word_1_515' title='bbox 587 2614 684 2653; x_wconf 76' lang='lat' dir='ltr'><strong>magis</strong></span> <span class='ocrx_word' id='word_1_516' title='bbox 698 2623 790 2654; x_wconf 85' lang='lat' dir='ltr'><strong>quarn</strong></span> <span class='ocrx_word' id='word_1_517' title='bbox 805 2625 854 2646; x_wconf 87' lang='lat' dir='ltr'><strong>me</strong></span> <span class='ocrx_word' id='word_1_518' title='bbox 864 2626 1063 2656; x_wconf 84' lang='lat' dir='ltr'><strong>cognoscere,</strong></span> <span class='ocrx_word' id='word_1_519' title='bbox 1077 2615 1133 2647; x_wconf 91' lang='lat' dir='ltr'><strong>tibi</strong></span> <span class='ocrx_word' id='word_1_520' title='bbox 1149 2615 1327 2654; x_wconf 84' lang='lat' dir='ltr'><strong>obsecutus,</strong></span> <span class='ocrx_word' id='word_1_521' title='bbox 1338 2623 1477 2645; x_wconf 88' lang='lat' dir='ltr'><strong>unacum</strong></span> <span class='ocrx_word' id='word_1_522' title='bbox 1493 2612 1601 2644; x_wconf 84' lang='lat' dir='ltr'><strong>divino</strong></span> <span class='ocrx_word' id='word_1_523' title='bbox 1613 2611 1676 2644; x_wconf 76' lang='lat' dir='ltr'><strong>isto</strong></span> 
     </span>
     <span class='ocr_line' id='line_1_46' title="bbox 222 2663 1675 2709; baseline 0.006 -15"><span class='ocrx_word' id='word_1_524' title='bbox 222 2667 278 2698; x_wconf 85' lang='lat' dir='ltr'><strong>tuo</strong></span> <span class='ocrx_word' id='word_1_525' title='bbox 302 2663 406 2704; x_wconf 79' lang='lat' dir='ltr'><strong>capite</strong></span> <span class='ocrx_word' id='word_1_526' title='bbox 429 2663 496 2704; x_wconf 79' lang='lat' dir='ltr'><strong>ipse</strong></span> <span class='ocrx_word' id='word_1_527' title='bbox 519 2674 644 2705; x_wconf 90' lang='lat' dir='ltr'><strong>quoque</strong></span> <span class='ocrx_word' id='word_1_528' title='bbox 658 2667 880 2706; x_wconf 85' lang='lat' dir='ltr'><strong>perbacchatus</strong></span> <span class='ocrx_word' id='word_1_529' title='bbox 894 2678 974 2699; x_wconf 85' lang='lat' dir='ltr'><strong>sum.</strong></span> <span class='ocrx_word' id='word_1_530' title='bbox 1018 2669 1111 2700; x_wconf 54' lang='lat' dir='ltr'><strong>Pus.</strong></span> <span class='ocrx_word' id='word_1_531' title='bbox 1134 2667 1258 2700; x_wconf 87' lang='lat' dir='ltr'><strong>Siccine</strong></span> <span class='ocrx_word' id='word_1_532' title='bbox 1271 2667 1330 2698; x_wconf 89' lang='lat' dir='ltr'><strong>tibi</strong></span> <span class='ocrx_word' id='word_1_533' title='bbox 1346 2667 1468 2698; x_wconf 86' lang='lat' dir='ltr'><strong>videtur</strong></span> <span class='ocrx_word' id='word_1_534' title='bbox 1474 2666 1675 2709; x_wconf 75' lang='lat' dir='ltr'><strong>jocandum?</strong></span> 
     </span>
     <span class='ocr_line' id='line_1_47' title="bbox 224 2716 1680 2764; baseline 0.002 -15"><span class='ocrx_word' id='word_1_535' title='bbox 224 2717 283 2749; x_wconf 89' lang='lat' dir='ltr'><strong>so.</strong></span> <span class='ocrx_word' id='word_1_536' title='bbox 312 2716 381 2758; x_wconf 83' lang='lat' dir='ltr'><strong>Ego</strong></span> <span class='ocrx_word' id='word_1_537' title='bbox 407 2717 487 2748; x_wconf 84' lang='lat' dir='ltr'><strong>tibi&#39;</strong></span> <span class='ocrx_word' id='word_1_538' title='bbox 473 2717 575 2759; x_wconf 68' lang='lat' dir='ltr'><strong>jocari</strong></span> <span class='ocrx_word' id='word_1_539' title='bbox 589 2718 717 2750; x_wconf 86' lang='lat' dir='ltr'><strong>videor?</strong></span> <span class='ocrx_word' id='word_1_540' title='bbox 762 2730 802 2750; x_wconf 84' lang='lat' dir='ltr'><strong>an</strong></span> <span class='ocrx_word' id='word_1_541' title='bbox 819 2731 882 2751; x_wconf 90' lang='lat' dir='ltr'><strong>non</strong></span> <span class='ocrx_word' id='word_1_542' title='bbox 894 2722 971 2752; x_wconf 83' lang='lat' dir='ltr'><strong>serio</strong></span> <span class='ocrx_word' id='word_1_543' title='bbox 985 2723 1094 2764; x_wconf 87' lang='lat' dir='ltr'><strong>loqui?</strong></span> <span class='ocrx_word' id='word_1_544' title='bbox 1139 2722 1234 2755; x_wconf 58' lang='lat' dir='ltr'><strong>Pus.</strong></span> <span class='ocrx_word' id='word_1_545' title='bbox 1258 2721 1357 2752; x_wconf 91' lang='lat' dir='ltr'><strong>Nullo</strong></span> <span class='ocrx_word' id='word_1_546' title='bbox 1371 2721 1508 2762; x_wconf 53' lang='lat' dir='ltr'><strong>modom</strong></span> <span class='ocrx_word' id='word_1_547' title='bbox 1523 2719 1680 2755; x_wconf 67' lang='lat' dir='ltr'><strong>Socraten.</strong></span> 
     </span>
     <span class='ocr_line' id='line_1_48' title="bbox 225 2769 1677 2818; baseline 0.005 -18"><span class='ocrx_word' id='word_1_548' title='bbox 225 2769 279 2800; x_wconf 84' lang='lat' dir='ltr'><strong>sed</strong></span> <span class='ocrx_word' id='word_1_549' title='bbox 297 2780 401 2801; x_wconf 86' lang='lat' dir='ltr'><strong>verum</strong></span> <span class='ocrx_word' id='word_1_550' title='bbox 424 2770 487 2808; x_wconf 90' lang='lat' dir='ltr'><strong>dic,</strong></span> <span class='ocrx_word' id='word_1_551' title='bbox 501 2781 557 2812; x_wconf 86' lang='lat' dir='ltr'><strong>per</strong></span> <span class='ocrx_word' id='word_1_552' title='bbox 579 2771 690 2803; x_wconf 88' lang='lat' dir='ltr'><strong>Jovem</strong></span> <span class='ocrx_word' id='word_1_553' title='bbox 703 2773 908 2814; x_wconf 85' lang='lat' dir='ltr'><strong>amicabilem,</strong></span> <span class='ocrx_word' id='word_1_554' title='bbox 931 2781 1023 2816; x_wconf 88' lang='lat' dir='ltr'><strong>putas</strong></span> <span class='ocrx_word' id='word_1_555' title='bbox 1038 2786 1214 2818; x_wconf 83' lang='lat' dir='ltr'><strong>quenquam</strong></span> <span class='ocrx_word' id='word_1_556' title='bbox 1231 2775 1410 2807; x_wconf 65' lang='lat' dir='ltr'><strong>Graecorum</strong></span> <span class='ocrx_word' id='word_1_557' title='bbox 1425 2774 1484 2805; x_wconf 75' lang='lat' dir='ltr'><strong>hac</strong></span> <span class='ocrx_word' id='word_1_558' title='bbox 1505 2773 1575 2815; x_wconf 82' lang='lat' dir='ltr'><strong>ipsa</strong></span> <span class='ocrx_word' id='word_1_559' title='bbox 1589 2774 1630 2806; x_wconf 89' lang='lat' dir='ltr'><strong>de</strong></span> <span class='ocrx_word' id='word_1_560' title='bbox 1644 2784 1677 2807; x_wconf 72' lang='lat' dir='ltr'><strong>te</strong></span> 
     </span>
     <span class='ocr_line' id='line_1_49' title="bbox 226 2815 1676 2869; baseline 0.003 -15"><span class='ocrx_word' id='word_1_561' title='bbox 226 2823 316 2865; x_wconf 80' lang='lat' dir='ltr'><strong>plura</strong></span> <span class='ocrx_word' id='word_1_562' title='bbox 332 2815 425 2866; x_wconf 76' lang='lat' dir='ltr'><strong>atque</strong></span> <span class='ocrx_word' id='word_1_563' title='bbox 436 2824 553 2867; x_wconf 81' lang='lat' dir='ltr'><strong>majora</strong></span> <span class='ocrx_word' id='word_1_564' title='bbox 563 2825 666 2857; x_wconf 86' lang='lat' dir='ltr'><strong>dicere</strong></span> <span class='ocrx_word' id='word_1_565' title='bbox 682 2837 789 2867; x_wconf 84' lang='lat' dir='ltr'><strong>posse</strong></span> <span class='ocrx_word' id='word_1_566' title='bbox 783 2827 793 2846; x_wconf 74' lang='lat'>²</span> <span class='ocrx_word' id='word_1_567' title='bbox 822 2827 875 2860; x_wconf 86' lang='lat' dir='ltr'><strong>So.</strong></span> <span class='ocrx_word' id='word_1_568' title='bbox 899 2829 985 2866; x_wconf 88' lang='lat' dir='ltr'><strong>Quid</strong></span> <span class='ocrx_word' id='word_1_569' title='bbox 1001 2840 1091 2860; x_wconf 86' lang='lat' dir='ltr'><strong>vero.</strong></span> <span class='ocrx_word' id='word_1_570' title='bbox 1086 2830 1096 2847; x_wconf 82' lang='lat'>²</span> <span class='ocrx_word' id='word_1_571' title='bbox 1122 2830 1313 2861; x_wconf 78' lang='lat' dir='ltr'><strong>laudandum</strong></span> <span class='ocrx_word' id='word_1_572' title='bbox 1325 2828 1507 2869; x_wconf 78' lang='lat' dir='ltr'><strong>scriptorem</strong></span> <span class='ocrx_word' id='word_1_573' title='bbox 1521 2837 1560 2859; x_wconf 83' lang='lat' dir='ltr'><strong>eo</strong></span> <span class='ocrx_word' id='word_1_574' title='bbox 1574 2826 1676 2859; x_wconf 70' lang='lat' dir='ltr'><strong>nolum</strong></span> 
     </span>
     <span class='ocr_line' id='line_1_50' title="bbox 225 2877 1677 2923; baseline 0.002 -12"><span class='ocrx_word' id='word_1_575' title='bbox 225 2887 399 2916; x_wconf 68' lang='lat' dir='ltr'><strong>censemus,</strong></span> <span class='ocrx_word' id='word_1_576' title='bbox 414 2877 487 2920; x_wconf 77' lang='lat' dir='ltr'><strong>quia</strong></span> <span class='ocrx_word' id='word_1_577' title='bbox 501 2889 538 2910; x_wconf 83' lang='lat' dir='ltr'><strong>ea</strong></span> <span class='ocrx_word' id='word_1_578' title='bbox 552 2878 678 2921; x_wconf 73' lang='lat' dir='ltr'><strong>dixerit,</strong></span> <span class='ocrx_word' id='word_1_579' title='bbox 699 2890 770 2922; x_wconf 72' lang='lat' dir='ltr'><strong>quas</strong></span> <span class='ocrx_word' id='word_1_580' title='bbox 792 2882 983 2922; x_wconf 76' lang='lat' dir='ltr'><strong>oportuerit</strong></span> <span class='ocrx_word' id='word_1_581' title='bbox 976 2883 988 2900; x_wconf 70' lang='lat'><strong>³</strong></span> <span class='ocrx_word' id='word_1_582' title='bbox 1033 2893 1070 2915; x_wconf 81' lang='lat' dir='ltr'><strong>ac</strong></span> <span class='ocrx_word' id='word_1_583' title='bbox 1096 2893 1160 2914; x_wconf 87' lang='lat' dir='ltr'><strong>non</strong></span> <span class='ocrx_word' id='word_1_584' title='bbox 1179 2893 1218 2914; x_wconf 91' lang='lat' dir='ltr'><strong>eo</strong></span> <span class='ocrx_word' id='word_1_585' title='bbox 1243 2880 1442 2923; x_wconf 75' lang='lat' dir='ltr'><strong>solum.quia</strong></span> <span class='ocrx_word' id='word_1_586' title='bbox 1466 2879 1619 2921; x_wconf 78' lang='lat' dir='ltr'><strong>dilucide.</strong></span> <span class='ocrx_word' id='word_1_587' title='bbox 1642 2884 1677 2912; x_wconf 75' lang='lat' dir='ltr'><strong>et</strong></span> 
     </span>
    </p>
   </div>
  </div>
 </body>
</html>
