1846 3268
270 258 350 298 302
881 256 1150 298 PLATONIS
1522 254 1526 258 ’
1641 261 1736 314 [292

265 368 339 396 ante
352 362 423 396 coeli
439 367 590 404 terraeque
605 365 705 394 ortum
729 361 814 394 scisti
836 361 954 400 omnia,
969 362 995 393 si
1020 362 1115 393 modo
1135 372 1256 404 semper
1280 362 1350 397 scis.
1366 373 1401 395 ac
1418 373 1475 406 per
1486 363 1600 396 Jovem
1613 373 1737 404 semper

266 419 357 457 scies,
382 423 416 450 et
438 417 555 460 omnia,
571 417 596 448 si
610 417 749 448 voluero.
793 414 840 447 At
855 416 954 454 voles,
967 417 1107 458 inquam,
1124 417 1304 448 honorande
1319 417 1449 448 nimium
1469 417 1682 460 Euthydeme.
1706 417 1733 450 ai

265 473 395 507 omnino
408 483 481 503 vero
505 472 596 503 dicis.
621 471 676 502 sed
693 480 784 512 posse
801 475 832 501 te
847 481 911 501 non
932 471 1062 502 multum
1076 470 1214 508 confido,
1229 471 1289 502 nisi
1312 471 1396 503 idern
1420 477 1524 503 tecum
1541 472 1619 504 velit.
1639 472 1734 504 frater

264 530 323 560 iste
346 533 418 559 tuus
439 525 694 568 Dionysodorus.
719 525 764 556 sic
786 524 870 556 enim
883 525 963 556 forte
978 525 1109 558 valebis.
1153 525 1261 557 Dicite
1288 536 1392 568 porro.
1438 525 1551 558 Cetera
1573 526 1737 569 quomodo

263 583 354 614 vobis
375 592 440 613 non
463 581 637 613 concedam
658 579 778 617 nescio,
793 584 856 611 tarn
873 579 1005 611 mirabili
1027 584 1122 621 atque
1133 590 1219 612 nova
1243 579 1398 622 sapientia
1422 580 1546 622 praediti
1560 580 1646 618 estis,
1672 591 1738 623 quo

267 637 370 669 minus
393 646 453 677 ego
468 635 574 666 onmia
588 634 697 671 sciam,
714 634 971 676 quandoquidem
987 644 1042 665 vos
1065 634 1211 666 asseritis.
1254 635 1343 666 Talia
1365 635 1509 677 quaedam
1532 645 1595 677 qua
1617 634 1739 666 ratione

266 691 343 723 scire
360 700 409 722 me
425 690 540 726 dicam,
555 688 768 731 Euthydeme,
779 689 865 730 quod
883 687 1032 720 videlicet
1046 689 1121 719 boni
1133 688 1190 720 viri
1200 688 1311 730 injusti
1322 689 1409 720 sint?
1433 688 1510 730 Die,
1522 688 1629 720 acione
1640 687 1741 732 istud,

265 757 305 778 an
329 744 460 777 nescio?
505 742 574 775 Scis
597 743 718 785 utique.
762 742 874 780 Quid?
919 743 1014 781 Quod
1031 743 1087 775 viri
1105 743 1180 775 boni
1201 743 1311 787 injusti
1335 754 1400 775 non
1423 748 1507 775 sunt.
1542 743 1739 784 Jampridem

264 800 402 833 sciebam
414 799 486 836 hoc,
497 798 636 839 inquam.
653 808 758 829 verum
773 807 839 828 non
852 797 938 829 istud
953 797 1051 840 [297]
1067 809 1185 841 quaero‚
1201 799 1255 830 sed
1271 799 1356 841 quod
1367 798 1477 840 injusti
1493 802 1566 829 sunt
1578 796 1636 829 viri
1651 797 1740 834 boni,

265 855 393 896 quando
408 852 529 885 didici?
553 852 729 894 Nusquam,
746 852 990 894 Dionysodorus
1005 853 1060 885 ait.
1100 852 1175 884 Non
1191 863 1277 895 ergo,
1291 852 1433 895 inquam,
1448 853 1509 884 hoc
1524 851 1601 884 scio.
1645 850 1737 883 Tunc

263 908 487 951 Euthydemus
510 908 549 938 ad
573 907 831 948 Dionysodorum
856 918 1023 939 conversus
1046 908 1102 945 ait,
1119 908 1298 939 Sermonem
1326 907 1479 939 destruis:
1510 906 1740 949 apparebitque

265 963 326 994 iste
336 962 365 994 si
376 962 506 998 nesciat,
532 961 635 992 sciens
651 961 741 992 simul
755 967 788 993 et
801 962 958 994 nesciens.
1004 962 1248 1005 Dionysodorus
1263 962 1391 1004 quidem
1407 962 1543 993 erubuit.
1584 961 1650 1000 Sed
1666 972 1739 1002 ego,

265 1016 315 1048 Tu
330 1027 402 1048 vero
418 1016 495 1058 quid
511 1016 567 1053 ais,
585 1015 787 1058 Euthydeme
801 1016 813 1046 ?
835 1026 899 1047 non
915 1017 1039 1048 videtur
1054 1017 1111 1048 tibi
1126 1017 1218 1048 frater
1233 1022 1304 1048 tuus
1321 1026 1393 1047 vera
1408 1015 1508 1057 loqui,
1523 1026 1594 1048 curn
1618 1015 1741 1047 noverit

266 1071 398 1103 omnia?
442 1070 549 1102 Frater
563 1080 622 1112 ego
645 1080 712 1101 sum
736 1069 942 1113 Euthydemi,
966 1070 1210 1114 Dionysodorus
1225 1071 1281 1104 ait.
1326 1071 1434 1108 Mitte,
1450 1071 1590 1112 inquam,
1609 1079 1628 1101 ο
1653 1070 1737 1100 bone

268 1126 326 1163 vir,
351 1125 457 1167 quoad
473 1135 523 1156 me
549 1123 771 1167 Euthydemus
786 1125 912 1162 doceat,
937 1126 1023 1167 quod
1039 1126 1135 1157 sciam
1154 1126 1232 1157 viros
1248 1126 1347 1157 bonos
1363 1125 1499 1167 injustos
1522 1135 1614 1156 esse=
1637 1133 1741 1166 neque

266 1181 348 1212 hanc
374 1179 450 1210 mihi
474 1179 648 1210 doctrinam
672 1179 828 1212 invideas.
873 1179 982 1222 Fugis,
1010 1191 1029 1211 o
1052 1180 1207 1221 Socrates,
1233 1181 1278 1211 ait
1297 1179 1552 1222 Dionysodorus,
1567 1189 1671 1220 neque
1694 1178 1740 1210 vis

267 1234 470 1276 respondere.
516 1233 592 1264 Non
606 1233 735 1275 injuria,
750 1234 890 1276 inquam,
905 1234 1015 1276 fugio:
1039 1246 1110 1266 narn
1134 1246 1204 1266 cum
1220 1235 1367 1266 alterutro
1390 1234 1449 1265 sim
1463 1233 1662 1270 imbecillior,
1685 1242 1740 1264 cur

268 1299 333 1320 non
350 1288 457 1320 ambos
470 1287 612 1330 fugiam?
645 1287 783 1320 Hercule
797 1289 926 1331 quidem
943 1289 1042 1321 multo
1057 1300 1126 1321 sum
1141 1289 1334 1330 imbecillior,
1348 1289 1404 1331 qui
1415 1298 1555 1331 pugnare
1569 1286 1661 1319 simul
1673 1297 1740 1318 non

265 1343 365 1374 valuit
391 1343 537 1375 adversus
563 1343 694 1385 hydram
721 1343 935 1385 sophisticam,
960 1344 1013 1376 cui
1040 1350 1168 1387 propter
1193 1344 1379 1387 sapientiam
1407 1353 1464 1386 pro
1496 1353 1560 1374 uno
1588 1341 1738 1374 sermonis

263 1397 370 1439 capite
384 1402 546 1439 amputato
562 1397 658 1428 multa
673 1397 906 1439 repullulabunt
920 1411 928 1430 z
952 1409 989 1430 ac
1003 1400 1098 1430 etiam
1114 1399 1260 1430 adversus
1275 1399 1430 1431 Cancrum
1454 1397 1624 1439 sophistam
1637 1406 1738 1438 quen·

266 1453 339 1484 dam
354 1462 392 1484 ex
406 1452 482 1484 mari
497 1452 720 1484 adventantem
736 1457 768 1484 et
783 1464 894 1495 nuper,
910 1458 946 1484 nt
961 1454 1100 1491 arbitror,
1111 1455 1276 1486 advectum
1285 1452 1359 1484 navi
1374 1464 1384 1485 ε
1399 1463 1417 1484 a
1428 1463 1492 1495 quo
1502 1461 1573 1483 cum
1583 1450 1738 1484 Hercules

264 1507 305 1538 ad
330 1506 486 1538 sinistram
513 1512 681 1549 angeretur
704 1507 868 1550 verbisque
895 1508 1007 1540 acriter
1030 1509 1232 1545 morderetur,
1258 1507 1384 1550 nepotis
1408 1507 1458 1538 sui
1478 1505 1565 1539 Jolai
1585 1504 1736 1536 auxilium

265 1560 466 1602 imploravit3
489 1562 543 1603 qui
559 1571 755 1603 summopere
770 1561 815 1592 illi
838 1562 1010 1593 succurrit:
1033 1573 1119 1594 meus
1134 1568 1238 1593 autem
1263 1561 1374 1594 Jolaus
1389 1560 1550 1593 Patrocles
1564 1559 1590 1591 si
1606 1559 1739 1596 venerit,

265 1615 360 1658 longe
387 1615 479 1646 aliter
499 1615 606 1646 faciet.
650 1614 826 1656 Responde
851 1627 937 1658 ergo,
964 1617 1067 1658 inquit
1094 1616 1351 1659 Dionysodorus,
1382 1620 1550 1657 postquam
1575 1613 1646 1655 ipse
1668 1613 1737 1646 haec

268 1669 436 1712 praedicas,
450 1674 553 1701 utrum
577 1670 688 1702 Jolaus
714 1671 861 1702 Herculis
877 1671 974 1714 magis
997 1682 1097 1713 nepos
1124 1682 1217 1714 quam
1235 1676 1307 1702 tuus
1322 1670 1426 1702 fuerit.
1469 1669 1586 1711 Operae
1601 1667 1736 1710 pretium

264 1725 332 1756 fore
348 1725 489 1762 arbitror,
506 1730 541 1756 ut
558 1725 614 1756 tibi
629 1726 847 1768 respondeam,
862 1726 1097 1769 Dionysodore.
1122 1736 1226 1768 neque
1248 1725 1331 1757 enim
1349 1724 1506 1756 desinere·
1520 1723 1683 1764 sciscitari,
1705 1726 1740 1754 et

263 1787 392 1824 propter
406 1782 557 1813 invidiam
582 1782 739 1823 quandam
754 1783 970 1821 interturbare,
995 1794 1036 1814 ne
1058 1782 1280 1825 Euthydemus
1296 1780 1422 1823 sapiens
1445 1779 1526 1810 illud
1542 1788 1592 1810 me
1607 1778 1734 1810 doceat.

265 1836 440 1879 Responde
456 1836 563 1878 igitur,
578 1835 692 1877 inquit.
738 1836 947 1879 Respondeo,
963 1836 1104 1879 inquam,
1127 1836 1254 1868 Jolaum
1277 1834 1423 1867 Herculis
1444 1837 1594 1876 nepotem
1617 1831 1736 1866 fuisset

265 1901 368 1923 meum
386 1895 503 1932 autem,
521 1895 556 1921 ut
582 1891 716 1927 videtur,
731 1900 941 1932 nequaquam.
965 1901 1070 1932 neque
1095 1891 1179 1922 enim
1203 1895 1291 1931 pater
1306 1889 1364 1931 ipsi
1381 1887 1543 1920 Patrocles
1565 1886 1626 1918 tuit
1645 1886 1740 1921 frater

267 1955 367 1982 mens,
393 1944 448 1975 sed
475 1944 587 1986 aliquis
612 1943 740 1975 nomine
767 1944 924 1985 proximus
950 1943 1088 1986 Iphicles
1114 1944 1260 1976 Herculis
1286 1944 1390 1975 frater.
1435 1941 1596 1974 Patrocles
1619 1946 1740 1976 autem.

262 1998 379 2041 inquit,
394 1998 489 2029 tuus?
535 1997 704 2034 Nimirum,
719 1998 773 2029 sed
797 2009 835 2029 ex
850 2004 947 2030 matre
972 1999 1095 2039 eadem,
1111 2010 1174 2030 non
1192 2003 1290 2041 patre.
1334 1997 1443 2029 Frater
1466 2006 1541 2038 ergo
1563 1995 1619 2028 tibi
1634 1999 1683 2028 est
1704 1998 1738 2029 et.

263 2063 328 2084 non
343 2053 446 2084 frater.
490 2051 565 2083 Non
582 2053 694 2083 eodem
722 2063 760 2084 ex
775 2058 874 2094 patre,
889 2053 1029 2095 inquam,
1045 2053 1090 2084 vir
1103 2053 1236 2095 optime.
1257 2052 1342 2083 illius
1365 2051 1448 2083 enirn
1465 2055 1553 2092 pater
1567 2049 1737 2081 Chaerede-

267 2119 348 2146 mus,
373 2107 602 2150 Sophroniscus
628 2111 732 2139 autem
759 2118 859 2140 meuS.
905 2108 1001 2140 Pater
1016 2112 1139 2150 putem,
1166 2107 1281 2149 inquit,
1303 2111 1370 2138 erat
1394 2105 1622 2148 Sophroniscus
1643 2110 1739 2146 atque

271 2163 494 2196 Chaeredemus
508 2162 519 2193 ?
565 2162 719 2200 Omnino,
746 2161 800 2193 ille
827 2173 928 2200 meus,
955 2162 1006 2194 hic
1036 2173 1120 2194 suuS.
1144 2163 1242 2205 [298]
1266 2161 1385 2193 Nonne
1415 2160 1637 2193 Chaeredemus
1659 2158 1739 2191 alius

267 2228 361 2261 quarn
378 2221 466 2259 pater
480 2220 547 2248 erat
560 2215 571 2247 ἓ
617 2215 712 2247 Alius
727 2215 847 2248 scilicet
861 2227 954 2259 quam
972 2221 1060 2258 pater
1074 2227 1173 2249 meus.
1195 2216 1362 2259 ‘Nunquid
1379 2220 1467 2258 pater
1481 2219 1559 2253 erat,
1573 2225 1644 2247 cum
1659 2213 1740 2245 alins

265 2282 361 2315 quam
390 2277 480 2314 pater
508 2271 615 2303 esset?
639 2281 679 2302 an
703 2275 737 2302 tu
762 2271 845 2303 idem
875 2282 920 2308 es,
944 2273 1030 2314 quod
1056 2271 1159 2314 lapis?
1204 2271 1355 2313 Verebar,
1378 2271 1520 2314 inquam,
1541 2280 1583 2301 ne
1602 2269 1688 2302 idem
1704 2274 1736 2301 te

266 2331 424 2358 asserente
438 2324 580 2357 viderer:
606 2324 683 2356 mihi
710 2335 782 2356 vero
809 2336 873 2356 non
901 2325 1024 2358 videor.
1077 2325 1195 2357 Nonne
1219 2325 1316 2366 igitur
1344 2324 1423 2355 alius
1451 2333 1486 2356 es
1513 2333 1607 2365 quam
1633 2322 1736 2365 lapis?

266 2380 361 2413 Alius
377 2385 472 2412 certe.
519 2379 615 2417 Quod
633 2379 657 2410 si
674 2379 753 2411 alius
768 2390 802 2411 es
817 2390 909 2422 quam
925 2379 1019 2422 lapis,
1042 2390 1107 2411 non
1130 2390 1164 2410 es
1178 2379 1280 2421 lapis:
1303 2383 1336 2410 et
1350 2378 1377 2410 si
1399 2378 1478 2409 alius
1500 2387 1594 2420 quam
1615 2387 1740 2416 aurum,

266 2446 331 2467 non
347 2445 381 2466 es
396 2444 515 2466 aumm.
561 2434 613 2465 Sic
626 2438 685 2465 est.
731 2433 785 2465 An
801 2444 865 2465 non
881 2435 993 2466 eadem
1013 2434 1134 2465 ratione
1150 2433 1382 2471 Chaeredemus,
1397 2443 1469 2464 curn
1485 2431 1564 2464 alius
1579 2431 1620 2463 sit
1643 2442 1738 2474 quam

266 2494 366 2532 pater,
381 2494 470 2530 pater
483 2498 547 2519 non
563 2488 647 2519 erit?
694 2487 842 2526 Videtur,
865 2488 1007 2531 inquam,
1029 2499 1092 2520 non
1115 2499 1182 2520 esse
1208 2492 1309 2530 pater.
1355 2486 1407 2519 Ad
1430 2487 1498 2519 haec
1519 2485 1740 2528 Euthydemus

268 2543 398 2586 adjecit,
422 2542 517 2574 Haud
544 2548 708 2584 pateNst
733 2542 966 2581 Chaeredemus,
988 2553 1154 2585 rursusque
1179 2547 1213 2574 et
1235 2541 1476 2584 Sophroniscus,
1502 2551 1573 2573 curn
1598 2540 1678 2572 alius
1698 2539 1741 2572 sit:

270 2607 365 2640 quarn
381 2601 480 2638 pater,
497 2607 561 2627 non
577 2602 625 2628 est
641 2602 739 2638 pater.
783 2597 986 2639 Quapropter
1002 2597 1070 2628 sine
1087 2602 1174 2638 patre
1189 2607 1235 2634 ess,
1250 2607 1269 2628 o
1286 2596 1439 2628 Socrates.
1461 2595 1640 2628 Sermonem
1663 2605 1737 2628 vero

269 2651 444 2694 suscipiens
460 2651 632 2693 Ctesippus
648 2651 767 2689 intulit,
783 2651 877 2683 Pater
891 2657 994 2683 auteur
1011 2657 1123 2692 yester,
1138 2662 1209 2683 cum
1233 2651 1344 2683 eadem
1360 2650 1418 2683 sibi
1434 2650 1635 2692 contigerint,
1655 2649 1739 2684 aliu}

268 2710 318 2738 est
331 2715 425 2748 quarn
442 2710 531 2745 pater
545 2715 632 2736 meus
645 2705 656 2735 ?
702 2705 813 2746 Longe
827 2706 927 2742 abest,
945 2705 1166 2747 Euthydemus
1181 2706 1239 2737 ait.
1283 2705 1369 2737 Num
1387 2706 1472 2737 idem
1486 2705 1498 2737 ?
1543 2703 1737 2737 Idem-sane.

265 2760 343 2792 Non
354 2759 576 2791 consentirem.
593 2759 655 2790 Sed
669 2765 771 2790 utrum
784 2770 885 2801 meus,
896 2760 1111 2803 Euthydemus,
1123 2765 1212 2802 pater
1222 2766 1270 2792 est
1278 2761 1453 2802 dumtaxat,
1464 2770 1506 2791 an
1519 2763 1553 2791 et
1560 2763 1735 2792 ceterorum

268 2813 457 2846 hominum?
501 2812 543 2843 Et
557 2818 729 2845 ceterorum
754 2814 892 2856 insuper.
915 2815 1060 2857 nunquid
1083 2820 1175 2856 putas
1197 2815 1332 2846 eundern
1348 2814 1505 2846 hominem
1521 2818 1640 2855 patrem
1654 2811 1739 2844 exis·

267 2873 385 2900 tentem
400 2877 464 2898 non
481 2877 548 2899 esse
564 2872 683 2909 patrem
698 2868 709 2898 ἓ
756 2868 903 2900 Putaram
917 2869 1077 2911 equidem,
1093 2869 1264 2911 Ctesippus
1279 2869 1334 2901 ait.
1380 2867 1433 2900 An
1443 2873 1477 2899 et
1486 2866 1740 2910 aururminquit,

266 2933 374 2955 aurum
389 2921 524 2954 existens
539 2931 604 2952 non
620 2931 687 2953 esse
700 2931 808 2954 aurum
823 2923 834 2954 ἓ
858 2928 890 2955 et
905 2923 1062 2955 hominem
1079 2923 1261 2955 existentem
1274 2923 1431 2955 hominem
1447 2931 1511 2953 non
1526 2931 1593 2953 esse
1606 2921 1617 2952 ἓ
1651 2921 1733 2955 Tum

268 2977 455 3020 eresippus,
471 2975 558 3014 Non,
575 2980 609 3014 ut
625 2976 731 3015 ibrtur,
749 2976 962 3021 Euthydcme,
978 2978 1042 3010 lino
1058 2978 1156 3010 linum
1174 2978 1346 3011 connectis.
1369 2987 1431 3009 rem
1456 2986 1579 3018 gravem
1593 2973 1736 3015 dieis„si
