1846 3268
239 251 290 288 82
705 245 972 286 PLATONIS
1003 245 1232 287 LACHES.
1605 253 1699 304 [201

239 356 271 383 te
295 351 429 385 docebo.
451 361 523 383 nam
546 351 606 382 hac
630 351 764 382 maxime
788 349 928 392 indigere
943 349 1111 392 disciplina
1126 350 1252 383 videris.
1296 349 1359 383 LA.
1380 350 1512 395 Sapiens
1526 353 1655 396 quidem
1670 366 1717 394 es,

241 417 260 437 ο
276 405 391 438 Nicia:
417 410 627 438 verumtamen
651 404 842 448 Lysimacho
866 404 940 437 huic
955 408 988 436 et
1002 404 1148 437 Meiesiae
1177 404 1320 443 consulo,
1347 411 1384 438 ut
1405 407 1544 439 studium
1559 419 1663 440 meum
1677 420 1716 442 ae

241 465 329 493 tuum
344 460 426 493 circa
439 461 572 492 filiorum
595 452 806 492 eruditionem
830 469 894 490 non
916 459 1054 501 exigant,
1079 460 1135 491 sed
1157 459 1318 492 Socratem
1333 461 1432 500 hunc,
1458 462 1543 494 utin
1558 462 1716 506 principio

243 515 394 554 dixeram,
418 515 535 547 obnixe
550 515 590 547 ad
620 515 680 546 hoc
708 525 787 556 opus
810 518 982 545 accersant.
1005 524 1064 556 ego
1080 524 1221 556 quoque,
1245 514 1272 546 si
1295 515 1372 546 mihi
1400 515 1501 548 adulti
1515 523 1621 549 essent
1649 518 1720 561 filii,

240 570 326 602 idem
340 568 496 602 fecissem.
542 569 603 600 Nr.
625 568 793 600 Enimvero
805 572 839 600 et
853 567 924 610 ipse
939 578 1064 606 censeo,
1080 568 1108 599 si
1123 568 1217 600 modo
1232 568 1311 600 velit
1324 570 1579 603 Socratescuram
1593 572 1717 605 adoles-

242 628 370 656 centum
385 624 558 666 suscipere,
582 623 678 654 alium
703 622 861 654 neminem
876 633 944 654 esse
960 623 1176 664 quaerendum.
1199 633 1315 665 nempe
1333 622 1517 656 Niceratum
1531 625 1605 658 huic
1619 626 1720 659 liben-

241 678 361 710 tissime
382 678 647 720 commendarem,
676 677 702 709 si
724 677 791 719 ipse
812 677 980 719 acciperet.
1003 687 1109 708 verum
1130 677 1255 719 quoties
1280 678 1321 709 de
1343 678 1403 710 hoc
1425 678 1487 710 sibi
1512 679 1607 711 verba
1625 681 1722 723 facio,

243 732 323 764 alios
338 732 491 774 quosdam
507 732 610 770 offert,
637 732 707 773 ipse
728 731 840 763 renuit.
886 731 1036 773 Experire
1059 742 1145 773 ergo,
1170 731 1371 774 Lysimache‚
1396 743 1472 764 num
1495 733 1640 766 Socrates
1662 734 1720 766 tibi

243 786 342 829 magis
358 787 565 828 obtemperet.
611 786 675 818 Lv.
701 785 763 816 Par
783 789 842 823 est,
867 796 886 816 o
916 785 1031 818 Nicia:
1056 786 1315 827 quandoquidem
1330 790 1364 818 et
1386 786 1454 828 ipse
1470 787 1570 820 multa
1582 788 1719 821 vicissim

242 851 317 883 erga
330 842 415 873 hunc
431 841 534 873 facere
550 841 720 882 studerem,
735 850 807 882 quae
823 850 895 882 erga
908 839 987 871 alios
1000 839 1106 871 multis
1119 849 1182 870 non
1195 840 1341 873 facerem.
1388 841 1476 878 Quid
1487 841 1544 880 ais,
1556 841 1723 876 Socrates?

243 896 409 928 moremne'
419 906 520 938 geres,
537 895 736 937 cmabisque,
761 899 797 926 ut
820 894 934 936 optimi
956 893 1174 926 adolescentes
1195 894 1358 926 evadant?
1405 895 1463 928 So.
1486 895 1610 928 Durum
1635 902 1720 930 certe

245 950 278 982 id
295 955 389 988 esset,
405 950 607 993 Lysimaciw,
623 949 649 981 si
663 948 734 991 quis
749 948 909 991 ejusmodi
931 959 1036 981 curam
1059 953 1215 981 renueret.
1261 949 1463 992 Quapropter
1485 950 1511 982 si
1529 961 1590 993 ego
1611 951 1645 982 in
1671 962 1724 984 su-

246 1004 361 1049 periori
376 1005 591 1047 disputatione
606 1004 732 1046 sapiens
748 1003 975 1045 apparuissem,
990 1002 1023 1034 hi
1038 1007 1143 1034 autem
1165 1003 1270 1040 inscii,
1295 1003 1407 1035 merito
1423 1004 1463 1035 ad
1483 1015 1564 1046 opus
1577 1006 1640 1038 hoc
1652 1005 1721 1048 ipse

251 1059 413 1102 praecipue
428 1059 589 1090 vocandus
612 1067 722 1089 essem.
745 1067 816 1088 cum
833 1067 906 1088 vero
932 1056 1000 1099 pari
1024 1056 1059 1087 in
1082 1056 1280 1088 dubitatione
1296 1067 1462 1099 versemur,
1488 1059 1558 1100 quis
1584 1064 1725 1092 nostrum

246 1113 353 1155 potius
367 1112 522 1154 eligatur?
547 1111 624 1143 mihi
641 1111 772 1154 quidem
796 1111 901 1142 nullus
926 1110 1087 1153 praecipue
1112 1110 1278 1152 eligendus
1303 1122 1371 1143 esse
1387 1111 1519 1144 videtur.
1565 1112 1726 1158 Ceterum,

248 1177 321 1199 cum
347 1167 416 1198 haec
441 1166 486 1198 ita
508 1177 541 1198 se
565 1167 714 1203 habeant,
731 1165 851 1206 videte,
874 1166 971 1208 [201]
997 1176 1037 1196 an
1063 1169 1149 1197 recte
1175 1165 1266 1197 nobis
1291 1166 1464 1198 consulam.
1510 1166 1678 1210 Oportere,
1701 1179 1723 1201 ο

245 1221 316 1258 viri,
330 1219 486 1257 existimo,
508 1219 594 1263 (haec
609 1220 693 1251 enim
705 1230 770 1251 non
786 1219 974 1261 efferentur)
997 1219 1205 1251 communiter
1219 1229 1328 1251 omnes
1343 1219 1479 1252 invicem
1492 1231 1643 1263 quaerere,
1658 1223 1724 1265 pri·

247 1284 333 1306 mum
349 1274 479 1316 quidem
504 1274 595 1306 nobis
623 1274 699 1316 ipsis
726 1274 882 1316 optimum
899 1278 1121 1316 praeceptorem
1140 1285 1148 1305 ι
1173 1284 1301 1316 egemus
1323 1275 1434 1306 enim:
1458 1275 1575 1308 deinde
1598 1277 1723 1310 adolen-

247 1329 406 1367 centibus,
433 1339 536 1371 neque
551 1328 696 1370 pecuniis
712 1339 816 1370 neque
832 1328 902 1359 aliis
918 1333 1096 1370 parcentes.
1119 1327 1164 1359 ita
1179 1338 1252 1359 vero
1268 1327 1384 1367 vivere,
1410 1333 1447 1361 ut
1469 1339 1556 1362 nunc
1578 1330 1727 1370 vivimus,

247 1388 282 1415 et
307 1383 389 1414 filios
414 1383 500 1425 ipsos
526 1385 570 1414 ita
595 1393 714 1420 curare,
740 1393 805 1414 non
831 1383 975 1415 consulo.
1021 1382 1055 1414 si
1080 1381 1152 1424 quis
1178 1387 1282 1414 autern
1309 1393 1368 1414 nos
1390 1383 1531 1422 irriserit,
1553 1385 1639 1427 quod
1661 1390 1724 1419 tarn

251 1438 384 1480 grandes
398 1442 474 1468 natu
491 1438 693 1480 praeceptoris
709 1437 818 1470 ludum
833 1437 955 1480 ingredi
981 1441 1167 1478 statuamus,
1192 1436 1321 1468 Homeri
1337 1436 1416 1469 iliud
1431 1437 1658 1480 objiciendum.
1669 1438 1727 1472 'ait

249 1492 345 1529 enim,
371 1492 437 1523 viro
453 1502 554 1534 egeno
570 1493 790 1524 verecundiam
806 1503 870 1524 non
887 1492 1039 1524 conferre.
1087 1491 1300 1529 Quamobrem
1316 1491 1427 1534 spretis
1442 1492 1588 1525 omnibus
1603 1493 1726 1527 detrac-

251 1551 354 1577 torum
370 1546 484 1584 verbis,
506 1557 705 1578 communem
728 1547 825 1578 nostri
851 1546 1149 1587 adolescentumque
1172 1555 1278 1577 curam
1302 1545 1520 1589 suscipiamus.
1563 1546 1627 1580 ΙΝ.
1650 1547 1726 1580 Plu-

257 1606 332 1632 cent
347 1599 423 1631 mihi
446 1611 516 1642 quae
539 1589 688 1643 ioqueris,
714 1602 880 1633 Socrates:
904 1605 1084 1642 statuoque,
1107 1610 1170 1642 quo
1194 1600 1296 1631 senior
1311 1611 1393 1643 sum,
1415 1611 1454 1633 eo
1477 1600 1646 1633 studiosius
1661 1611 1726 1634 una

251 1666 324 1689 cum
349 1655 603 1687 adolescentibus
625 1655 756 1689 discere.
800 1655 918 1687 Verum
942 1656 1011 1687 haec
1036 1654 1112 1686 mihi
1133 1658 1265 1688 servato.
1289 1665 1357 1686 cras
1378 1655 1480 1698 prima
1503 1655 1574 1688 luce
1595 1655 1724 1688 domum

253 1709 361 1740 venito
376 1721 383 1739 :
408 1719 513 1752 neque
528 1709 619 1741 aliter
632 1710 741 1748 facito,
757 1715 792 1741 ut
807 1710 848 1741 de
862 1710 912 1741 his
926 1709 1018 1740 rebus
1033 1707 1199 1740 consilium
1215 1708 1368 1740 ineamus.
1389 1719 1462 1740 nam
1476 1709 1646 1741 hodiernus
1655 1709 1725 1752 jam

253 1763 422 1794 solvendus
437 1768 485 1795 est
499 1769 607 1796 coetus.
653 1763 710 1796 So.
731 1763 875 1796 Efficiam
896 1763 983 1806 quod
1003 1762 1111 1805 jubes,
1138 1761 1346 1805 Lysimache:
1369 1768 1402 1796 et
1426 1763 1454 1797 si
1476 1762 1566 1796 Deus
1581 1763 1729 1808 voluerit,

253 1826 322 1849 eras
338 1816 376 1848 ad
397 1820 427 1847 te
444 1817 578 1851 veniam.
