1846 3268
181 263 255 315 47]
820 254 1003 295 omre.
1319 240 1323 243 '
1576 257 1652 297 149
1704 246 1707 249 “

181 366 288 403 tidem,
303 375 324 397 o
338 364 493 403 Socrates,
517 370 577 393 nec
603 357 670 392 ullo
683 358 782 390 modo·
799 358 892 391 aliter
909 358 1018 390 saclas.
1061 358 1116 389 So.
1141 357 1287 401 Oarnice
1305 357 1404 395 Crito,
1431 357 1567 390 studium
1587 360 1648 393 hoc

180 425 269 451 tuum
291 417 436 462 permulti
451 415 631 448 faciendum
646 418 740 450 esset,
765 412 790 443 si
810 422 874 454 qua
889 412 1009 443 ratione
1026 416 1110 443 recta
1136 415 1318 453 susceptum
1341 416 1435 442 esset.
1464 411 1513 442 sin
1534 411 1650 454 minus,

179 478 298 516 quanto
314 470 527 504 vehementius
537 473 597 507 est,
612 472 700 499 tanto
715 466 886 499 molestius.
933 466 1204 498 Considerandum
1220 470 1268 496 est
1282 464 1389 507 igitur,
1400 465 1564 506 agendane
1578 467 1648 498 haec

179 527 270 559 nobis
283 527 357 564 sint,
371 535 415 557 an
429 533 504 556 non.
526 532 598 554 nam
614 532 674 564 ego
699 520 726 554 is
740 531 808 551 sum
824 529 888 551 non
903 519 999 550 modo
1014 529 1111 561 nunc,
1138 519 1196 550 sed
1212 523 1244 550 et
1270 529 1404 561 semper,
1430 517 1490 560 qui
1511 529 1649 551 meorum

178 580 259 612 nulli
268 589 404 622 paream,
420 582 625 620 praeterqnam
640 573 768 617 rationi,
783 585 854 617 quae
868 573 1069 606 ratiocinanti
1085 573 1159 605 mihi
1174 573 1295 616 optima
1310 573 1463 606 videatur.
1491 573 1649 606 Rationes

177 634 286 676 itaque
300 632 381 670 illas,
395 632 511 675 quibus
525 629 738 673 superioribus
754 628 947 671 temporibus
962 639 1036 660 usus
1052 638 1133 664 sum,
1149 638 1208 659 nec
1219 638 1305 659 nunc
1319 627 1462 670 quidem,
1478 633 1646 670 postquam

178 687 211 718 in
226 687 307 719 lianc
331 687 486 718 fortunam
511 683 623 726 incidi,
649 682 779 725 rejicere
798 693 950 725 possum:
975 682 1030 713 sed
1057 681 1175 713 similes
1189 681 1266 712 mihi
1281 681 1376 713 ferme
1392 686 1558 724 apparent,
1581 692 1650 713 eas-

178 741 314 783 demque
329 740 360 771 in
376 738 555 782 praesentia‚
578 748 656 781 quas
672 742 706 768 et
727 737 826 779 prius,
844 746 972 768 veneror
995 740 1090 778 atque
1106 735 1279 777 profiteor:
1304 736 1398 773 adeo,
1421 740 1458 766 ut
1481 735 1543 766 nisi
1563 746 1649 768 nune

179 794 321 826 meliores
335 793 444 825 afferre
460 792 626 835 possimus,
642 791 738 833 plane
753 790 833 822 scire
857 789 987 827 debeas,
1011 799 1062 820 me
1088 788 1146 820 tibi
1169 799 1234 820 non
1254 799 1497 821 concessurumz
1522 800 1598 827 non,
1621 790 1649 822 si

177 848 272 879 etiam
289 848 390 890 plura,
417 857 511 889 quam
534 856 631 883 nunc,
657 844 870 877 multitudinis
897 843 1043 887 potentia
1058 843 1259 881 comminata,
1281 854 1340 875 nos
1361 849 1509 886 tanquam
1535 854 1648 885 pueros

178 902 285 934 larvali
300 899 490 944 terribilique
504 900 585 932 facie
600 904 770 942 perterrere
786 903 928 937 conetur,
944 897 1081 940 pecunia
1096 902 1129 930 et
1142 899 1269 936 damna,
1284 902 1426 936 catenas,
1449 898 1551 929 caedes
1568 897 1649 939 obji-

176 956 276 989 ciens.
320 955 384 988 Cn.
407 955 553 993 Quanam
568 953 664 996 igitur
677 953 800 984 ratione
811 952 1011 984 mediocriter
1024 952 1317 984 considerabimus?
1362 953 1420 985 So.
1443 952 1514 984 Hac
1528 952 1651 994 utique,

177 1010 204 1042 si
219 1009 264 1048 id,
279 1010 364 1053 quod
382 1014 415 1040 tu
431 1010 472 1041 de
487 1007 690 1051 opinionibus
713 1006 810 1048 paulo
825 1010 900 1038 aute
915 1005 1055 1044 dicebas,
1071 1016 1263 1037 resumamus
1277 1017 1285 1038 ε
1309 1010 1411 1037 utrum
1427 1016 1551 1048 semper
1565 1011 1649 1039 reete

178 1075 213 1096 se
224 1064 338 1095 habeat
351 1073 464 1101 necne,
479 1067 622 1105 oportere
637 1061 758 1093 scilicet
773 1060 969 1103 quarundam
992 1059 1178 1102 opinionum
1193 1060 1348 1092 rationem
1361 1061 1488 1098 habere,
1511 1071 1649 1103 quarun-

178 1119 252 1149 dam
266 1128 338 1149 vero
354 1116 492 1150 minime.
535 1116 590 1148 An
605 1115 685 1147 forte
708 1114 795 1157 prius
814 1124 908 1157 quam
923 1114 956 1145 in
972 1114 1146 1156 periculum
1171 1115 1278 1146 mortis
1301 1114 1484 1152 inciderem,
1504 1119 1590 1147 recte
1614 1114 1650 1147 id

178 1173 362 1204 dicebatur:
386 1181 470 1203 nunc
487 1180 559 1202 vero
573 1174 712 1210 constat,
738 1169 862 1210 frustra,
878 1168 1102 1211 disputationis
1116 1169 1229 1212 gratia,
1250 1169 1294 1200 ita
1310 1170 1430 1201 dictum
1444 1169 1552 1207 fuisse,
1574 1180 1648 1201 cum

178 1236 283 1257 revera
293 1226 370 1268 joco
382 1225 507 1257 cuidam
523 1224 678 1267 nugisque
693 1228 777 1255 esset
791 1223 974 1254 adductum.
1019 1222 1126 1265 Cupio
1140 1223 1298 1265 equidem,
1315 1234 1334 1254 o
1350 1223 1451 1261 Crito,
1466 1233 1530 1254 una
1544 1227 1649 1254 tecum

178 1279 387 1318 considerare,
401 1279 545 1321 nunquid
561 1289 661 1310 sermo
676 1277 731 1309 ille
747 1277 830 1320 prior
844 1277 965 1309 alienus
991 1281 1142 1319 appareat
1165 1276 1254 1317 milri,
1279 1288 1363 1308 nunc
1382 1276 1417 1308 in
1441 1277 1500 1309 hac
1523 1277 1649 1309 fortuna

177 1334 348 1366 constituto
360 1344 370 1374 3
393 1343 433 1364 an
448 1343 574 1376 prorsus
586 1331 669 1364 idem
681 1332 738 1375 qui
759 1337 792 1363 et
807 1332 915 1374 prius:
941 1336 1035 1374 atque
1050 1336 1154 1362 utrum
1169 1331 1374 1363 dimittendus
1390 1332 1431 1363 sit
1445 1342 1463 1363 a
1477 1331 1581 1370 nobis,
1597 1332 1649 1363 vel

178 1388 239 1431 ipsi
256 1389 550 1431 obtemperandum.
596 1387 790 1429 [Dicebatur
804 1392 922 1429 autem,
939 1391 973 1417 ut
987 1386 1111 1428 opinor,
1135 1396 1258 1429 semper
1273 1386 1318 1418 sic
1334 1386 1374 1418 ab
1389 1386 1438 1422 iis,
1463 1386 1519 1429 qui
1541 1396 1576 1418 se
1591 1385 1648 1417 ali-

177 1443 254 1485 quid
271 1443 374 1475 dicere
389 1442 620 1483 existimabant,
634 1446 671 1472 ut
685 1451 770 1472 nunc
785 1440 913 1483 quidem
930 1450 989 1481 ego
1015 1439 1157 1471 dicebam
1173 1451 1180 1471 ε
1204 1450 1332 1482 nempe,
1358 1441 1519 1471 hominum
1544 1439 1649 1482 opini-

177 1506 254 1528 ones
270 1497 382 1539 partim
399 1496 526 1538 plurimi
537 1496 698 1527 faciendas
713 1505 750 1527 ac
766 1495 957 1536 sequendas,
973 1494 1085 1536 partim
1100 1504 1174 1526 vero
1191 1494 1329 1526 minime.
1373 1494 1460 1535 Hoc,
1475 1505 1530 1537 per
1545 1494 1647 1532 Deos,

177 1560 197 1582 o
213 1550 314 1592 Crito,
328 1561 435 1583 nonne
451 1550 508 1582 tibi
522 1555 604 1582 recte
620 1550 684 1581 diei
700 1549 823 1581 videtur
837 1549 848 1580 ?
873 1554 907 1580 tu
920 1549 1017 1587 enim,
1040 1554 1078 1580 ut
1092 1548 1152 1580 fert
1167 1549 1328 1580 hominum
1344 1549 1500 1592 conditio,
1524 1554 1645 1580 tantum

177 1605 252 1636 abes
269 1615 289 1636 a
303 1604 443 1647 periculo
465 1610 501 1636 ut
521 1604 658 1636 crastino
685 1604 737 1635 die
762 1603 838 1646 [47]
862 1603 1025 1643 moriaris;
1049 1612 1108 1635 nec
1128 1607 1160 1634 te
1175 1602 1206 1634 in
1222 1613 1353 1634 errorem
1369 1603 1490 1635 inducit
1510 1613 1647 1645 praesens

177 1657 369 1699 calamitas]
413 1657 587 1690 Considera
603 1657 722 1700 igitur:
746 1667 786 1688 an
801 1667 866 1688 non
893 1657 1083 1688 sufficienter
1103 1656 1162 1688 tibi
1182 1657 1244 1688 dici
1261 1657 1395 1695 videtur,
1418 1668 1483 1688 non
1504 1662 1648 1699 oportere

177 1723 287 1744 omnes
314 1711 480 1753 opiniones
506 1711 669 1743 hominurn
695 1711 806 1753 sequi;
829 1712 885 1742 sed
901 1710 979 1743 alias
1000 1711 1128 1753 quidem
1152 1711 1255 1753 sequi,
1278 1711 1355 1742 alias
1371 1722 1443 1742 vero
1466 1711 1647 1753 negligere:

177 1776 282 1809 neque
297 1766 435 1797 omnium
451 1766 592 1808 quidem,
608 1766 664 1797 sed
689 1765 844 1796 duntaxat
856 1765 1065 1807 quorundam.
1086 1764 1163 1807 quid
1179 1775 1254 1807 ergo
1268 1764 1371 1796 dicis?
1394 1766 1461 1796 haec
1483 1776 1547 1796 nun
1562 1770 1646 1797 recte

177 1820 347 1853 dicuntur?
392 1820 457 1852 Cn.
479 1819 593 1852 Recte.
637 1820 696 1853 So.
721 1819 775 1851 An
790 1830 855 1850 non
871 1820 968 1851 bonas
992 1820 1144 1850 honorare
1167 1819 1272 1861 decet,
1295 1819 1392 1850 malas
1406 1830 1479 1850 vero
1505 1823 1648 1851 contem-

178 1876 276 1907 nere?
321 1875 388 1908 Cn.
411 1874 463 1906 Ita
477 1874 580 1906 decet.
625 1874 681 1906 So.
705 1875 805 1905 Bonae
831 1879 936 1905 autem
963 1883 1070 1905 nonne
1097 1874 1308 1916 prudentum?
1330 1874 1421 1905 malae
1440 1878 1550 1906 contra
1572 1879 1647 1905 sunt

176 1929 410 1972 imprudentum
425 1929 436 1960 ?
482 1928 546 1961 Cn.
570 1928 714 1966 Quidni?
759 1929 816 1961 So.
840 1929 913 1970 Age
929 1938 1014 1969 vero,
1029 1937 1167 1970 quonam
1182 1928 1277 1959 modo
1291 1938 1393 1959 rursus
1405 1927 1480 1958 talia
1495 1926 1645 1959 diceban·

177 1983 250 2015 tur?
273 1983 327 2025 qui
342 1983 375 2014 in
391 1982 563 2026 gymnasiis
578 1992 610 2014 se
626 1986 762 2023 exercet,
789 1987 890 2013 utrum
906 1981 1077 2024 cujuslibet
1090 1981 1225 2013 hominis
1239 1981 1338 2020 laudi,
1355 1982 1403 2013 vel
1424 1981 1645 2024 vituperationi

177 2042 313 2070 mentem
330 2037 513 2077 adhibebit;
536 2047 577 2068 an
591 2036 677 2068 illius
692 2041 827 2074 tantum,
842 2037 899 2080 qui
913 2037 1055 2069 medicus
1067 2037 1118 2075 sit,
1134 2041 1190 2068 aut
1204 2035 1361 2079 gymnasii
1375 2035 1542 2078 magister?
1579 2035 1644 2067 Cn.

176 2092 283 2134 Hujus
295 2091 402 2124 solius.
445 2092 503 2124 So.
526 2090 581 2123 An
597 2102 662 2123 non
678 2092 786 2123 timere
803 2092 896 2123 decet
910 2091 1169 2134 vituperationes,
1184 2097 1216 2122 et
1231 2097 1340 2134 optare
1353 2091 1461 2122 laudes
1474 2090 1559 2122 illius
1575 2090 1645 2120 uni-

177 2144 214 2178 us
231 2147 345 2189 potius,
359 2157 453 2189 quam
469 2146 658 2178 multorum?
705 2146 771 2178 Cn.
794 2146 908 2179 Procul
922 2146 1031 2179 dubio.
1076 2146 1133 2178 So.
1156 2146 1227 2178 Hac
1239 2146 1346 2188 itaque
1358 2145 1478 2176 ratione
1490 2144 1537 2176 illi
1547 2154 1645 2185 agen—

177 2201 251 2232 dum
264 2206 323 2238 est,
337 2202 620 2244 exercendamque,
635 2205 668 2232 et
682 2200 841 2232 edendum
857 2205 951 2242 atque
966 2200 1149 2238 bibendum,
1172 2210 1236 2243 qua
1250 2199 1297 2230 illi
1311 2199 1404 2230 unico
1419 2198 1575 2239 videatur,
1590 2197 1645 2239 qui

177 2255 346 2297 praesideat
359 2254 592 2298 intelligatque,
606 2255 710 2297 potius
726 2265 833 2297 quam,
848 2259 884 2286 ut
899 2255 1022 2286 videtur
1034 2254 1142 2296 vulgo.
1187 2253 1252 2286 Cn.
1276 2253 1360 2285 Vera
1374 2254 1442 2284 haec
1457 2257 1540 2284 sunt.
1584 2252 1642 2284 So.

177 2309 265 2347 Quid
281 2319 365 2348 vero,
379 2309 406 2341 si
422 2309 468 2341 illi
483 2309 537 2340 uni
551 2319 614 2340 non
630 2314 748 2351 pareat,
764 2308 1011 2351 opinionemque
1026 2308 1096 2350 ejus
1110 2313 1143 2339 et
1157 2307 1445 2339 commendationes
1459 2306 1549 2338 nihili
1565 2316 1642 2348 pen-

177 2362 246 2404 dat,
269 2363 402 2395 honoret
416 2373 488 2394 vero
515 2362 602 2404 vulgi
628 2362 891 2404 ignorantumque
915 2361 1214 2399 commendationes,
1238 2361 1383 2403 nunquid
1406 2371 1426 2392 a
1452 2360 1535 2391 malo
1557 2364 1643 2390 tutus

176 2415 260 2448 erit?
304 2417 369 2450 Cn.
393 2417 538 2448 Minime.
583 2417 641 2450 So.
666 2417 753 2454 Quid
768 2421 873 2448 autem
886 2421 933 2448 est
948 2415 980 2447 id
997 2416 1126 2454 malum,
1141 2421 1174 2447 et
1187 2426 1323 2458 quonam
1337 2416 1448 2453 tendit,
1461 2415 1533 2446 etin
1548 2424 1642 2456 quam

177 2479 243 2501 non
268 2470 443 2503 obedientis
467 2471 609 2513 partem?
654 2471 718 2503 Cn.
740 2470 781 2502 In
806 2481 919 2513 corpus
934 2470 1082 2502 videlicet
1095 2482 1105 2510 ;
1128 2470 1188 2502 hoc
1214 2470 1298 2501 enim
1324 2469 1542 2511 corrumpitur.
1586 2468 1643 2499 So.

178 2523 281 2556 Recte
296 2524 386 2556 dicis.
429 2524 549 2556 Nonne
563 2530 596 2556 et
610 2525 650 2556 de
666 2525 750 2566 aliis,
764 2535 784 2556 o
800 2525 900 2563 Crito,
921 2525 1032 2556 eadem
1057 2525 1136 2556 ratio
1159 2525 1228 2556 est?
1273 2523 1326 2555 Ne
1352 2523 1460 2555 omnia
1482 2532 1641 2565 percurra-

179 2588 264 2609 mus:
289 2578 330 2609 de
341 2578 435 2620 justis
450 2578 576 2620 inquam
587 2578 788 2621 injustisque,
802 2580 843 2611 de
858 2579 1002 2621 turpibus
1016 2583 1050 2610 et
1064 2579 1215 2620 honestis,
1242 2579 1394 2620 bonisque
1420 2583 1452 2609 et
1477 2577 1577 2613 malis,
1601 2576 1641 2607 de

177 2632 291 2674 quibus
307 2633 338 2663 in
355 2632 520 2674 praesentia
535 2633 624 2663 nobis
639 2633 828 2664 consultatio
844 2639 903 2671 est,
925 2639 1027 2664 utrum
1043 2633 1209 2664 multorum
1226 2633 1410 2675 opinionem
1424 2631 1514 2673 sequi
1531 2631 1642 2662 vereri-

177 2696 240 2727 que
255 2687 436 2727 debeamus,
451 2696 492 2716 an
509 2686 599 2717 unius
616 2687 731 2728 potius,
747 2688 802 2730 qui
816 2688 982 2729 intelligat,
998 2698 1092 2729 quem
1108 2688 1201 2719 decet
1209 2693 1241 2718 et
1255 2688 1391 2718 venerari
1407 2692 1440 2718 et
1455 2687 1561 2716 timere
1578 2695 1643 2714 ma-

177 2740 238 2782 gis,
251 2751 344 2782 quam
361 2746 492 2772 cunctos
513 2740 600 2772 alios.
624 2740 676 2772 eui
690 2740 751 2772 nisi
775 2742 1102 2783 obtemperaverimus,
1127 2742 1275 2772 laedemur
1297 2746 1329 2772 et
1351 2749 1582 2781 corrumpemur
1607 2739 1642 2768 in

176 2805 228 2832 ee,
241 2796 325 2837 quod
338 2794 426 2836 justo
441 2795 568 2837 quidem
583 2794 692 2825 melius
708 2794 786 2831 fieri,
801 2795 919 2836 injusto
935 2802 1039 2827 autem
1063 2796 1218 2837 corrumpi
1233 2796 1342 2828 soleat.
1367 2804 1406 2825 an
1423 2794 1499 2824 nihil
1521 2793 1553 2823 id
1568 2797 1614 2823 est
1631 2792 1642 2822 ?

178 2848 243 2880 Cn.
265 2849 304 2880 Id
319 2849 459 2890 quidem,
476 2859 494 2879 o
510 2849 666 2890 Socrates,
682 2847 821 2881 arbitror.
866 2850 923 2882 So.
947 2849 1017 2891 Age
1039 2859 1124 2887 ver0,
1149 2850 1174 2880 si
1190 2849 1235 2886 id,
1250 2850 1334 2891 quod
1350 2859 1368 2879 a
1385 2848 1497 2879 salubri
1513 2847 1640 2888 quidem

178 2902 214 2932 fit
230 2903 350 2941 melius,
366 2904 405 2934 ab
427 2903 573 2934 insalubri
590 2913 662 2933 vero
677 2902 895 2944 corrumpitur,
920 2903 1160 2945 corruperimus,
1183 2903 1396 2946 imperitorum
1421 2902 1524 2943 potius
1547 2910 1640 2941 quam

178 2956 347 2997 peritorum
364 2957 495 3000 sequuti
499 2957 635 2999 judicia,
663 2967 702 2988 au
720 2957 810 2988 uobis
824 2968 862 2989 eo
878 2958 1036 2991 destructo
1052 2958 1218 2991 vivendum
1239 2958 1296 2989 erit
1310 2958 1321 2988 ?
1344 2962 1392 2988 est
1407 2960 1509 2986 autem
1526 2954 1558 2985 id
1574 2964 1641 2986 cor-
