1846 3268
189 273 288 324 281]
729 262 1118 307 EUTHYDEMUS.
1480 306 1484 313 ,
1569 269 1646 309 293

187 375 366 409 scribendas
394 379 459 406 turn
489 370 638 416 legendas
666 371 779 403 attinet
793 372 804 402 ἓ
862 370 1002 406 Prorsus.
1063 366 1228 413 Sapientes
1265 378 1392 413 quoque
1428 370 1650 413 gubernatores

189 416 330 472 optatum
343 427 548 470 naxigationis
565 430 686 469 portum
701 436 764 467 prae
779 424 891 457 ceteris
901 425 1130 466 assequuntur?
1174 424 1225 456 Ita
1240 429 1298 456 est.
1341 423 1412 456 Nec
1423 434 1488 456 non
1499 423 1575 456 belli
1585 426 1649 457 dux

163 494 165 496 ’
189 483 325 525 sapiens,
341 484 425 524 quod
447 482 486 512 ad
503 480 643 512 militiam
660 483 793 521 spectat,
810 478 947 510 securius
969 477 1099 520 expedit
1113 489 1121 510 z
1147 483 1180 509 et
1193 489 1264 510 curn
1287 478 1341 510 illo
1357 478 1455 510 tutius
1468 488 1563 520 quam
1578 488 1650 510 cum

187 537 285 579 [280]
307 537 468 579 ignorante
481 533 652 566 militabis?
697 532 829 575 Absque
853 532 962 564 dubio.
1008 531 1049 562 Et
1063 532 1189 573 sapiens
1210 532 1350 564 medicus
1371 533 1410 563 ad
1427 536 1566 574 optatam
1583 542 1651 564 cor-

189 590 270 632 poris
285 590 496 622 valetudinem
520 588 630 620 melius
646 599 738 630 quam
755 587 907 629 insipiens
930 592 960 617 te
976 587 1138 628 perducet,
1162 591 1260 628 tuque
1284 587 1418 628 teipsum
1434 586 1582 618 libentius
1606 586 1651 617 illi

186 644 384 675 committes?
429 643 534 676 Certe.
579 642 631 673 An
654 642 739 678 ideo,
763 642 847 682 quod
871 646 997 682 putares
1018 639 1141 671 felicius
1163 645 1195 671 et
1216 640 1255 671 ad
1273 644 1378 671 votum
1397 640 1561 681 sapientiae
1574 651 1648 672 curn

185 696 240 729 illo
257 697 353 738 magis
369 698 424 728 tibi
438 707 486 729 res
500 696 720 728 successuras?
766 694 946 727 consensit.
991 694 1153 735 Sapientia
1176 693 1270 735 igitur
1291 693 1436 725 omnibus
1450 694 1593 726 humanis
1615 695 1648 725 in

185 751 277 782 rebus
302 751 417 783 felices
434 761 502 788 nos,
529 750 562 781 id
589 755 638 781 est
661 750 727 781 voti
751 753 926 790 compotes,
946 748 1053 780 efficit.
1077 758 1180 789 neque
1195 747 1278 779 enim
1294 749 1415 779 aberrat
1430 758 1566 790 unquam
1588 759 1649 780 nec

183 804 300 836 fallitur
312 805 467 847 sapientia
481 805 556 841 ulla,
573 805 628 836 sed
652 809 736 835 recte
758 813 838 845 opus
861 802 982 844 peragit
1003 806 1097 843 atque
1119 802 1311 843 assequitur:
1335 802 1475 843 alioquin
1492 802 1649 844 sapientia

184 858 272 890 nulla
285 864 377 892 esset.
421 859 634 892 Convenimus
657 858 783 889 tandem
806 856 913 888 nescio
935 856 1106 898 quomodO,
1130 855 1174 887 ita
1189 856 1366 887 summatim
1381 866 1449 888 esse
1463 857 1647 893 dicendum,

183 918 337 954 praesente
352 913 504 955 sapientia
518 913 602 944 haud
618 912 747 943 ulterius
763 910 944 943 felicitatem
960 905 1141 942 desiderari.
1186 909 1246 941 His
1261 921 1332 942 vero
1347 910 1504 942 concessis
1527 921 1647 942 rursum

183 965 271 997 illum
287 971 487 1008 percontatus
504 960 676 1008 sum‚'quid
692 966 732 997 de
747 965 806 1002 his,
822 975 893 1007 quae
909 974 1002 1006 supra
1015 974 1164 996 concessa
1177 964 1312 1001 fuerant,
1328 964 1522 996 sentiremus.
1559 965 1646 997 Con-

183 1019 258 1051 fessi
273 1021 354 1051 enirn
370 1031 487 1057 sumus,
513 1020 539 1051 si
554 1020 653 1051 multa
676 1020 766 1050 nobis
789 1023 861 1050 sunt
884 1019 976 1054 bona,
999 1019 1080 1050 bene
1095 1019 1247 1060 beateque
1269 1029 1327 1049 nos
1342 1019 1456 1051 vivere.
1499 1019 1649 1051 Admisit.

185 1071 271 1104 Num
288 1074 378 1106 beate
393 1074 522 1105 vivimus
537 1079 664 1116 propter
679 1073 844 1115 praesentia
868 1073 961 1110 bona,
982 1073 1009 1103 si
1024 1072 1100 1103 nihil
1117 1077 1250 1114 prosunt
1265 1073 1366 1110 nobis,
1382 1083 1422 1104 an
1447 1073 1475 1105 si
1490 1080 1621 1116 prosunt
1634 1075 1646 1106 ?

185 1127 219 1158 Si
235 1133 376 1169 prosunt,
392 1129 447 1160 ait.
492 1127 545 1159 An
555 1138 627 1159 vero
643 1128 807 1159 conferunt
821 1126 1000 1168 quicquam,
1017 1126 1041 1157 si
1057 1127 1206 1158 habemus
1217 1127 1270 1157 illa
1284 1128 1448 1165 duntaxat,
1465 1137 1524 1159 nec
1540 1134 1644 1161 tamen

185 1180 324 1212 utimur?
369 1181 477 1213 Veluti
502 1182 528 1213 si
552 1181 661 1223 epulas
685 1181 797 1211 multas
827 1181 1003 1222 poculaque
1029 1180 1190 1217 habemus,
1216 1190 1276 1212 nec
1305 1180 1478 1222 vescimur3
1500 1183 1644 1224 nunquid

179 1234 318 1276 juvant?
341 1235 442 1268 Nihil.
466 1236 619 1267 Praeterea
635 1236 661 1267 si
677 1235 845 1266 artificibus
861 1234 1003 1276 exposita
1018 1234 1081 1265 sint
1097 1239 1332 1276 praeparataque
1347 1235 1471 1277 singula
1487 1237 1526 1267 ad
1541 1236 1644 1279 ipsum

184 1299 264 1330 opus
279 1290 515 1331 perficiendum,
530 1290 589 1332 ipsi
605 1300 676 1321 vero
693 1300 755 1320 non
773 1294 899 1320 utantur
913 1299 921 1327 3
944 1298 1018 1319 num
1034 1289 1114 1319 benc
1130 1293 1224 1330 agent
1240 1293 1366 1331 propter
1377 1289 1477 1331 ipsam
1492 1291 1647 1323 duntaxat

183 1343 408 1383 possessionem
425 1354 542 1381 eorum,
558 1354 629 1385 quae
644 1344 683 1374 ad
701 1343 925 1384 perfectionem
942 1342 1045 1383 operis
1060 1342 1257 1384 requiruntur
1271 1343 1282 1373 ?
1304 1354 1363 1375 ceu
1379 1343 1404 1374 si
1419 1343 1506 1376 fabro
1521 1355 1646 1388 praepa-

181 1399 247 1426 rata
261 1396 323 1427 sint
333 1396 537 1428 instrumenta
551 1397 667 1434 omnia,
678 1397 824 1438 lignaque
835 1395 1024 1427 sufficienter
1035 1397 1187 1437 exposita,
1198 1396 1266 1438 ipse
1277 1407 1350 1428 vero
1364 1397 1441 1429 nihil
1455 1399 1623 1431 fabricetur
1635 1412 1643 1440 ;

181 1449 324 1490 nunquid
350 1450 418 1492 ipsa
440 1451 636 1492 possessione
657 1450 842 1492 juvabitur?
887 1449 987 1482 Nullo
1014 1455 1120 1491 pacto,
1149 1450 1264 1492 inquit.
1309 1451 1395 1488 Quid
1418 1455 1512 1486 vero?
1535 1454 1560 1485 si
1575 1456 1646 1497 quis

181 1502 318 1540 divitias,
334 1511 366 1534 et
382 1505 463 1535 bona
479 1515 548 1546 quae
564 1504 698 1535 diximus
720 1504 825 1536 omnia
839 1509 963 1541 nactus,
983 1513 1183 1546 nequaquam
1209 1510 1324 1542 utatur,
1337 1508 1481 1549 nunquid
1497 1509 1556 1540 erit
1577 1511 1646 1552 ipsa

181 1557 334 1589 bonorum
349 1559 544 1600 possessione
559 1559 690 1590 beatus?
729 1559 876 1596 Minime,
893 1569 912 1590 o
926 1559 1080 1590 Socrates.
1118 1558 1254 1600 Oportet
1268 1560 1375 1602 itaque
1391 1561 1490 1600 illurn,
1506 1563 1646 1606 inquam,

179 1612 237 1655 qui
253 1609 497 1644 beatus‘suturus
511 1618 570 1650 est,
585 1623 648 1644 non
673 1614 773 1644 solum
797 1614 879 1644 bona
903 1612 1082 1654 hujusmodi
1106 1613 1276 1654 possidere,
1299 1615 1353 1645 sed
1378 1615 1435 1646 uti.
1458 1617 1535 1648 nihil
1559 1618 1644 1651 enirn

181 1666 248 1698 sola
263 1666 417 1708 possessio
428 1666 532 1708 juvat.
579 1667 661 1699 Vera
676 1667 823 1708 loqueris.
867 1666 953 1698 Num
977 1666 1132 1708 possessio
1155 1677 1290 1709 ususque
1312 1668 1476 1707 bonorum,
1492 1681 1510 1701 ο
1527 1671 1644 1711 Clinia,

181 1721 222 1751 ab
239 1720 329 1752 beate
344 1720 509 1751 vivendum
527 1721 662 1752 sufficit?
707 1720 791 1752 Mihi
807 1721 932 1763 quidem
950 1721 1080 1753 videtur.
1126 1721 1238 1752 Utrum
1253 1722 1298 1752 ita
1314 1722 1404 1758 dicis,
1426 1723 1450 1754 si
1464 1725 1559 1757 modo
1575 1727 1645 1768 quis

181 1779 265 1806 recte
282 1778 397 1815 utatur,
421 1784 460 1805 an
483 1775 576 1806 etiarn
593 1775 618 1806 si
633 1785 697 1806 non
713 1775 820 1807 recte?
866 1774 899 1806 Si
922 1779 1016 1806 recte.
1062 1774 1164 1806 Probe
1188 1775 1335 1817 loqueris.
1358 1776 1452 1819 longe
1467 1788 1603 1822 namque
1625 1792 1644 1812 a

180 1828 385 1866 beatitudine,
403 1833 437 1859 ut
451 1828 588 1865 arbitror,
605 1829 735 1861 alienior
749 1834 808 1867 est,
823 1828 877 1871 qui
894 1828 1051 1871 aliquibus
1066 1829 1217 1870 abutitur,
1233 1840 1325 1871 quarn
1343 1831 1398 1872 qui
1413 1831 1555 1866 dimittit.
1589 1834 1644 1867 Illi

179 1882 333 1924 siquidem
349 1882 430 1913 mala
444 1889 517 1913 sunt
533 1894 540 1914 :
564 1883 615 1914 isti
630 1894 688 1915 nec
713 1884 795 1915 bona
811 1887 882 1914 sunt
897 1893 1001 1924 neque
1016 1883 1108 1914 mala.
1134 1882 1230 1925 [281]
1255 1894 1361 1916 nonne
1383 1885 1426 1916 ita
1448 1887 1616 1920 dicendum
1631 1889 1643 1920 ?

178 1936 338 1967 Probavit.
380 1936 534 1978 Nunquid
549 1937 581 1967 in
597 1937 765 1969 effectione
777 1942 810 1968 et
824 1949 881 1969 usu
897 1937 979 1969 circa
994 1937 1078 1979 ligna
1093 1936 1177 1968 aliud
1195 1943 1305 1979 praeter
1316 1939 1456 1970 fabrilem
1466 1941 1642 1981 scientiam,

178 1995 262 2022 recte
276 1991 321 2021 uti
335 1990 477 2032 singulis,
492 1991 587 2022 efficit
601 1992 612 2022 ?
657 1991 732 2024 Non
749 1991 847 2023 aliud.
891 1991 977 2029 Quin
992 1992 1085 2022 etiam
1101 1991 1184 2023 circa
1197 2002 1271 2023 vasa
1292 1993 1501 2033 conficienda,
1523 2001 1643 2028 rectum

178 2055 267 2076 usum
291 2045 422 2076 scientia
447 2046 596 2087 praestat?
643 2045 776 2078 Annuit.
824 2045 941 2077 Nonne
971 2050 1003 2077 et
1030 2046 1113 2078 circa
1142 2055 1232 2077 usum
1263 2047 1427 2085 bonorum,
1453 2059 1524 2091 quae
1549 2060 1644 2092 supra

177 2098 349 2136 retulimus,
378 2098 568 2137 divitiarum,
595 2099 736 2131 sanitatis
758 2105 791 2131 et
813 2100 931 2137 formae,
954 2100 1088 2131 scientia
1109 2100 1179 2141 ipsa
1193 2101 1256 2131 dux
1271 2105 1349 2139 erat,
1363 2102 1481 2133 docens
1497 2109 1580 2136 recte
1595 2104 1643 2136 his

178 2151 236 2189 uti,
251 2152 472 2194 actionemque
486 2153 647 2194 dirigens?
693 2154 833 2186 Prorsus.
878 2154 952 2185 Non
969 2154 1068 2185 solum
1091 2154 1186 2195 igitur
1204 2165 1382 2196 prosperam
1407 2166 1506 2187 rerum
1530 2168 1642 2190 conse-

177 2206 349 2247 cutionem,
379 2207 433 2238 sed
463 2212 495 2237 et
520 2207 633 2238 bonam
663 2208 831 2246 actionem,
856 2213 892 2239 ut
916 2208 1048 2244 videtur,
1074 2207 1106 2238 in
1134 2208 1220 2239 omni
1244 2209 1441 2250 possessione
1455 2211 1642 2254 actioneque

144 2259 148 2263 ”
177 2261 357 2292 horninibus
372 2260 504 2292 scientia
519 2261 648 2303 praebet.
681 2261 837 2294 Assensus
852 2267 911 2294 est.
947 2261 999 2293 An
1015 2267 1063 2294 est
1079 2262 1154 2299 ulla,
1169 2273 1224 2303 per
1237 2263 1325 2300 deos,
1341 2274 1377 2294 ex
1394 2265 1642 2304 possessionibus

176 2314 244 2346 aliis
256 2315 373 2356 absque
390 2315 555 2356 prudentia
565 2316 783 2358 sapientiaque
796 2316 915 2348 utilitas
927 2316 938 2347 ?
955 2321 1023 2348 uter
1035 2317 1143 2347 horum
1155 2315 1302 2358 majorem
1314 2322 1450 2359 reportat
1462 2318 1642 2357 utilitatem,

177 2378 217 2399 an
234 2369 288 2410 qui
304 2374 407 2400 mente
422 2373 534 2410 captus
549 2374 608 2407 est,
626 2370 729 2401 multis
745 2375 847 2402 tamen
864 2371 954 2401 rebus
971 2371 1111 2401 abundat
1127 2369 1285 2412 multaque
1300 2369 1399 2403 facit?
1414 2382 1453 2402 an
1469 2373 1523 2414 qui
1540 2383 1641 2414 pauca

176 2422 254 2454 facit
268 2427 301 2454 et
315 2422 466 2464 possidet,
483 2423 594 2454 mentis
608 2434 738 2465 compos
750 2424 761 2455 ?
806 2423 858 2455 Sic
874 2429 976 2455 autern
993 2424 1165 2456 considera.
1211 2423 1328 2456 Nonne
1340 2425 1392 2467 qui
1405 2426 1552 2467 pauciora
1563 2426 1641 2469 agit,

177 2477 273 2507 rarius
287 2477 390 2508 errat?
413 2477 516 2507 minus
537 2487 651 2515 errans,
667 2477 770 2509 minus
787 2477 851 2520 agit
866 2478 971 2509 male?
996 2478 1097 2508 minus
1120 2477 1200 2509 male
1215 2488 1322 2520 agens,
1338 2479 1441 2511 minus
1463 2486 1512 2511 est
1525 2481 1641 2512 miser?

178 2529 330 2569 Omnino,
344 2529 460 2571 inquit.
506 2530 578 2568 Quo
594 2536 697 2562 autem
714 2532 807 2563 modo
823 2532 892 2573 quis
909 2531 1056 2574 pauciora
1071 2532 1168 2562 facit?
1190 2533 1332 2574 nunquid
1350 2533 1375 2564 si
1391 2544 1512 2576 pauper
1525 2540 1584 2572 est,
1600 2544 1641 2566 an

179 2583 203 2613 si
219 2582 331 2614 dives?
376 2583 408 2614 Si
426 2594 552 2626 pauper.
598 2585 710 2616 Utrum
733 2585 759 2616 si
775 2586 900 2623 debilis,
923 2596 963 2616 an
987 2585 1013 2616 si
1036 2586 1202 2616 robustus?
1247 2586 1282 2617 Si
1307 2587 1431 2619 debilis.
1477 2589 1588 2620 Utrum
1615 2590 1641 2621 si

179 2637 359 2673 honoratus,
375 2647 414 2667 an
427 2637 453 2668 si
469 2637 632 2677 abjectus?
656 2639 689 2670 Si
702 2638 856 2680 abjectus.
880 2640 992 2672 Utrum
1009 2639 1034 2670 si
1050 2639 1137 2670 fortis
1152 2645 1185 2671 et
1199 2644 1385 2682 temperans,
1401 2642 1466 2684 agit
1480 2643 1641 2684 pauciora,

178 2699 218 2721 an
246 2690 272 2721 si
298 2690 449 2721 timidus?
493 2690 528 2721 Si
554 2691 691 2723 timidus.
736 2692 854 2724 Nonne
880 2699 913 2725 et
938 2693 1027 2735 piger
1051 2693 1154 2724 minus
1175 2693 1281 2731 efficit,
1296 2705 1389 2737 quam
1405 2696 1579 2738 promptior
1601 2698 1642 2728 ad

178 2744 359 2786 agendum?
403 2743 551 2778 Admisit.
597 2745 640 2776 Et
665 2746 782 2784 tardus,
805 2757 899 2789 quam
922 2747 1038 2778 velox?
1060 2747 1156 2778 hebes
1182 2748 1221 2778 ad
1247 2747 1347 2779 visum
1372 2754 1467 2791 atque
1488 2750 1641 2787 auditum,

178 2807 273 2839 quarn
288 2798 422 2829 acutus?
467 2798 582 2830 Omnia
603 2800 671 2831 haec
691 2800 774 2831 inter
794 2811 852 2832 nos
875 2806 1102 2833 convenerunt.
1146 2801 1237 2834 Tunc
1261 2812 1335 2834 vero
1358 2803 1441 2835 hunc
1463 2803 1497 2834 in
1512 2805 1640 2835 modum

178 2861 351 2882 sermonem
366 2852 554 2893 superlorem
569 2853 730 2884 conclusi:
753 2853 852 2885 Nulla
866 2865 903 2885 ex
919 2855 977 2891 his,
1003 2865 1022 2885 o
1038 2854 1153 2892 Clinia,
1178 2865 1249 2898 quae
1264 2857 1347 2887 bona
1368 2857 1640 2899 nuncupabamus,

179 2915 212 2935 se
227 2904 304 2946 ipsis
318 2906 400 2936 bona
416 2917 483 2937 esse
500 2906 653 2938 videntur.
677 2908 772 2938 immo
789 2908 832 2939 sic
847 2909 1016 2940 dicendum
1031 2914 1155 2940 constat
1169 2921 1178 2941 ι
1200 2910 1231 2941 Si
1246 2910 1307 2941 illis
1321 2911 1447 2942 inscitia
1463 2911 1579 2952 praesit,
1600 2921 1638 2942 eo

178 2958 333 2990 deteriora
348 2969 415 2991 esse
430 2970 523 3002 quani
540 2960 660 2992 illorum
677 2962 843 3001 contraria,
859 2973 922 3005 quo
939 2963 1031 2996 modo
1049 2963 1172 2996 uberius
1194 2964 1335 3006 improbo
1350 2964 1425 2996 duci
1449 2964 1637 2996 adminicula
