1846 3268
235 277 315 316 :380
729 332 731 334 q
830 270 1101 311 PLA‘roms
1605 271 1707 324 [280

227 379 382 417 Socrates,
396 378 459 411 nisi
472 377 550 421 quid
564 377 649 409 aliud
671 376 705 408 in
732 379 878 417 promptu
904 375 1068 412 habemus,
1082 374 1210 406 texendi
1239 379 1335 406 artem
1348 374 1522 416 eligamus?
1545 384 1610 407 non
1625 374 1698 406 uni-

228 443 347 466 versam
363 433 491 475 quidem
507 445 514 463 :
538 431 671 462 sufficiet
686 430 783 471 enim,
798 433 833 460 ut
847 427 991 467 arbitror,
1001 427 1183 461 lanificium.
1206 428 1286 460 forte
1298 439 1432 470 namque
1446 439 1516 470 pars
1523 428 1591 460 haee
1599 427 1701 460 electa

231 488 318 529 quod
333 487 478 529 cupimus
493 485 659 517 indicabit.
703 483 758 515 So.
781 482 929 519 Quidni?
976 481 1084 513 Hose.
1107 481 1172 513 Cur
1187 492 1262 519 non,
1278 487 1314 513 ut
1335 483 1476 524 superius
1501 483 1702 524 unumquod·

232 552 295 584 que
310 541 343 572 in
358 541 491 583 partium
510 544 612 581 partes
626 537 857 576 dividebamus‚
879 535 923 566 ita.
939 535 1032 566 modo
1052 534 1134 566 circa
1149 536 1275 567 texendi
1291 541 1387 567 artem
1404 536 1547 573 fecimus,
1559 540 1593 568 et
1606 546 1702 578 quam

230 595 409 627 brevissime
425 599 602 636 poteramus
618 592 724 624 omnia
737 590 956 631 transigentes,
971 589 1057 631 quod
1083 589 1124 619 ad
1140 589 1333 631 propositum
1349 590 1514 630 conducit,
1528 589 1702 632 elegimus?

233 649 290 682 So.
314 648 489 687 Quomodo
505 647 633 688 inquis?
670 645 777 677 Hosr.
802 643 943 675 Efficiam
961 648 995 674 ut
1008 642 1165 675 discursus
1180 644 1330 676 sermonis
1343 644 1411 686 ipse
1427 644 1484 675 tibi
1499 643 1700 686 respondeat.

233 703 287 734 So.
310 702 462 734 Praeclare
478 701 626 743 loqueris.
671 699 780 731 Hosr».
806 698 921 729 Eorum
937 707 1008 739 quae
1021 697 1153 728 facimus
1167 702 1200 729 et
1216 698 1422 739 possidemus,
1434 698 1578 740 quaedam
1601 698 1701 740 gratia

233 757 351 798 aliquid
368 756 485 798 agendi
503 759 662 797 parantur,
678 753 823 796 quaedam
840 752 987 783 adversus
1004 751 1164 793 passiones
1180 757 1251 783 sunt
1267 752 1513 794 propugnacula.
1558 751 1701 792 Propug-

232 811 415 843 nacnlorum
431 815 534 842 autem
551 809 613 841 alia
626 808 762 840 remedia
778 811 862 843 sunt,
880 811 942 836 tam
960 805 1066 836 divina
1080 815 1174 847 quam
1189 807 1346 837 humana:
1370 805 1432 837 alia
1445 817 1518 837 vero
1529 805 1703 837 obstacula.

234 865 476 898 Obstaculorum
491 864 550 895 alia
568 862 708 895 militaris
723 866 890 902 armatura,
907 860 968 890 alia
983 859 1243 891 circumvallatio.
1285 859 1615 892 Circumvallationum
1630 869 1703 891 vero

233 914 296 946 alia
311 914 477 951 velamina,
493 914 554 944 alia
580 914 728 945 adversus
751 919 860 945 aestum
885 915 1044 955 frigusque
1068 913 1269 945 munitiones.
1313 914 1530 945 Munitionum
1553 913 1615 944 alia
1640 919 1707 955 teg-

234 974 340 1000 menta
355 973 387 1000 et
402 967 585 1005 retinacula,
601 967 662 998 alia
687 968 893 1009 operimenta.
937 967 1210 1009 operimentorum
1234 968 1378 1008 quaetlam
1406 967 1603 1007 suffulciunt,
1617 978 1706 1009 quae-

234 1022 308 1053 (lam
323 1021 594 1053 circumambiunt.
639 1021 769 1058 Eorum,
785 1032 856 1063 quze
872 1021 1143 1058 circumambiunt‚
1160 1021 1221 1052 alia
1236 1020 1402 1062 simplicia,
1414 1019 1475 1051 alia
1484 1030 1557 1052 vero
1566 1020 1708 1063 duplicia

234 1081 330 1118 atque
355 1076 542 1118 composita.
587 1074 842 1117 Compositorum
867 1074 929 1106 alia
953 1075 1121 1116 perforata,
1143 1074 1206 1106 alia
1231 1074 1299 1106 sine
1321 1074 1530 1116 perforatione
1550 1084 1703 1108 connexm

236 1130 357 1162 Horum
375 1141 447 1162 vero
473 1130 618 1172 quandam
647 1140 759 1162 nervea
787 1134 872 1166 sunt,
897 1140 934 1161 ex
962 1130 1010 1160 liis
1036 1140 1106 1171 quae
1133 1134 1213 1160 terra
1234 1134 1415 1166 nascuntur,
1439 1129 1583 1170 quaedam
1609 1129 1705 1170 pilea.

236 1185 326 1217 Pilea
351 1196 424 1216 vero
453 1184 563 1226 partim
587 1194 670 1225 aqua
694 1189 727 1214 et
749 1189 829 1214 terra
851 1184 1081 1226 conglutinata,
1098 1183 1210 1225 partim
1234 1183 1357 1214 sibimet
1380 1181 1513 1214 invicem
1539 1187 1612 1214 sunt
1631 1193 1709 1214 con-

236 1250 328 1271 nexa.
373 1239 433 1270 His
461 1238 601 1280 profecto
628 1238 849 1279 repugnaculis
875 1237 1141 1279 fulcimentisque,
1165 1248 1235 1279 quae
1261 1247 1299 1268 ex
1322 1237 1441 1268 eisdem
1457 1236 1612 1278 colligatis
1631 1247 1711 1268 con-

237 1295 322 1325 fecta
351 1298 436 1334 sunt,
460 1303 574 1323 nomen
605 1296 707 1323 vestes
735 1291 953 1334 imposuimus.
1014 1291 1123 1323 Artem
1154 1302 1237 1328 vero,
1266 1302 1338 1333 quae
1368 1291 1500 1322 maxime
1528 1290 1612 1322 circa.
1638 1301 1710 1322 ves-

239 1353 287 1379 tes
310 1352 460 1385 versatur,
488 1347 527 1377 ab
554 1346 623 1388 ipsa
653 1346 784 1377 vestium
813 1346 981 1378 effectione
1007 1346 1177 1378 vestificam
1209 1345 1417 1387 appellemus,
1444 1345 1721 1387 quemadmodum¹

238 1401 438 1443 disciplinam
469 1400 606 1431 civitatis
631 1400 870 1441 procuratricem
905 1399 1003 1442 [280]
1027 1401 1066 1430 ab
1089 1400 1158 1441 ipsa
1182 1399 1310 1431 civitate
1338 1399 1462 1431 civilem
1493 1399 1711 1431 denominavi-

237 1466 306 1487 mus
320 1467 328 1486 :
353 1455 557 1496 dicamusque
587 1454 749 1485 textoriam
773 1455 967 1490 facultatem,
993 1459 1148 1495 quatenus
1171 1455 1305 1485 maxima
1333 1464 1372 1485 ex
1392 1458 1479 1495 parte
1505 1458 1605 1484 vestes
1630 1463 1708 1485 con-

238 1509 329 1546 texit,
345 1509 444 1540 nihilo
457 1508 519 1539 alio
535 1508 594 1539 nisi
609 1508 735 1540 nomine
755 1508 878 1540 differre
895 1510 934 1540 ab
947 1507 1020 1544 ista,
1033 1519 1126 1550 quam
1142 1508 1311 1539 vestificam
1327 1507 1558 1539 nominavimus
1572 1518 1580 1538 :
1601 1517 1712 1549 quem-

239 1565 410 1596 admodum
436 1573 529 1605 supra
551 1562 667 1604 regiam
694 1563 829 1594 diximus
852 1573 871 1593 a
897 1562 991 1594 civili.
1050 1563 1106 1593 So.
1131 1561 1232 1593 Recte
1253 1562 1434 1593 admodum.
1489 1560 1599 1593 Hosi’.
1632 1560 1712 1591 Post

238 1621 307 1651 haec
325 1618 434 1660 utique
445 1617 641 1657 colligamus,
659 1616 791 1647 vestium
808 1616 968 1647 textoriam
985 1615 1120 1657 aliquem
1137 1615 1265 1646 fordtan
1282 1615 1470 1647 sufficienter
1491 1615 1607 1646 dictam
1630 1614 1711 1646 exis-

239 1674 434 1709 timaturum,
461 1671 707 1702 animadvertere
733 1681 797 1701 non
813 1670 981 1707 valentem,
1008 1670 1093 1711 quod
1120 1670 1159 1700 ab
1186 1669 1247 1707 his,
1275 1680 1345 1710 quae
1372 1679 1468 1710 prope
1492 1673 1711 1710 cooperantur,

240 1728 383 1759 nondum
399 1726 549 1757 distincta
564 1729 624 1761 est,
640 1735 659 1755 a
675 1724 781 1756 multis
796 1730 900 1755 autem
917 1723 985 1754 aliis
1002 1723 1062 1754 sibi
1078 1723 1219 1765 cognatis
1242 1723 1374 1755 discreta
1390 1723 1461 1754 fuit.
1503 1722 1559 1755 SO.
1583 1722 1709 1759 Quibus

240 1781 406 1823 cognatis?
430 1780 518 1811 dicas
534 1779 676 1810 obsecro.
714 1778 822 1809 Hosin
846 1777 972 1810 Videris
984 1783 1121 1808 mentem
1133 1787 1225 1819 supra
1235 1777 1327 1808 dictis
1340 1777 1423 1808 haud
1435 1776 1509 1808 satis
1519 1775 1718 1808 adhibuisse-

241 1836 347 1873 Quare
362 1835 487 1871 iterum,
505 1839 540 1865 ut
555 1833 690 1869 videtur,
703 1844 720 1864 a
733 1833 795 1863 fine
808 1834 847 1863 ad
862 1832 1052 1874 principium
1064 1832 1270 1863 redeundum.
1304 1831 1336 1862 Si
1348 1831 1432 1862 enim
1446 1830 1712 1872 propinquitatem

241 1889 403 1930 intelligis,
420 1889 501 1918 hanc
516 1887 623 1929 utique
639 1887 678 1917 ab
694 1887 763 1928 ipsa
777 1886 991 1922 discrevimus,
1008 1886 1084 1916 dum
1111 1890 1348 1916 stramentorum
1373 1885 1632 1927 compositionem
1645 1884 1711 1916 suf-

241 1944 426 1976 fulcimento
442 1948 474 1974 et
490 1942 607 1973 ambitu
633 1951 857 1983 separaremus,
902 1941 960 1971 So.
983 1940 1143 1981 Intelligo.
1190 1939 1297 1971 Hosv.
1320 1939 1414 1976 Quin¹
1431 1940 1525 1970 etiam
1547 1939 1712 1971 artificium

242 2008 347 2037 omne,
364 1998 449 2039 quod
466 1996 531 2027 lino
545 2001 577 2028 et
589 1996 713 2026 chordis
728 1994 933 2036 virgultisque
957 1995 1065 2030 utitur,
1081 2005 1118 2025 ac
1142 1994 1318 2024 summatim
1334 1994 1382 2024 his
1398 2004 1469 2035 quae
1485 1999 1564 2024 terra
1577 2003 1713 2025 nascun-

241 2056 303 2088 tur,
319 2061 390 2093 quas
406 2061 507 2092 nuper
522 2060 637 2081 nervea
651 2049 843 2085 vocavimus,
854 2048 921 2089 jam
937 2047 1142 2090 sejunximus.
1169 2047 1263 2077 immo
1286 2053 1318 2078 et
1342 2046 1496 2088 pileorum
1511 2046 1719 2087 compositio·

241 2115 327 2143 nem,
343 2115 463 2142 eamve,
479 2115 550 2146 quae
566 2103 754 2146 perforando
779 2108 811 2134 et
834 2103 954 2133 suendo
979 2106 1137 2144 operatur,
1152 2112 1223 2143 quae
1249 2106 1285 2132 ut
1306 2101 1473 2143 plurimum
1496 2101 1538 2132 ad
1552 2100 1723 2132 coriarium*

242 2158 380 2200 pertinet
408 2158 603 2189 facultatem.
648 2156 704 2188 So.
728 2156 867 2187 Omnino
894 2156 1034 2197 quidem.
1080 2155 1191 2187 Hosr.
1215 2155 1416 2196 Sejunximus
1442 2159 1593 2196 pra-terea
1611 2153 1723 2196 opem.

243 2218 417 2253 mentorum
434 2210 624 2253 simplicium
639 2210 814 2252 opificium,
829 2211 914 2252 quod
930 2210 1065 2251 pellibus
1082 2209 1178 2240 utitur
1192 2220 1201 2241 ι
1226 2209 1300 2240 item
1316 2214 1543 2251 tegmentorum
1558 2209 1714 2240 retinacu-

240 2257 405 2308 lorumque
422 2266 683 2302 machinamenta,
700 2270 904 2306 quotcunque
919 2265 950 2295 in
967 2264 1154 2295 aedificando
1172 2263 1272 2295 fiunt:
1298 2268 1331 2295 et
1354 2264 1390 2295 in
1412 2263 1480 2294 aliis
1503 2263 1620 2294 artibus
1643 2262 1714 2304 qui-

242 2319 428 2362 buscunque
445 2321 483 2350 ad
512 2329 662 2361 aquarum
687 2319 893 2350 retentionem
917 2319 1202 2360 repulsionemque,
1218 2328 1415 2360 quaecunque
1430 2317 1512 2349 circa
1527 2316 1716 2359 plicationes

242 2373 528 2416 inclinationesque
544 2378 576 2404 et
590 2373 744 2405 violentas
757 2373 896 2405 actiones
911 2372 1092 2404 cohibentia
1115 2383 1211 2414 opera.
1230 2372 1378 2408 reddunt,
1398 2382 1551 2413 sepesque
1563 2376 1597 2402 ct
1612 2381 1725 2402 mace--

246 2428 322 2459 riam
340 2431 520 2470 opponunt,
533 2432 566 2458 et
579 2415 722 2459 cumulos
736 2428 890 2469 quosdam
905 2426 1081 2468 objiciunt:
1106 2427 1180 2458 item
1195 2426 1416 2458 vestibulorum
1439 2425 1714 2467 cancellorumque

243 2482 415 2518 affixiones,
431 2491 502 2523 quae
515 2481 554 2512 ad
571 2481 728 2512 clavorum
745 2482 908 2513 artificium
921 2481 1068 2514 attinent.
1114 2480 1201 2518 Quin
1226 2479 1320 2512 etiam
1341 2484 1524 2511 armaturam
1541 2478 1717 2521 segregavi-

244 2530 326 2577 mus,
341 2547 412 2578 quae
429 2535 530 2578 portio
546 2541 595 2567 est
609 2536 722 2578 amplae
738 2537 895 2568 facultatis
909 2536 1004 2574 illius,
1021 2546 1091 2579 quae
1108 2535 1345 2576 propugnacula
1366 2539 1399 2566 et
1414 2533 1576 2566 obstacula
1590 2533 1716 2575 objicit.

243 2590 400 2622 Praeterea
416 2591 580 2631 magicam,
593 2601 664 2632 quae
685 2591 823 2623 remedia
846 2591 983 2633 praeber'e
1000 2601 1035 2622 se
1051 2590 1123 2621 vitae
1138 2590 1300 2621 hominum
1318 2589 1492 2630 profitetur,
1506 2588 1546 2620 ab
1560 2587 1650 2619 initio
1665 2598 1729 2619 se-.

243 2644 431 2687 paravimus.
477 2643 679 2685 Reliquimus
695 2650 801 2676 autem
817 2650 912 2676 artem
929 2645 1101 2687 quandam,
1117 2654 1187 2686 quae
1204 2644 1269 2675 visa
1289 2649 1338 2674 est
1353 2643 1407 2674 illa
1421 2653 1503 2680 esse,
1517 2653 1612 2685 quam
1627 2650 1714 2684 qu'ae·

243 2699 351 2736 rimus,
367 2697 558 2730 effectricem
581 2699 702 2731 scilicet
717 2699 970 2732 fulcimentorum
993 2700 1142 2730 adversus
1164 2698 1279 2739 frigora
1303 2697 1475 2734 laneorum,
1491 2696 1716 2738 textoriamque

244 2752 509 2795 cognominatam.
555 2752 612 2784 SO.
637 2753 785 2786 Videtur.
830 2754 937 2785 Ηοει».
962 2753 1109 2786 Ceterum
1124 2753 1278 2789 nondum,
1291 2762 1310 2782 o
1327 2762 1416 2793 puer,
1431 2750 1569 2793 perfecte
1581 2750 1628 2782 his
1647 2749 1717 2781 dic-

245 2807 286 2838 tis
301 2817 365 2838 rem
381 2805 608 2848 expedivimus.
632 2807 688 2848 qui
714 2807 797 2839 enim
821 2808 922 2850 primo
938 2807 1072 2839 vestium
1101 2807 1279 2849 aggreditur
1300 2806 1476 2844 artificium,
1491 2797 1600 2836 contra
1620 2801 1718 2844 [281]

245 2870 340 2903 quam
353 2864 453 2891 textor
463 2869 556 2901 agere
571 2859 706 2892 videtur.
751 2862 808 2894 So.
831 2861 1064 2900 Quamobrem?
1111 2861 1220 2893 Hesp,
1242 2859 1356 2891 Textor
1366 2868 1499 2901 namque
1508 2857 1718 2900 quodammo-

245 2915 289 2946 do
305 2913 477 2956 complicat
491 2918 524 2945 et
537 2915 711 2948 connectit.
755 2915 814 2949 SO.
838 2916 945 2949 Certe.
990 2916 1099 2950 Hosr.
1121 2915 1184 2947 Ille
1200 2925 1273 2947 vero
1288 2924 1359 2957 quaa
1374 2912 1466 2944 simul
1480 2912 1596 2943 inserta
1609 2916 1642 2943 et
1655 2910 1716 2943 im-

246 2967 358 3011 plicita
371 2973 457 3008 sunt,
471 2967 624 3003 dissolvit.
671 2969 728 3005 So.
753 2970 840 3010 Quid
857 2971 965 3004 istud?
1012 2970 1124 3004 Hosr.
1147 2969 1239 3014 Opus
1254 2967 1335 3011 ejus,
1351 2966 1406 3011 qui
1429 2966 1580 3001 carminat
1603 2969 1638 2999 et
1657 2964 1722 2998 dis-
