1846 3268
180 252 274 302 146]
703 252 1075 294 PARMENIDES.
1558 262 1630 300 117

177 365 239 397 que
251 365 346 386 unum
361 355 400 386 ab
412 354 547 387 essentia
562 353 773 393 distributum,
790 355 916 388 infinita
930 357 1097 389 multitudo
1113 361 1172 390 εει.
1206 349 1311 390 Patet.
1342 358 1417 390 Non
1432 361 1526 392 modo
1541 360 1635 403 igitur

178 419 274 441 unum
289 419 344 441 ens
358 407 454 440 multa
468 413 527 445 est,
551 408 606 439 sed
621 412 654 439 et
667 408 769 449 ipsum
785 419 881 441 unuin
896 411 936 441 ab
950 411 1084 442 essentia
1108 411 1321 454 distributum,
1344 414 1442 444 multa
1457 425 1524 446 esse
1539 426 1631 456 opor-

177 467 233 495 tet.
275 462 409 503 Oportet
421 472 506 492 sane.
548 460 635 498 Quin
650 461 742 492 etiam
757 473 796 493 ex
811 472 862 499 eo,
877 463 963 504 quod
979 474 1086 495 omnes
1101 469 1214 506 partes,
1231 466 1327 497 totius
1343 472 1445 508 partes
1459 473 1544 505 sunt,
1573 473 1632 499 tor-

176 515 326 546 minatum
341 515 511 546 secundum
525 519 624 545 totum
639 524 736 545 unum
751 515 821 546 erit.
842 525 883 546 an
903 526 967 546 non
989 518 1295 558 comprehenduntur
1321 530 1428 551 omnes
1443 530 1462 551 a
1477 525 1543 552 toto
1560 531 1631 562 par-

177 567 303 598 ticulae?
328 567 425 608 [145]
450 567 779 608 Comprehenduntur.
816 568 911 604 Quod
928 573 1031 600 autem
1047 572 1295 612 comprehendit,
1310 573 1459 604 terminus
1473 578 1532 606 est.
1564 573 1633 606 Est.

176 621 350 662 Propterea
363 631 458 651 unum
474 630 541 661 enS,
555 631 652 650 unum
667 621 899 661 quodammodo
915 627 962 654 est
973 627 1006 653 et
1020 622 1128 660 multa,
1144 628 1307 667 totumque
1320 631 1353 658 et
1367 632 1484 669 partes,
1497 637 1555 659 nec
1571 637 1635 658 non

176 674 299 704 finitum
324 678 358 705 et
374 673 573 704 multitudine
595 673 762 705 infinitum.
787 674 941 716 Apparet.
964 675 1094 713 Nonne,
1117 686 1189 708 cum
1204 679 1401 711 terminatum
1421 681 1473 717 sit,
1497 685 1633 711 extrema

175 738 301 769 quoque
316 727 433 758 habet?
455 726 674 758 Necessarium
689 732 748 758 est.
771 727 939 765 Praeterea,
954 729 981 759 si
996 734 1095 759 totum
1111 734 1170 767 est,
1186 730 1374 773 principium
1389 734 1588 775 mediumque
1599 739 1633 765 et

175 780 269 811 finem
285 780 436 811 habebit?
459 790 534 810 num
550 785 650 811 totum
666 780 785 822 aliquid
802 781 919 822 absque
933 781 981 812 his
997 782 1094 813 tribus
1109 784 1237 824 reperiri
1252 787 1380 825 potest?
1403 791 1436 817 et
1450 787 1475 817 si
1490 787 1566 828 quid
1582 787 1631 828 ip-

176 845 279 866 sorum
294 835 333 865 ab
345 844 397 875 e0,
412 834 498 875 quod
511 844 619 870 unum,
635 834 742 875 distat,
756 839 896 866 totumne
909 835 1038 867 ulterius
1052 836 1131 868 erit?
1155 837 1301 869 Minime.
1323 839 1534 876 Quamobrem
1550 839 1635 881 prIn-

175 887 293 929 eipium
309 887 508 929 mediumque
519 892 552 919 et
566 887 659 919 finem
674 898 770 918 unum
785 888 892 921 habet.
915 888 1031 920 Habet.
1055 889 1200 920 Medium
1215 902 1286 922 vero
1302 902 1392 934 aequo
1409 892 1573 924 intervallo
1593 893 1633 924 ab

175 941 316 974 extremis
331 941 470 983 undique
486 941 591 971 distat.
614 951 678 971 non
689 940 774 972 enim
791 940 881 972 aliter
895 946 977 973 esset
988 942 1137 973 medium.
1172 942 1206 974 N
1208 953 1248 974 on
1263 949 1357 977 certe.
1381 945 1547 982 Praeterea,
1563 955 1634 976 cum

176 996 239 1027 tale
253 995 294 1027 sit
309 1005 417 1032 unum,
432 995 537 1036 figurae
553 994 716 1036 cujusdam
738 999 786 1026 εει
806 995 973 1037 particeps,
989 1006 1043 1027 seu
1059 1001 1163 1033 rectae,
1187 997 1251 1028 sive
1263 998 1417 1040 rotundae,
1431 998 1496 1030 sive
1512 998 1636 1030 alterius

177 1061 214 1082 ex
230 1049 368 1091 utrisque
382 1048 576 1091 compositae.
599 1047 761 1089 particeps
776 1048 885 1090 procul
901 1048 1011 1081 dubio.
1035 1048 1122 1086 Quin
1138 1049 1231 1081 etiam
1248 1051 1275 1082 si
1298 1050 1478 1093 hujusmodi
1501 1056 1561 1089 est,
1586 1052 1634 1093 ip-

178 1114 244 1135 sum
255 1103 288 1150 in
299 1113 332 1134 se
346 1102 416 1144 ipso
430 1107 463 1133 et
478 1102 510 1133 in
525 1101 588 1132 alio
604 1101 672 1133 erit.
694 1102 841 1138 Quonam
859 1103 974 1144 pacto?
998 1102 1158 1140 Quaelibet
1183 1114 1254 1145 pars
1269 1104 1302 1135 in
1317 1109 1385 1136 toto
1399 1110 1459 1143 est,
1475 1115 1533 1136 nec
1548 1111 1635 1137 extra

177 1161 278 1189 totum
293 1152 418 1199 penitus
432 1156 508 1188 ulla.
531 1154 620 1186 Esto.
641 1155 820 1195 Singulaene
835 1162 937 1197 partes
960 1157 1018 1187 sub
1043 1161 1110 1187 toto
1133 1156 1342 1189 clauduntur?
1373 1157 1436 1191 Ita.
1467 1157 1514 1190 At
1538 1168 1635 1189 uuum

177 1215 302 1242 cunctae
323 1220 388 1241 suae
411 1214 515 1252 partes
538 1208 669 1246 exsistit,
695 1220 754 1240 nec
779 1209 855 1251 quid
878 1209 950 1251 pius
973 1210 1023 1241 vel
1049 1210 1162 1248 minus,
1187 1221 1281 1252 quam
1301 1212 1463 1245 universae.
1496 1212 1549 1243 Sic
1574 1217 1634 1244 est.

177 1264 294 1295 Nonne
306 1268 340 1295 et
353 1268 454 1295 totum
469 1273 566 1294 unum
580 1263 647 1294 est?
670 1262 818 1299 Quidni?
848 1262 883 1294 Si
898 1273 1006 1294 omnes
1027 1269 1130 1306 partes
1146 1269 1213 1295 toto
1228 1264 1427 1302 clauduntur,
1442 1270 1554 1308 estque
1568 1276 1635 1296 om-

177 1318 232 1349 nia
245 1328 343 1349 unum
352 1321 385 1349 et
398 1317 501 1359 ipsum
512 1321 624 1354 totum,
639 1316 840 1348 continentur
854 1321 958 1348 autem
973 1317 1031 1348 sub
1048 1322 1114 1349 toto
1129 1317 1263 1359 singula,
1278 1318 1318 1349 ab
1333 1329 1397 1350 uno
1412 1318 1520 1361 utique
1536 1329 1634 1350 unuin

177 1371 399 1408 continebitur,
415 1375 510 1413 atque
524 1370 569 1401 ita
584 1380 682 1402 unum
695 1370 798 1412 ipsum
820 1369 853 1400 in
870 1370 1039 1413 semetipso
1051 1370 1119 1413 jam
1134 1371 1202 1404 erit.
1233 1371 1378 1404 Videtur.
1409 1372 1636 1404 Verumtamen

177 1429 279 1456 totum
290 1425 323 1456 in
338 1425 477 1467 partibus
492 1424 621 1456 minime
637 1430 697 1463 est,
714 1435 817 1466 neque
828 1424 864 1456 in
879 1424 1036 1462 omnibus,
1051 1435 1154 1467 neque
1169 1425 1202 1456 in
1216 1425 1331 1467 aliqua.
1355 1425 1381 1457 si
1396 1426 1478 1458 enim
1491 1426 1524 1456 in
1536 1426 1636 1457 omni-

176 1479 248 1520 bus,
262 1489 389 1510 necesse
403 1483 494 1510 estet
507 1479 540 1509 in
556 1489 618 1510 una
631 1490 638 1509 :
662 1482 695 1510 et
709 1479 735 1509 si
749 1478 781 1509 in
797 1489 860 1509 una
876 1479 1010 1520 quadam
1026 1489 1090 1510 non
1106 1479 1158 1520 sit,
1183 1479 1216 1510 in
1239 1480 1361 1511 cunctis
1384 1491 1451 1511 csse
1466 1490 1530 1511 non
1545 1486 1636 1522 pote-

176 1532 228 1564 r-it.
251 1533 279 1563 si
293 1537 396 1563 autem
411 1532 470 1564 hoc
485 1532 612 1574 quidem
625 1542 723 1563 unum
737 1532 862 1564 cunctis
875 1536 1011 1570 constat,
1026 1537 1059 1563 et
1073 1532 1106 1563 iu
1121 1543 1159 1564 eo
1175 1538 1275 1564 totum
1290 1543 1355 1564 non
1369 1544 1445 1572 uno,
1460 1544 1523 1576 quo
1539 1538 1632 1576 pacto

176 1585 310 1628 amplius
334 1586 367 1616 in
389 1586 532 1617 omnibus
550 1585 608 1617 erit
628 1586 749 1616 unum?
772 1585 882 1618 Nullo.
915 1586 979 1617 Sed
1004 1586 1103 1616 nihilo
1124 1587 1222 1628 magis
1237 1586 1269 1617 in
1284 1587 1423 1628 partibus
1437 1587 1636 1629 quibusdam.

177 1649 250 1671 nam
265 1639 291 1670 si
305 1639 492 1680 quibusdam
506 1643 606 1670 totum
621 1639 706 1677 insit,
718 1638 819 1680 majus
835 1640 868 1670 in
883 1639 994 1671 minori
1007 1639 1075 1671 erit.
1099 1639 1131 1671 id
1148 1646 1252 1671 autem
1263 1639 1465 1681 impossibile.
1509 1640 1635 1682 Impos-

178 1693 282 1725 sibile.
325 1693 407 1725 Cum
422 1692 516 1734 igitur
532 1697 634 1724 totum
648 1703 707 1725 nec
720 1693 752 1723 in
767 1692 920 1734 pluribus,
944 1703 1003 1724 nee
1027 1702 1103 1734 una,
1126 1703 1228 1734 neque
1244 1693 1338 1724 etiam
1358 1694 1480 1725 cunctis
1496 1695 1635 1734 partibus

177 1747 264 1788 insit,
273 1756 314 1778 an
328 1757 392 1777 non
407 1756 535 1778 necesse
550 1751 609 1784 est,
624 1745 728 1787 ipsum
743 1756 810 1777 esse
823 1745 859 1776 in
874 1745 936 1777 alio
951 1746 1099 1787 quodam,
1114 1757 1267 1787 nusquam
1282 1746 1452 1778 exsistere?
1482 1747 1636 1779 Necesse.

177 1800 306 1838 Nonne,
321 1801 349 1832 si
363 1810 516 1843 nusquam
537 1799 590 1836 sit,
615 1799 694 1831 nihil
710 1799 760 1830 vel
782 1799 910 1841 penitus
927 1799 1007 1830 erit?
1031 1803 1064 1830 et
1089 1804 1194 1831 tamen
1208 1810 1280 1831 cum
1295 1805 1395 1831 totum
1410 1800 1462 1838 sit,
1477 1811 1579 1842 neque
1595 1801 1637 1832 sit

177 1854 211 1885 in
227 1854 351 1896 seipso,
367 1859 472 1891 restat,
487 1859 523 1884 ut
536 1854 688 1885 consistat
711 1853 744 1884 in
761 1853 848 1884 alio?
881 1853 1024 1885 Penitus.
1069 1853 1142 1890 Qua
1160 1853 1258 1894 igitur
1278 1864 1375 1884 unum
1397 1858 1496 1885 toturn
1520 1859 1580 1895 est,
1602 1853 1635 1884 iu

177 1908 241 1938 alio
255 1912 303 1939 est
316 1919 324 1939 z
347 1918 410 1950 qua
422 1918 495 1939 vero
511 1907 618 1938 omnia
632 1912 736 1949 partes
750 1906 820 1948 ejus
834 1911 919 1943 sunt,
934 1911 967 1938 et
981 1906 1083 1949 ipsum
1097 1911 1220 1939 cunctae
1236 1912 1351 1948 partes,
1366 1912 1414 1938 est
1428 1908 1531 1949 ipsum
1550 1907 1583 1938 in
1599 1918 1632 1938 se

175 1961 258 2002 ipso.
279 1961 417 2003 ideoque
431 1971 559 1994 necesse
581 1966 642 2002 est,
664 1971 761 1992 unum
782 1965 848 1991 tum
869 1960 902 1991 in
917 1971 951 1992 se
965 1960 1046 2002 ipso,
1071 1965 1136 1991 tum
1152 1961 1247 1992 etiam
1269 1961 1301 1992 in
1318 1961 1380 1993 alio
1395 1971 1474 1994 esse.
1519 1961 1634 1993 Procul

175 2014 285 2047 dubio.
327 2014 455 2046 Etcum
470 2015 540 2047 talis
566 2016 607 2046 sit
628 2014 720 2046 unius
742 2019 864 2052 natura,
883 2025 923 2045 an
945 2025 1010 2046 non
1032 2015 1203 2046 necessario
1226 2015 1377 2056 sequitur,
1399 2020 1436 2046 ut
1459 2020 1521 2047 stet
1539 2020 1635 2057 atque

175 2068 269 2099 etiam
287 2069 469 2100 moveatur?
492 2069 651 2101 Curnam?
674 2068 743 2100 Stat
758 2068 891 2110 quippe,
916 2067 1070 2111 siquidem
1085 2068 1190 2110 ipsum
1211 2068 1244 2100 in
1260 2079 1293 2100 se
1308 2068 1376 2110 ipso
1391 2069 1544 2101 consistit.
1568 2073 1637 2100 ete-

176 2121 242 2153 nim
256 2122 410 2154 inhaerens
426 2122 495 2163 uni,
509 2133 569 2156 nec
585 2134 623 2155 ex
645 2133 683 2154 εο
709 2122 806 2164 [146]
830 2122 1022 2164 digrediens,
1042 2121 1075 2153 in
1091 2122 1203 2154 eodem
1226 2127 1275 2154 εει
1298 2122 1330 2153 in
1356 2122 1536 2164 semetipso.
1580 2122 1639 2153 Est

177 2175 329 2216 profecte.
373 2175 492 2207 Verum
506 2177 591 2218 quod
607 2176 639 2207 in
661 2177 771 2207 eodem
793 2186 914 2218 semper
928 2180 986 2214 est,
1014 2180 1095 2207 stare
1116 2185 1238 2218 semper
1259 2180 1395 2217 oportet.
1419 2175 1565 2217 Oportet.
1587 2174 1635 2206 At

175 2229 261 2271 quod
277 2229 308 2259 in
324 2228 386 2261 alio
401 2240 533 2272 semper,
554 2234 663 2261 contra
685 2240 813 2261 necesse
835 2233 883 2260 est
904 2239 1064 2271 nunquam
1084 2229 1119 2260 in
1140 2229 1251 2260 eodem
1272 2239 1350 2260 esse.
1373 2229 1401 2260 si
1417 2239 1577 2270 nunquam
1598 2227 1635 2259 in

175 2282 302 2324 eodem,
327 2293 485 2326 nunquam
504 2288 654 2325 praeterea
676 2287 780 2315 stare:
802 2283 888 2324 quod
903 2293 975 2314 vero
1001 2292 1066 2314 non
1089 2287 1163 2320 stat,
1188 2282 1304 2313 moveri
1323 2286 1457 2324 oportet.
1501 2281 1554 2313 Sic
1575 2285 1635 2312 est.

176 2335 315 2368 Necesse
334 2342 382 2368 est
395 2337 502 2379 igitur,
523 2348 632 2374 unum,
656 2347 729 2369 cum
749 2337 783 2367 in
805 2347 838 2368 se
858 2337 926 2378 ipso
945 2346 1067 2378 semper
1086 2341 1120 2367 et
1139 2337 1174 2367 in
1199 2336 1261 2367 alio
1285 2335 1339 2376 sit,
1363 2345 1484 2376 semper
1508 2345 1636 2376 quoque

176 2394 257 2421 stare
271 2396 366 2432 atque
380 2390 509 2424 moveri,
552 2390 697 2422 Videtur.
742 2391 830 2428 Quin
843 2391 938 2422 etiam
953 2390 1038 2422 idem
1061 2394 1186 2431 oportet
1199 2389 1302 2431 ipsum
1318 2388 1378 2420 sibi
1394 2388 1455 2430 ipsi
1469 2398 1549 2428 esse,
1564 2392 1597 2418 et
1611 2397 1630 2417 a

177 2453 211 2473 se
225 2443 295 2484 ipso
310 2443 453 2486 alterum,
468 2450 500 2476 et
513 2446 618 2487 quoad
635 2444 696 2476 alia
709 2444 849 2475 similiter
863 2444 947 2475 idem
962 2448 995 2475 et
1009 2443 1138 2474 alterum
1153 2455 1160 2474 :
1185 2443 1212 2474 si
1226 2443 1333 2480 modo,
1354 2453 1424 2484 quae
1440 2452 1533 2483 supra
1548 2441 1634 2472 dicta

176 2501 259 2533 suut.
273 2496 321 2528 illi
344 2502 538 2539 competunt.
582 2499 655 2536 Qua
680 2498 821 2530 ratione?
865 2498 969 2529 Omne
995 2497 1122 2539 quidem
1142 2497 1183 2528 ad
1203 2497 1379 2527 universum
1402 2496 1446 2526 sic
1470 2506 1503 2526 se
1530 2495 1634 2525 habet.

178 2549 226 2580 vel
241 2549 325 2580 enim
339 2551 421 2581 idem
437 2557 496 2592 est,
511 2552 560 2582 vel
577 2551 673 2584 aliud.
698 2552 722 2583 si
737 2562 801 2583 non
817 2552 913 2589 idem,
929 2556 983 2582 aut
997 2551 1096 2588 aliud,
1122 2561 1192 2592 pars
1208 2551 1318 2592 utique
1343 2549 1402 2580 erit
1415 2548 1511 2589 illius,
1525 2548 1634 2578 adver-

177 2613 229 2633 sus
243 2603 327 2644 quod
342 2603 388 2634 ita
401 2614 436 2635 se
456 2605 564 2645 habet,
579 2605 628 2636 vel
644 2610 679 2636 ut
695 2610 795 2636 totum
819 2606 859 2636 ad
882 2610 1001 2647 partem
1024 2604 1094 2635 erit.
1117 2604 1221 2635 Patet.
1245 2603 1408 2644 Numquid
1422 2602 1523 2644 ipsum
1539 2611 1634 2631 unum

177 2656 224 2686 sui
240 2656 338 2697 ipsius
353 2667 424 2698 pars
438 2659 511 2688 est?
534 2658 754 2700 Nequaquam.
776 2659 851 2690 Non
862 2659 956 2700 igitur
970 2658 1075 2700 quoad
1091 2668 1124 2688 se
1140 2657 1240 2699 ipsum
1257 2662 1355 2688 totum
1372 2655 1440 2692 erit,
1464 2653 1552 2696 quasi
1566 2664 1636 2695 pars

178 2710 227 2741 sui
242 2710 292 2742 sit.
342 2710 456 2752 Neque
483 2712 567 2743 enim
588 2713 746 2754 possibile.
790 2713 843 2743 An
864 2713 943 2743 sorte
968 2712 1098 2743 alterum
1120 2716 1168 2742 est
1187 2721 1281 2742 unum
1304 2711 1343 2741 ab
1366 2709 1452 2740 uno?
1485 2707 1635 2738 Minimo.

176 2762 253 2794 Non
265 2763 371 2805 itaque
387 2775 406 2795 a
421 2775 454 2796 se
469 2764 538 2806 ipso
555 2766 696 2798 alterum.
719 2766 795 2797 Non
811 2771 907 2798 certe.
945 2766 980 2796 Si
996 2775 1055 2796 nec
1071 2765 1210 2802 alterum,
1226 2775 1284 2796 nec
1301 2768 1414 2803 totuin,
1435 2772 1537 2802 neque
1554 2771 1635 2801 pars»

177 2818 281 2857 quoad
299 2828 331 2849 se
350 2818 451 2860 ipsum
466 2823 526 2855 est,
543 2819 618 2860 quid
632 2819 699 2860 jam
715 2819 800 2850 aliud
824 2823 932 2860 restat,
954 2829 1047 2860 quam
1063 2823 1097 2849 ut
1112 2819 1194 2849 idem
1211 2817 1271 2849 sibi
1286 2817 1349 2847 sit?
1395 2815 1502 2845 Isthuc
1520 2813 1635 2855 ipsum.

179 2870 266 2906 Quid
290 2882 362 2902 vero
375 2872 386 2903 ?
409 2873 495 2913 quod
521 2872 597 2903 alibi
614 2878 673 2910 est,
699 2883 792 2914 quam
816 2873 982 2914 ipsummet
1006 2873 1039 2902 iu
1065 2872 1176 2903 eodem
1202 2871 1351 2903 exsistens
1378 2869 1411 2899 in
1436 2871 1533 2898 seruet
1558 2866 1639 2906 ipso,

177 2933 282 2956 nonne
296 2925 418 2967 cogitur
433 2925 564 2959 alterum
586 2936 605 2959 a
627 2937 663 2964 se,
677 2926 744 2969 ipso
761 2927 839 2966 ficti,
860 2927 1028 2970 siquidem
1051 2925 1136 2965 alibi,
1158 2935 1251 2968 quam
1275 2924 1454 2966 ipsummet,
1482 2918 1635 2951 exsistat?
