1846 3268
225 235 308 275 446
833 232 1099 276 PLAToms
1616 237 1686 295 [ss

226 343 335 371 contra
350 338 449 382 possit
463 337 541 370 ratio
556 337 611 370 illa
626 347 808 380 semperque
819 339 970 380 potuerit,
985 349 1057 381 quoe
1072 339 1208 372 animam
1225 344 1359 372 nostram
1379 340 1570 375 harmoniam
1585 352 1686 386 quan·

223 394 295 426 dam
320 405 388 426 esse
403 394 515 436 probat
528 404 537 426 :
562 397 595 425 ct
607 402 692 425 nunc
708 391 835 435 quidem
851 393 959 424 audita
973 403 1023 425 me
1038 394 1142 426 subito
1158 394 1191 426 in
1206 395 1384 428 memoriam
1401 397 1568 436 revocavit,
1582 407 1684 440 quan-

225 452 292 479 tum
307 447 383 479 mibi
397 457 525 490 quoque
546 445 624 479 alias
645 445 840 488 persuaserit.
885 446 959 484 Quo
979 446 1123 486 efficitur,
1138 452 1174 479 ut
1194 448 1255 480 alia
1279 450 1415 492 quadam
1429 451 1549 483 ratione
1562 451 1686 489 iterum,

226 499 376 544 tanquam
401 502 441 533 ab
461 500 566 543 initio,
581 511 703 543 prorsus
725 500 897 543 indigeam,
911 511 982 543 quae
1006 501 1082 532 mihi
1105 502 1292 544 persuadeat
1316 502 1451 536 animam
1469 515 1540 537 cum
1556 515 1685 547 corpore

225 566 290 587 non
305 555 438 589 interire.
483 554 548 587 Dic
563 564 650 596 erge,
664 564 722 596 per
734 555 755 587 J
758 565 847 586 ovem
862 565 984 596 precor,
997 565 1061 596 quo
1076 559 1170 597 pacto
1184 556 1429 598 disputationem
1452 558 1606 600 peregerit
1625 559 1684 591 So-

226 614 339 652 crates,
354 614 386 642 et
401 614 502 640 utrum
519 609 587 651 ipse
602 617 740 651 quoque,
760 609 1022 650 quemadmodum
1039 610 1080 641 de
1095 609 1183 641 vobis
1197 609 1265 652 ipse
1280 610 1397 653 fateris,
1412 612 1545 653 graviter
1557 611 1590 644 id
1606 612 1685 645 ferre

225 662 310 694 visus
323 662 417 694 fuerit
429 673 439 702 3
462 672 503 694 an
525 665 632 695 contra
655 661 790 704 benigne
812 672 899 694 suam
923 662 1100 694 defenderit
1121 663 1294 696 rationem:
1319 670 1467 706 praeterea
1480 671 1581 698 utrum
1597 665 1685 703 satis,

228 727 342 758 necne,
364 727 433 748 eam
456 720 575 748 tutatus
597 716 703 750 suerit.
727 716 795 748 haec
824 715 926 754 nobis,
955 726 1048 758 quarn
1075 721 1167 759 potes
1192 717 1440 760 diligentissime,
1467 720 1544 751 refer
1568 719 1685 751 omnia.

225 771 319 803 an.
342 771 511 814 Equidem,
528 781 547 800 o
563 770 764 812 Echecrates,
779 780 862 812 saepe
877 771 1046 802 admiratus
1061 771 1233 809 Socratem,
1249 782 1409 815 nunquam
1421 773 1530 815 majori
1545 783 1615 805 cum
1627 783 1682 804 vo-

227 825 360 866 luptate,
371 835 465 867 quam
489 829 564 857 tunc
587 835 734 867 praesens,
748 835 815 855 sum
838 824 1020 862 admiratus,
1045 835 1158 867 meque
1181 825 1306 858 affuisse
1328 827 1372 858 ibi
1395 827 1522 858 mirifice
1548 827 1683 869 gaudeo.

225 878 302 921 [89]
326 878 482 910 Habuisse
493 879 620 920 quidem
636 878 735 916 illum,
750 878 836 921 quod
859 877 1091 920 objectionibus
1106 880 1321 922 responderet,
1337 879 1416 912 forte
1431 891 1495 912 non
1509 885 1557 912 est
1570 881 1684 912 miran-

224 932 312 965 dum.
333 933 389 964 sed
412 933 479 964 haec
501 932 534 964 in
558 943 597 964 eo
619 932 815 975 potissimum
837 943 905 964 sum
927 933 1109 974 admiratus,
1136 934 1236 975 primo
1259 934 1389 976 quidem
1412 944 1506 976 quam
1527 930 1684 975 jucunde.

222 985 369 1027 benigne,
385 986 483 1018 amice
499 986 746 1018 adolescentium
763 986 858 1017 verba
879 986 1018 1028 recepit:
1044 986 1162 1018 deinde
1183 997 1278 1029 quam
1299 988 1450 1029 sagaciter
1462 983 1560 1019 sensit
1573 997 1630 1019 nos
1645 987 1684 1019 ii-

223 1040 323 1071 lorum
338 1040 509 1071 rationibus
525 1040 619 1072 fuisse
634 1044 807 1071 commotos
820 1051 828 1071 ι
851 1040 978 1071 demum
994 1050 1088 1082 quam
1104 1046 1280 1083 opportune
1296 1038 1387 1073 nobis
1402 1040 1545 1073 adhibuit
1556 1041 1685 1074 medici·

221 1103 308 1132 nam,
321 1098 355 1125 et
368 1093 457 1135 quasi
471 1093 626 1136 fugientes
647 1098 742 1136 atque
758 1094 857 1125 victos
878 1095 1038 1126 revocavit
1059 1105 1128 1133 nos,
1143 1095 1359 1138 convertitque
1373 1097 1414 1127 ad
1429 1096 1680 1138 prosequendum

218 1153 314 1189 atque
329 1147 602 1179 considerandum.
646 1147 732 1182 Ecn.
755 1146 902 1186 Quonam
917 1149 1037 1190 pacto?
1081 1149 1175 1181 Prm.
1197 1149 1312 1181 Dicam
1327 1150 1486 1192 equidem·
1528 1150 1686 1182 Sedebam

221 1201 301 1232 sorte
316 1201 356 1232 ad
369 1201 527 1233 dexteram
552 1200 621 1243 ejus
644 1201 676 1233 in
700 1201 849 1234 subsellio
861 1202 1002 1244 ¹quodam
1025 1202 1148 1244 humili,
1160 1202 1252 1244 juxta
1267 1203 1429 1235 lectulum.
1450 1204 1520 1246 ipse
1534 1214 1607 1236 vero
1622 1205 1680 1236 So-

220 1259 320 1287 crates
334 1255 465 1287 sedebat
477 1256 570 1298 longe
585 1256 735 1298 superior.
780 1256 962 1288 Attrectans
972 1256 1067 1298 igitur
1078 1262 1175 1298 caput
1186 1267 1288 1288 meum
1301 1257 1570 1300 comprimensque
1579 1258 1681 1290 crines

219 1319 314 1351 super
329 1310 479 1342 cervicem
498 1322 507 1341 :
529 1310 752 1353 (consueverat
776 1310 859 1340 enim
881 1320 1120 1351 nonnunquam,
1134 1309 1190 1341 ubi
1214 1311 1408 1352 contigisset,
1424 1311 1456 1342 in
1481 1321 1566 1342 meos
1576 1308 1679 1344 'crines

220 1362 345 1404 ludere)
361 1363 438 1395 Cras
451 1363 593 1405 forsitan,
605 1363 722 1404 inquit,
738 1373 757 1393 o
779 1362 933 1400 Phaedon,
949 1363 1023 1394 istas
1045 1364 1191 1403 pulchras
1215 1363 1336 1396 incides
1350 1375 1466 1397 comas.
1510 1365 1605 1398 Pam.
1628 1365 1681 1398 Sic

220 1417 392 1458 arbitror,o
408 1417 564 1449 Socrates.
609 1416 666 1450 So.
690 1416 766 1447 Non
782 1421 878 1457 certe,
893 1417 920 1448 si
945 1417 1023 1448 mihi
1048 1427 1190 1448 assensus
1213 1417 1318 1450 fueris.
1362 1417 1455 1451 Pam.
1480 1418 1566 1455 Quid
1578 1419 1678 1460 crgo?

220 1471 277 1503 So.
300 1470 400 1502 Immo
415 1471 510 1502 hodie
525 1475 555 1502 et
572 1481 631 1512 ego
649 1481 733 1502 meas
746 1475 779 1502 et
791 1475 825 1501 tu
841 1475 924 1511 tuas,
937 1471 963 1502 si
978 1470 1069 1502 uobis
1084 1470 1162 1502 ratio
1175 1471 1320 1509 intereat,
1333 1481 1437 1513 neque
1451 1482 1520 1503 eam
1535 1472 1596 1514 ipsi
1610 1471 1677 1504 s'us-

217 1524 313 1556 citare
329 1524 493 1566 possimus.
538 1524 645 1566 Atque
660 1524 687 1556 si
701 1535 761 1566 ego
773 1530 807 1556 tu
822 1535 920 1556 essem
935 1535 972 1556 ac
989 1535 1037 1556 me
1053 1524 1175 1566 fugeret
1188 1525 1280 1566 ratio,
1295 1535 1379 1556 more
1396 1524 1580 1566 Argivorum
1590 1525 1678 1567 jura·

220 1589 284 1610 rem
299 1589 363 1610 non
379 1578 462 1621 prius
477 1588 599 1611 comam
621 1578 821 1624 nutritumm,
836 1589 930 1620 quam
944 1578 1077 1610 vicissim
1099 1578 1257 1610 Simmiam
1281 1579 1495 1621 Cebetemque
1517 1589 1678 1622 expugna-

220 1632 348 1665 vissem.
390 1632 486 1664 Pam.
505 1631 552 1664 At
567 1642 641 1664 vero
656 1637 765 1664 contra
787 1633 867 1664 duos
890 1643 931 1663 ne
954 1631 1109 1664 Hercules
1130 1632 1258 1675 quidem
1281 1633 1396 1665 dicitur
1410 1633 1583 1666 suffecisse.
1625 1634 1683 1667 Sm·

217 1686 265 1718 At
279 1691 313 1718 tu
330 1696 378 1718 me
392 1685 527 1724 Iolaum,
542 1685 618 1718 dum
633 1686 685 1718 lux
697 1691 758 1724 est,
772 1687 910 1719 advoca.
948 1686 1044 1719 Pnffi.
1066 1684 1200 1720 Advoco
1211 1687 1371 1730 equidem,
1385 1688 1439 1719 sed
1455 1698 1520 1720 non
1531 1693 1680 1731 tanquam

219 1740 372 1773 Hercules
393 1739 528 1779 Iolaum,
550 1740 646 1772 immo
669 1746 817 1783 tanquam
841 1740 948 1773 loiaus
969 1740 1150 1774 Herculem.
1195 1741 1250 1774 So.
1273 1741 1362 1773 Nihil
1386 1741 1489 1775 refert.
1511 1742 1546 1774 in
1570 1742 1679 1785 primis

217 1805 290 1826 vero
304 1794 492 1833 cavendum,
507 1805 547 1826 ne
562 1794 595 1826 id
611 1795 702 1826 nobis
723 1795 861 1827 accidat.
904 1795 999 1827 Pnffi.
1021 1795 1181 1833 Quidnam
1194 1796 1206 1827 ?
1251 1795 1308 1829 So.
1331 1795 1383 1828 Ne
1395 1796 1550 1828 rationum
1564 1797 1680 1829 evada-

219 1859 288 1880 mus
311 1855 427 1887 osores,
452 1849 715 1891 quemadmodum
741 1849 887 1881 nonnulli
910 1850 1071 1881 hominum
1095 1860 1199 1882 osores
1221 1855 1304 1882 sunt.
1326 1850 1445 1882 nullum
1467 1850 1552 1882 enim
1576 1850 1678 1892 majus

219 1913 313 1944 quam
328 1904 388 1935 hoc
413 1902 528 1935 malum
551 1903 642 1935 nobis
667 1908 774 1945 posset
795 1903 960 1943 accidere3
983 1903 1133 1936 videlicet
1161 1904 1189 1936 si
1213 1903 1347 1936 rationes
1371 1905 1445 1936 odio
1469 1905 1678 1938 habuerimus.

215 1956 268 1988 Fit
280 1961 385 1991 autem
399 1957 510 1989 eodem
526 1961 621 1999 pacto
636 1957 743 1989 odium
759 1962 792 1989 et
813 1958 960 1989 adversus
981 1958 1116 1990 rationes
1137 1963 1171 1990 et
1191 1959 1339 1990 adversus
1360 1958 1514 1990 homines.
1535 1969 1538 1972 ⁴
1557 1958 1678 1991 Odium

213 2011 340 2053 quidem
355 2016 465 2043 contra
478 2011 619 2043 homines
635 2015 710 2044 tunc
725 2012 856 2044 maxime
872 2011 967 2050 subit,
983 2013 1111 2054 quando
1134 2012 1228 2044 alicui
1243 2012 1373 2044 nimium
1388 2012 1543 2044 credimus
1557 2013 1676 2055 abque

215 2069 293 2106 arte,
318 2069 525 2106 putamusque
549 2064 652 2106 ipsum
677 2065 806 2096 omnino
821 2075 927 2097 verum
942 2069 976 2096 et
999 2066 1152 2097 sincerum
1176 2066 1337 2108 fidumque
1352 2066 1451 2097 virum
1465 2076 1545 2104 esse,
1560 2066 1678 2099 deinde

214 2129 287 2150 vero
302 2129 374 2150 mox
390 2128 519 2160 pravum
533 2118 727 2161 infidumque
742 2120 1019 2162 deprehendimus,
1029 2130 1193 2162 rursusque
1203 2120 1298 2151 alium
1310 2119 1422 2152 eodem
1437 2125 1542 2162 pacto.
1564 2119 1682 2162 Itaque·
1705 2135 1707 2137 ·

212 2172 341 2214 quando
357 2172 426 2214 quis
441 2171 556 2214 saepius
570 2172 708 2205 offensus
722 2173 768 2205 ita
782 2173 951 2216 decipitur,
966 2174 1135 2216 praesertim
1151 2174 1192 2206 ab
1206 2173 1258 2216 iis,
1273 2184 1353 2216 quos
1367 2174 1528 2216 praecipue
1542 2171 1675 2205 familia·
1728 2187 1737 2197 ·

210 2226 346 2259 rissimos
367 2225 632 2270 amicissimusque
654 2226 851 2260 existimabat
863 2238 873 2267 ;
896 2228 971 2267 odit·
988 2229 1114 2260 tandem
1138 2227 1306 2271 plurimum
1330 2228 1498 2265 universos,
1521 2231 1675 2270 putatque

211 2281 289 2312 nihil
306 2279 434 2311 omnino
457 2281 543 2322 apud
566 2290 745 2323 quenquam
767 2291 835 2313 esse
858 2281 1025 2313 sincerum.
1046 2292 1087 2313 an
1111 2286 1143 2313 te
1158 2281 1262 2319 latuit,
1275 2281 1309 2313 id
1325 2281 1370 2313 ita
1384 2280 1526 2313 accidere
1539 2291 1676 2313 consue-

210 2334 313 2367 visse?
358 2334 452 2367 Pam.
475 2333 692 2366 Animadverti
716 2335 873 2377 equidem.
918 2335 974 2367 So.
998 2335 1050 2368 An
1066 2346 1130 2367 non
1146 2335 1276 2377 turpiter
1290 2341 1323 2367 et
1337 2335 1454 2377 absque
1469 2335 1673 2366 humanarum

211 2398 312 2420 rerum
324 2391 390 2419 arte
415 2387 467 2420 hic
492 2389 670 2430 aggreditur
694 2389 872 2421 hominibus
889 2389 960 2421 uti?
984 2390 1010 2421 si
1032 2390 1116 2422 enim
1139 2401 1177 2421 ex
1199 2394 1265 2421 arte
1288 2389 1334 2421 uti
1356 2389 1507 2427 studeret,
1521 2388 1675 2430 cogitaret

214 2442 325 2484 utique
340 2451 404 2472 rem
420 2441 519 2484 ipsam
533 2442 577 2473 ita
593 2453 639 2485 se,
653 2447 689 2474 ut
708 2444 816 2482 habet,
831 2444 958 2486 habere,
970 2444 1119 2476 videlicet
1140 2443 1282 2475 homines
1297 2443 1494 2476 vehementer
1508 2443 1608 2474 bonos
1621 2447 1677 2474 aut

211 2495 309 2527 malos
333 2494 408 2537 [90]
434 2505 606 2538 perpaucos
631 2508 711 2535 esse.
734 2498 854 2529 medios
877 2508 950 2529 vero
975 2498 1134 2540 plurimos.
1178 2498 1272 2530 Pam.
1295 2497 1369 2534 Quo
1393 2497 1424 2528 id
1448 2501 1541 2539 pacto
1567 2495 1674 2528 dicis?

208 2550 264 2580 So.
287 2548 560 2586 Quemadmodum
575 2551 724 2584 videlicet
737 2551 770 2583 in
780 2552 871 2584 rebus
885 2552 1044 2594 contingit
1058 2552 1150 2583 valde
1165 2557 1220 2583 aut
1242 2551 1344 2593 parvis
1365 2555 1421 2582 aut
1442 2550 1574 2592 magnis.
1616 2549 1672 2581 An

209 2608 243 2634 tu
259 2603 424 2641 arbitraris,
438 2603 607 2647 quicquam
622 2615 689 2637 esse
705 2606 800 2637 rarius
822 2616 916 2647 quam
930 2605 1022 2637 valde
1045 2615 1193 2647 magnum
1216 2609 1271 2636 aut
1287 2604 1378 2636 valde
1393 2614 1523 2646 parvum
1538 2603 1672 2645 reperire

207 2658 366 2689 hominem
382 2657 432 2689 vel
447 2668 556 2690 canem
572 2659 620 2690 vei
648 2660 782 2702 quodvis
795 2659 907 2691 aliud?
931 2665 1026 2702 atque
1050 2669 1153 2691 rursus
1174 2658 1368 2691 celerrimum
1394 2663 1427 2689 et
1452 2656 1680 2699 tardissimum,¹

207 2711 460 2754 pulcherrimum,
474 2712 696 2754 turpissimum,
720 2713 923 2751 albissimum,
946 2712 1168 2755 nigerrimum?
1191 2723 1231 2743 an
1254 2712 1378 2753 ignoras
1399 2711 1432 2742 in
1457 2710 1505 2742 his
1527 2710 1681 2742 omuibus

206 2770 412 2797 extremorum
427 2775 546 2797 summa
561 2775 627 2797 rara
641 2767 769 2808 quidem
781 2771 814 2798 et
828 2777 930 2809 pauca
941 2777 1008 2799 esse
1021 2778 1029 2807 ς
1051 2766 1155 2798 media
1170 2777 1242 2798 vero
1257 2764 1431 2808 frequentia
1441 2769 1535 2807 atque
1547 2764 1646 2796 multa
1657 2763 1686 2801 ?'r

207 2819 302 2851 Pnae.
326 2819 378 2851 Sic
392 2819 532 2852 arbitror.
576 2821 632 2853 So.
656 2820 773 2852 Nonne
787 2821 883 2863 igitur
897 2821 1062 2862 arbitraris,
1079 2821 1104 2852 si
1126 2820 1335 2862 improbitatis
1356 2822 1580 2862 proponeretur
1600 2823 1669 2850 cer-

205 2877 323 2915 tamen,
338 2874 506 2906 admodum
530 2885 648 2916 paucos
674 2875 707 2906 in
730 2876 789 2908 hoc
812 2885 926 2917 genere
941 2885 1076 2906 summos
1092 2874 1248 2906 inveniri?
1294 2873 1390 2906 an.
1412 2872 1665 2905 Consentaneum

205 2931 264 2961 est.
309 2927 365 2960 So.
387 2927 639 2964 Consentaneum
656 2928 795 2972 quidem.
820 2939 925 2963 verum
941 2939 1004 2962 nou
1020 2929 1078 2962 hoc
1095 2933 1188 2972 pacto
1203 2927 1318 2961 similes
1334 2927 1468 2960 rationes
1483 2930 1556 2959 sunt
1569 2929 1664 2968 atque
