<?xml version="1.0" encoding="UTF-8"?>
<!DOCTYPE html PUBLIC "-//W3C//DTD XHTML 1.0 Transitional//EN"
    "http://www.w3.org/TR/xhtml1/DTD/xhtml1-transitional.dtd">
<html xmlns="http://www.w3.org/1999/xhtml" xml:lang="en" lang="en">
 <head>
  <title>
</title>
<meta http-equiv="Content-Type" content="text/html;charset=utf-8" />
  <meta name='ocr-system' content='tesseract 3.04.00' />
  <meta name='ocr-capabilities' content='ocr_page ocr_carea ocr_par ocr_line ocrx_word'/>
</head>
<body>
  <div class='ocr_page' id='page_1' title='image "./platonisetquaeve10plat_0233.png"; bbox 0 0 1846 3268; ppageno 0'>
   <div class='ocr_carea' id='block_1_1' title="bbox 139 306 1598 360">
    <p class='ocr_par' dir='ltr' id='par_1_1' title="bbox 139 306 1598 360">
     <span class='ocr_line' id='line_1_1' title="bbox 139 306 1598 360; baseline 0.001 -14"><span class='ocrx_word' id='word_1_1' title='bbox 139 310 235 360; x_wconf 81' lang='lat'>514]</span> <span class='ocrx_word' id='word_1_2' title='bbox 738 306 980 345; x_wconf 77' lang='lat' dir='ltr'>GORGIAS</span> <span class='ocrx_word' id='word_1_3' title='bbox 1519 311 1598 347; x_wconf 76' lang='lat'>223</span> 
     </span>
    </p>
   </div>
   <div class='ocr_carea' id='block_1_2' title="bbox 125 411 1600 3037">
    <p class='ocr_par' dir='ltr' id='par_1_2' title="bbox 125 411 1600 3037">
     <span class='ocr_line' id='line_1_2' title="bbox 138 411 1593 456; baseline -0.001 -10"><span class='ocrx_word' id='word_1_4' title='bbox 138 419 299 447; x_wconf 75' lang='lat' dir='ltr'>runtamen</span> <span class='ocrx_word' id='word_1_5' title='bbox 311 416 393 446; x_wconf 83' lang='lat' dir='ltr'>hunc</span> <span class='ocrx_word' id='word_1_6' title='bbox 409 414 476 456; x_wconf 76' lang='lat' dir='ltr'>ipse</span> <span class='ocrx_word' id='word_1_7' title='bbox 490 418 649 454; x_wconf 72' lang='lat' dir='ltr'>artemque</span> <span class='ocrx_word' id='word_1_8' title='bbox 663 412 732 453; x_wconf 84' lang='lat' dir='ltr'>ejus</span> <span class='ocrx_word' id='word_1_9' title='bbox 747 411 947 443; x_wconf 69' lang='lat' dir='ltr'>nihilominus</span> <span class='ocrx_word' id='word_1_10' title='bbox 963 417 1191 455; x_wconf 75' lang='lat' dir='ltr'>contemneres,</span> <span class='ocrx_word' id='word_1_11' title='bbox 1208 425 1244 445; x_wconf 86' lang='lat' dir='ltr'>ac</span> <span class='ocrx_word' id='word_1_12' title='bbox 1261 413 1346 445; x_wconf 88' lang='lat' dir='ltr'>velut</span> <span class='ocrx_word' id='word_1_13' title='bbox 1361 423 1416 455; x_wconf 84' lang='lat' dir='ltr'>per</span> <span class='ocrx_word' id='word_1_14' title='bbox 1431 419 1593 446; x_wconf 84' lang='lat' dir='ltr'>contume-</span> 
     </span>
     <span class='ocr_line' id='line_1_3' title="bbox 137 465 1596 508; baseline -0.001 -10"><span class='ocrx_word' id='word_1_15' title='bbox 137 467 210 499; x_wconf 76' lang='lat' dir='ltr'>liam</span> <span class='ocrx_word' id='word_1_16' title='bbox 230 468 453 500; x_wconf 81' lang='lat' dir='ltr'>machinarium</span> <span class='ocrx_word' id='word_1_17' title='bbox 470 467 631 503; x_wconf 84' lang='lat' dir='ltr'>vocitares,</span> <span class='ocrx_word' id='word_1_18' title='bbox 647 476 706 497; x_wconf 88' lang='lat' dir='ltr'>nec</span> <span class='ocrx_word' id='word_1_19' title='bbox 728 465 796 507; x_wconf 85' lang='lat' dir='ltr'>ejus</span> <span class='ocrx_word' id='word_1_20' title='bbox 817 466 882 496; x_wconf 86' lang='lat' dir='ltr'>filio</span> <span class='ocrx_word' id='word_1_21' title='bbox 909 467 1030 498; x_wconf 77' lang='lat' dir='ltr'><strong>tradere</strong></span> <span class='ocrx_word' id='word_1_22' title='bbox 1051 466 1146 497; x_wconf 81' lang='lat' dir='ltr'>filiam</span> <span class='ocrx_word' id='word_1_23' title='bbox 1161 471 1246 498; x_wconf 83' lang='lat' dir='ltr'>tuam</span> <span class='ocrx_word' id='word_1_24' title='bbox 1263 466 1369 503; x_wconf 84' lang='lat' dir='ltr'>velles,</span> <span class='ocrx_word' id='word_1_25' title='bbox 1385 477 1487 508; x_wconf 84' lang='lat' dir='ltr'>neque</span> <span class='ocrx_word' id='word_1_26' title='bbox 1502 468 1596 499; x_wconf 80' lang='lat' dir='ltr'>etiam</span> 
     </span>
     <span class='ocr_line' id='line_1_4' title="bbox 138 519 1600 563; baseline -0.001 -10"><span class='ocrx_word' id='word_1_27' title='bbox 138 527 172 554; x_wconf 83' lang='lat' dir='ltr'>tu</span> <span class='ocrx_word' id='word_1_28' title='bbox 187 521 280 553; x_wconf 80' lang='lat' dir='ltr'>filiam</span> <span class='ocrx_word' id='word_1_29' title='bbox 297 522 366 563; x_wconf 87' lang='lat' dir='ltr'>ejus</span> <span class='ocrx_word' id='word_1_30' title='bbox 385 521 553 563; x_wconf 87' lang='lat' dir='ltr'>acciperes.</span> <span class='ocrx_word' id='word_1_31' title='bbox 598 519 750 557; x_wconf 85' lang='lat' dir='ltr'>Quamvis</span> <span class='ocrx_word' id='word_1_32' title='bbox 770 531 808 551; x_wconf 86' lang='lat' dir='ltr'>ex</span> <span class='ocrx_word' id='word_1_33' title='bbox 834 520 946 561; x_wconf 89' lang='lat' dir='ltr'>quibus</span> <span class='ocrx_word' id='word_1_34' title='bbox 972 521 1142 552; x_wconf 87' lang='lat' dir='ltr'>rationibus</span> <span class='ocrx_word' id='word_1_35' title='bbox 1163 521 1343 552; x_wconf 76' lang='lat' dir='ltr'><strong>facultatem</strong></span> <span class='ocrx_word' id='word_1_36' title='bbox 1367 527 1451 552; x_wconf 85' lang='lat' dir='ltr'>tuam</span> <span class='ocrx_word' id='word_1_37' title='bbox 1478 522 1600 561; x_wconf 83' lang='lat' dir='ltr'>laudas,</span> 
     </span>
     <span class='ocr_line' id='line_1_5' title="bbox 137 573 1597 616; baseline -0.001 -9"><span class='ocrx_word' id='word_1_38' title='bbox 137 585 272 616; x_wconf 85' lang='lat' dir='ltr'>quonam</span> <span class='ocrx_word' id='word_1_39' title='bbox 285 580 377 616; x_wconf 82' lang='lat' dir='ltr'>pacto</span> <span class='ocrx_word' id='word_1_40' title='bbox 394 575 442 607; x_wconf 87' lang='lat' dir='ltr'>vel</span> <span class='ocrx_word' id='word_1_41' title='bbox 459 574 681 607; x_wconf 83' lang='lat' dir='ltr'>machinarium</span> <span class='ocrx_word' id='word_1_42' title='bbox 697 573 748 605; x_wconf 87' lang='lat' dir='ltr'>vel</span> <span class='ocrx_word' id='word_1_43' title='bbox 770 574 861 613; x_wconf 86' lang='lat' dir='ltr'>alios,</span> <span class='ocrx_word' id='word_1_44' title='bbox 884 584 962 615; x_wconf 84' lang='lat' dir='ltr'>quos</span> <span class='ocrx_word' id='word_1_45' title='bbox 976 575 1071 615; x_wconf 86' lang='lat' dir='ltr'>paulo</span> <span class='ocrx_word' id='word_1_46' title='bbox 1087 579 1160 605; x_wconf 89' lang='lat' dir='ltr'>ante</span> <span class='ocrx_word' id='word_1_47' title='bbox 1176 575 1427 612; x_wconf 77' lang='lat' dir='ltr'>commemoravi,</span> <span class='ocrx_word' id='word_1_48' title='bbox 1435 574 1522 616; x_wconf 88' lang='lat' dir='ltr'>juste</span> <span class='ocrx_word' id='word_1_49' title='bbox 1540 586 1597 616; x_wconf 83' lang='lat' dir='ltr'>po-</span> 
     </span>
     <span class='ocr_line' id='line_1_6' title="bbox 136 627 1597 670; baseline -0.001 -10"><span class='ocrx_word' id='word_1_50' title='bbox 136 628 208 661; x_wconf 78' lang='lat' dir='ltr'>teris</span> <span class='ocrx_word' id='word_1_51' title='bbox 221 629 400 670; x_wconf 81' lang='lat' dir='ltr'>aspernari?</span> <span class='ocrx_word' id='word_1_52' title='bbox 446 629 614 660; x_wconf 79' lang='lat' dir='ltr'>Dictorum</span> <span class='ocrx_word' id='word_1_53' title='bbox 630 638 697 660; x_wconf 87' lang='lat' dir='ltr'>esse</span> <span class='ocrx_word' id='word_1_54' title='bbox 715 634 746 659; x_wconf 91' lang='lat' dir='ltr'>te</span> <span class='ocrx_word' id='word_1_55' title='bbox 772 628 914 668; x_wconf 84' lang='lat' dir='ltr'>arbitror,</span> <span class='ocrx_word' id='word_1_56' title='bbox 931 627 1087 659; x_wconf 88' lang='lat' dir='ltr'>meliorem</span> <span class='ocrx_word' id='word_1_57' title='bbox 1112 633 1142 659; x_wconf 82' lang='lat' dir='ltr'>te</span> <span class='ocrx_word' id='word_1_58' title='bbox 1158 639 1237 664; x_wconf 85' lang='lat' dir='ltr'>esse,</span> <span class='ocrx_word' id='word_1_59' title='bbox 1252 634 1348 670; x_wconf 87' lang='lat' dir='ltr'>atque</span> <span class='ocrx_word' id='word_1_60' title='bbox 1363 640 1400 660; x_wconf 89' lang='lat' dir='ltr'>ex</span> <span class='ocrx_word' id='word_1_61' title='bbox 1416 629 1597 660; x_wconf 88' lang='lat' dir='ltr'>melioribus</span> 
     </span>
     <span class='ocr_line' id='line_1_7' title="bbox 137 681 1594 724; baseline 0.001 -11"><span class='ocrx_word' id='word_1_62' title='bbox 137 686 248 714; x_wconf 83' lang='lat' dir='ltr'>ortum.</span> <span class='ocrx_word' id='word_1_63' title='bbox 291 682 400 724; x_wconf 89' lang='lat' dir='ltr'>Ipsum</span> <span class='ocrx_word' id='word_1_64' title='bbox 416 693 488 714; x_wconf 79' lang='lat' dir='ltr'>vero</span> <span class='ocrx_word' id='word_1_65' title='bbox 514 684 599 724; x_wconf 87' lang='lat' dir='ltr'>quod</span> <span class='ocrx_word' id='word_1_66' title='bbox 622 682 732 713; x_wconf 90' lang='lat' dir='ltr'>melius</span> <span class='ocrx_word' id='word_1_67' title='bbox 754 681 882 718; x_wconf 83' lang='lat' dir='ltr'>dicitur,</span> <span class='ocrx_word' id='word_1_68' title='bbox 898 681 924 712; x_wconf 89' lang='lat' dir='ltr'>si</span> <span class='ocrx_word' id='word_1_69' title='bbox 946 692 1009 712; x_wconf 88' lang='lat' dir='ltr'>non</span> <span class='ocrx_word' id='word_1_70' title='bbox 1032 686 1080 712; x_wconf 88' lang='lat' dir='ltr'>est</span> <span class='ocrx_word' id='word_1_71' title='bbox 1103 681 1133 712; x_wconf 90' lang='lat' dir='ltr'>id</span> <span class='ocrx_word' id='word_1_72' title='bbox 1158 683 1244 724; x_wconf 88' lang='lat' dir='ltr'>quod</span> <span class='ocrx_word' id='word_1_73' title='bbox 1270 693 1329 724; x_wconf 88' lang='lat' dir='ltr'>ego</span> <span class='ocrx_word' id='word_1_74' title='bbox 1353 683 1438 719; x_wconf 85' lang='lat' dir='ltr'>dico,</span> <span class='ocrx_word' id='word_1_75' title='bbox 1454 683 1509 714; x_wconf 87' lang='lat' dir='ltr'>sed</span> <span class='ocrx_word' id='word_1_76' title='bbox 1535 683 1594 714; x_wconf 86' lang='lat' dir='ltr'>hoc</span> 
     </span>
     <span class='ocr_line' id='line_1_8' title="bbox 134 735 1599 777; baseline -0.001 -10"><span class='ocrx_word' id='word_1_77' title='bbox 134 735 236 777; x_wconf 75' lang='lat' dir='ltr'>ipsum</span> <span class='ocrx_word' id='word_1_78' title='bbox 252 736 348 767; x_wconf 87' lang='lat' dir='ltr'>virtus</span> <span class='ocrx_word' id='word_1_79' title='bbox 362 741 422 777; x_wconf 83' lang='lat' dir='ltr'>est,</span> <span class='ocrx_word' id='word_1_80' title='bbox 445 746 564 767; x_wconf 83' lang='lat' dir='ltr'>servare</span> <span class='ocrx_word' id='word_1_81' title='bbox 589 747 622 767; x_wconf 90' lang='lat' dir='ltr'>se</span> <span class='ocrx_word' id='word_1_82' title='bbox 646 737 751 777; x_wconf 89' lang='lat' dir='ltr'>ipsum</span> <span class='ocrx_word' id='word_1_83' title='bbox 779 735 1006 777; x_wconf 83' lang='lat' dir='ltr'>qualiscunque</span> <span class='ocrx_word' id='word_1_84' title='bbox 1028 736 1080 771; x_wconf 82' lang='lat' dir='ltr'>sit,</span> <span class='ocrx_word' id='word_1_85' title='bbox 1092 740 1188 777; x_wconf 81' lang='lat' dir='ltr'>atque</span> <span class='ocrx_word' id='word_1_86' title='bbox 1200 746 1275 766; x_wconf 83' lang='lat' dir='ltr'>sna:</span> <span class='ocrx_word' id='word_1_87' title='bbox 1299 741 1382 767; x_wconf 90' lang='lat' dir='ltr'>certe</span> <span class='ocrx_word' id='word_1_88' title='bbox 1394 736 1527 768; x_wconf 89' lang='lat' dir='ltr'>ridicula</span> <span class='ocrx_word' id='word_1_89' title='bbox 1541 736 1599 767; x_wconf 84' lang='lat' dir='ltr'>tibi</span> 
     </span>
     <span class='ocr_line' id='line_1_9' title="bbox 135 789 1599 831; baseline 0 -11"><span class='ocrx_word' id='word_1_90' title='bbox 135 789 322 831; x_wconf 81' lang='lat' dir='ltr'>vituperatio</span> <span class='ocrx_word' id='word_1_91' title='bbox 337 794 385 821; x_wconf 90' lang='lat' dir='ltr'>est</span> <span class='ocrx_word' id='word_1_92' title='bbox 396 790 543 821; x_wconf 85' lang='lat' dir='ltr'>adversus</span> <span class='ocrx_word' id='word_1_93' title='bbox 554 790 774 821; x_wconf 85' lang='lat' dir='ltr'>machinarium</span> <span class='ocrx_word' id='word_1_94' title='bbox 790 790 839 820; x_wconf 90' lang='lat' dir='ltr'>vel</span> <span class='ocrx_word' id='word_1_95' title='bbox 857 789 1011 820; x_wconf 88' lang='lat' dir='ltr'>medicum</span> <span class='ocrx_word' id='word_1_96' title='bbox 1025 789 1143 820; x_wconf 81' lang='lat' dir='ltr'>aliasve</span> <span class='ocrx_word' id='word_1_97' title='bbox 1164 794 1256 826; x_wconf 85' lang='lat' dir='ltr'>artes,</span> <span class='ocrx_word' id='word_1_98' title='bbox 1272 795 1475 831; x_wconf 87' lang='lat' dir='ltr'>quotcunque</span> <span class='ocrx_word' id='word_1_99' title='bbox 1490 789 1599 826; x_wconf 79' lang='lat' dir='ltr'>salutis</span> 
     </span>
     <span class='ocr_line' id='line_1_10' title="bbox 136 842 1598 884; baseline -0.001 -10"><span class='ocrx_word' id='word_1_100' title='bbox 136 843 234 884; x_wconf 72' lang='lat' dir='ltr'>gratia</span> <span class='ocrx_word' id='word_1_101' title='bbox 248 847 321 874; x_wconf 86' lang='lat' dir='ltr'>sunt</span> <span class='ocrx_word' id='word_1_102' title='bbox 334 844 481 876; x_wconf 85' lang='lat' dir='ltr'>inventae.</span> <span class='ocrx_word' id='word_1_103' title='bbox 527 843 687 878; x_wconf 84' lang='lat' dir='ltr'>Ceterum,</span> <span class='ocrx_word' id='word_1_104' title='bbox 701 854 720 874; x_wconf 92' lang='lat' dir='ltr'>o</span> <span class='ocrx_word' id='word_1_105' title='bbox 736 843 838 879; x_wconf 80' lang='lat' dir='ltr'>beate,</span> <span class='ocrx_word' id='word_1_106' title='bbox 854 843 926 874; x_wconf 90' lang='lat' dir='ltr'>vide</span> <span class='ocrx_word' id='word_1_107' title='bbox 942 853 982 874; x_wconf 88' lang='lat' dir='ltr'>ne</span> <span class='ocrx_word' id='word_1_108' title='bbox 1004 842 1089 873; x_wconf 84' lang='lat' dir='ltr'>aliud</span> <span class='ocrx_word' id='word_1_109' title='bbox 1107 843 1148 874; x_wconf 89' lang='lat' dir='ltr'>sit</span> <span class='ocrx_word' id='word_1_110' title='bbox 1159 853 1342 884; x_wconf 86' lang='lat' dir='ltr'>generosum</span> <span class='ocrx_word' id='word_1_111' title='bbox 1358 848 1453 884; x_wconf 87' lang='lat' dir='ltr'>atque</span> <span class='ocrx_word' id='word_1_112' title='bbox 1469 843 1598 883; x_wconf 88' lang='lat' dir='ltr'>bonum,</span> 
     </span>
     <span class='ocr_line' id='line_1_11' title="bbox 135 895 1597 938; baseline 0.001 -11"><span class='ocrx_word' id='word_1_113' title='bbox 135 905 229 936; x_wconf 80' lang='lat' dir='ltr'>quam</span> <span class='ocrx_word' id='word_1_114' title='bbox 244 906 363 928; x_wconf 86' lang='lat' dir='ltr'>servare</span> <span class='ocrx_word' id='word_1_115' title='bbox 379 901 474 938; x_wconf 86' lang='lat' dir='ltr'>atque</span> <span class='ocrx_word' id='word_1_116' title='bbox 488 897 612 928; x_wconf 83' lang='lat' dir='ltr'>servari.</span> <span class='ocrx_word' id='word_1_117' title='bbox 657 896 772 938; x_wconf 81' lang='lat' dir='ltr'>Neque</span> <span class='ocrx_word' id='word_1_118' title='bbox 788 895 872 927; x_wconf 87' lang='lat' dir='ltr'>enim</span> <span class='ocrx_word' id='word_1_119' title='bbox 889 896 992 926; x_wconf 88' lang='lat' dir='ltr'>vivere</span> <span class='ocrx_word' id='word_1_120' title='bbox 1015 896 1065 926; x_wconf 89' lang='lat' dir='ltr'>hic</span> <span class='ocrx_word' id='word_1_121' title='bbox 1091 901 1372 937; x_wconf 80' lang='lat' dir='ltr'>quantumcunque</span> <span class='ocrx_word' id='word_1_122' title='bbox 1387 901 1523 938; x_wconf 86' lang='lat' dir='ltr'>tempus,</span> <span class='ocrx_word' id='word_1_123' title='bbox 1539 907 1597 938; x_wconf 91' lang='lat' dir='ltr'>op-</span> 
     </span>
     <span class='ocr_line' id='line_1_12' title="bbox 135 948 1595 991; baseline 0 -10"><span class='ocrx_word' id='word_1_124' title='bbox 135 950 266 982; x_wconf 84' lang='lat' dir='ltr'>tandum</span> <span class='ocrx_word' id='word_1_125' title='bbox 278 954 326 982; x_wconf 85' lang='lat' dir='ltr'>est</span> <span class='ocrx_word' id='word_1_126' title='bbox 343 950 420 988; x_wconf 83' lang='lat' dir='ltr'>viro,</span> <span class='ocrx_word' id='word_1_127' title='bbox 433 950 487 991; x_wconf 91' lang='lat' dir='ltr'>qui</span> <span class='ocrx_word' id='word_1_128' title='bbox 504 961 573 981; x_wconf 87' lang='lat' dir='ltr'>vere</span> <span class='ocrx_word' id='word_1_129' title='bbox 589 949 631 980; x_wconf 86' lang='lat' dir='ltr'>sit</span> <span class='ocrx_word' id='word_1_130' title='bbox 645 949 709 980; x_wconf 89' lang='lat' dir='ltr'>vir:</span> <span class='ocrx_word' id='word_1_131' title='bbox 734 959 838 990; x_wconf 88' lang='lat' dir='ltr'>neque</span> <span class='ocrx_word' id='word_1_132' title='bbox 854 948 918 979; x_wconf 85' lang='lat' dir='ltr'>vita</span> <span class='ocrx_word' id='word_1_133' title='bbox 931 949 998 980; x_wconf 83' lang='lat' dir='ltr'>haec</span> <span class='ocrx_word' id='word_1_134' title='bbox 1013 950 1147 980; x_wconf 82' lang='lat' dir='ltr'>amanda</span> <span class='ocrx_word' id='word_1_135' title='bbox 1162 954 1221 986; x_wconf 88' lang='lat' dir='ltr'>est,</span> <span class='ocrx_word' id='word_1_136' title='bbox 1236 950 1290 981; x_wconf 87' lang='lat' dir='ltr'>sed</span> <span class='ocrx_word' id='word_1_137' title='bbox 1306 951 1387 982; x_wconf 86' lang='lat' dir='ltr'>hanc</span> <span class='ocrx_word' id='word_1_138' title='bbox 1404 950 1475 981; x_wconf 88' lang='lat' dir='ltr'>Deo</span> <span class='ocrx_word' id='word_1_139' title='bbox 1490 961 1595 982; x_wconf 84' lang='lat' dir='ltr'>curam</span> 
     </span>
     <span class='ocr_line' id='line_1_13' title="bbox 136 1002 1599 1046; baseline 0.001 -12"><span class='ocrx_word' id='word_1_140' title='bbox 136 1002 308 1044; x_wconf 72' lang='lat' dir='ltr'>relinquere</span> <span class='ocrx_word' id='word_1_141' title='bbox 321 1003 470 1034; x_wconf 87' lang='lat' dir='ltr'>debemus</span> <span class='ocrx_word' id='word_1_142' title='bbox 485 1015 493 1034; x_wconf 74' lang='grc' dir='ltr'><strong><em>ε</em></strong></span> <span class='ocrx_word' id='word_1_143' title='bbox 516 1003 760 1044; x_wconf 83' lang='lat' dir='ltr'>mulieribusque</span> <span class='ocrx_word' id='word_1_144' title='bbox 775 1002 837 1033; x_wconf 86' lang='lat' dir='ltr'>fide</span> <span class='ocrx_word' id='word_1_145' title='bbox 855 1002 1008 1038; x_wconf 80' lang='lat' dir='ltr'>adhibita,</span> <span class='ocrx_word' id='word_1_146' title='bbox 1024 1002 1202 1034; x_wconf 84' lang='lat' dir='ltr'>dicentibus</span> <span class='ocrx_word' id='word_1_147' title='bbox 1223 1003 1380 1034; x_wconf 88' lang='lat' dir='ltr'>neminem</span> <span class='ocrx_word' id='word_1_148' title='bbox 1394 1004 1491 1035; x_wconf 83' lang='lat' dir='ltr'>vitare</span> <span class='ocrx_word' id='word_1_149' title='bbox 1506 1015 1599 1046; x_wconf 85' lang='lat' dir='ltr'>posse</span> 
     </span>
     <span class='ocr_line' id='line_1_14' title="bbox 137 1056 1599 1100; baseline 0.001 -12"><span class='ocrx_word' id='word_1_150' title='bbox 137 1057 248 1095; x_wconf 68' lang='lat' dir='ltr'>fatum,</span> <span class='ocrx_word' id='word_1_151' title='bbox 263 1057 296 1088; x_wconf 87' lang='lat' dir='ltr'>id</span> <span class='ocrx_word' id='word_1_152' title='bbox 313 1057 345 1088; x_wconf 86' lang='lat' dir='ltr'>in</span> <span class='ocrx_word' id='word_1_153' title='bbox 361 1057 466 1099; x_wconf 86' lang='lat' dir='ltr'>primis</span> <span class='ocrx_word' id='word_1_154' title='bbox 482 1057 691 1094; x_wconf 87' lang='lat' dir='ltr'>considerare,</span> <span class='ocrx_word' id='word_1_155' title='bbox 704 1067 767 1098; x_wconf 82' lang='lat' dir='ltr'>qua</span> <span class='ocrx_word' id='word_1_156' title='bbox 782 1056 903 1087; x_wconf 84' lang='lat' dir='ltr'>ratione</span> <span class='ocrx_word' id='word_1_157' title='bbox 917 1056 948 1086; x_wconf 91' lang='lat' dir='ltr'>in</span> <span class='ocrx_word' id='word_1_158' title='bbox 964 1057 1024 1087; x_wconf 87' lang='lat' dir='ltr'>hoc</span> <span class='ocrx_word' id='word_1_159' title='bbox 1039 1056 1108 1097; x_wconf 85' lang='lat' dir='ltr'>ipso</span> <span class='ocrx_word' id='word_1_160' title='bbox 1125 1062 1276 1098; x_wconf 81' lang='lat' dir='ltr'>tempore,</span> <span class='ocrx_word' id='word_1_161' title='bbox 1292 1067 1355 1098; x_wconf 89' lang='lat' dir='ltr'>quo</span> <span class='ocrx_word' id='word_1_162' title='bbox 1372 1058 1433 1088; x_wconf 85' lang='lat' dir='ltr'>vita</span> <span class='ocrx_word' id='word_1_163' title='bbox 1447 1057 1599 1100; x_wconf 84' lang='lat' dir='ltr'>fungitur,</span> 
     </span>
     <span class='ocr_line' id='line_1_15' title="bbox 135 1106 1598 1154; baseline -0.001 -12"><span class='ocrx_word' id='word_1_164' title='bbox 135 1120 230 1152; x_wconf 78' lang='lat' dir='ltr'>quam</span> <span class='ocrx_word' id='word_1_165' title='bbox 245 1112 364 1152; x_wconf 85' lang='lat' dir='ltr'>optime</span> <span class='ocrx_word' id='word_1_166' title='bbox 380 1111 474 1143; x_wconf 81' lang='lat' dir='ltr'>vivat.</span> <span class='ocrx_word' id='word_1_167' title='bbox 521 1110 672 1152; x_wconf 88' lang='lat' dir='ltr'>Nunquid</span> <span class='ocrx_word' id='word_1_168' title='bbox 689 1111 821 1147; x_wconf 87' lang='lat' dir='ltr'>civibus,</span> <span class='ocrx_word' id='word_1_169' title='bbox 837 1110 1023 1151; x_wconf 81' lang='lat' dir='ltr'>quibuscum</span> <span class='ocrx_word' id='word_1_170' title='bbox 1037 1106 1127 1150; x_wconf 75' lang='lat' dir='ltr'>vivit,</span> <span class='ocrx_word' id='word_1_171' title='bbox 1138 1110 1324 1151; x_wconf 84' lang='lat' dir='ltr'>persimilem</span> <span class='ocrx_word' id='word_1_172' title='bbox 1349 1111 1446 1153; x_wconf 79' lang='grc'><strong>[513]</strong></span> <span class='ocrx_word' id='word_1_173' title='bbox 1469 1123 1502 1143; x_wconf 83' lang='lat' dir='ltr'>se</span> <span class='ocrx_word' id='word_1_174' title='bbox 1517 1123 1598 1154; x_wconf 78' lang='lat' dir='ltr'>prae-</span> 
     </span>
     <span class='ocr_line' id='line_1_16' title="bbox 135 1164 1600 1208; baseline 0.001 -12"><span class='ocrx_word' id='word_1_175' title='bbox 135 1165 248 1196; x_wconf 75' lang='lat' dir='ltr'>stando</span> <span class='ocrx_word' id='word_1_176' title='bbox 261 1165 272 1195; x_wconf 83' lang='lat'>?</span> <span class='ocrx_word' id='word_1_177' title='bbox 295 1170 328 1196; x_wconf 89' lang='lat' dir='ltr'>et</span> <span class='ocrx_word' id='word_1_178' title='bbox 341 1165 484 1206; x_wconf 87' lang='lat' dir='ltr'>nunquid</span> <span class='ocrx_word' id='word_1_179' title='bbox 500 1169 645 1206; x_wconf 84' lang='lat' dir='ltr'>oporteat</span> <span class='ocrx_word' id='word_1_180' title='bbox 659 1170 691 1196; x_wconf 91' lang='lat' dir='ltr'>te</span> <span class='ocrx_word' id='word_1_181' title='bbox 714 1175 797 1195; x_wconf 90' lang='lat' dir='ltr'>nunc</span> <span class='ocrx_word' id='word_1_182' title='bbox 822 1164 1010 1195; x_wconf 87' lang='lat' dir='ltr'>simillimum</span> <span class='ocrx_word' id='word_1_183' title='bbox 1027 1165 1158 1195; x_wconf 87' lang='lat' dir='ltr'>evadere</span> <span class='ocrx_word' id='word_1_184' title='bbox 1173 1164 1557 1208; x_wconf 78' lang='lat' dir='ltr'>Atheniensium-populo,</span> <span class='ocrx_word' id='word_1_185' title='bbox 1573 1166 1600 1198; x_wconf 88' lang='lat' dir='ltr'>si</span> 
     </span>
     <span class='ocr_line' id='line_1_17' title="bbox 136 1216 1598 1260; baseline -0.001 -9"><span class='ocrx_word' id='word_1_186' title='bbox 136 1217 253 1251; x_wconf 72' lang='lat' dir='ltr'>amicus</span> <span class='ocrx_word' id='word_1_187' title='bbox 268 1217 343 1250; x_wconf 85' lang='lat' dir='ltr'>huic</span> <span class='ocrx_word' id='word_1_188' title='bbox 357 1219 398 1250; x_wconf 88' lang='lat' dir='ltr'>sis</span> <span class='ocrx_word' id='word_1_189' title='bbox 413 1219 533 1249; x_wconf 80' lang='lat' dir='ltr'>futurus</span> <span class='ocrx_word' id='word_1_190' title='bbox 550 1228 733 1260; x_wconf 75' lang='lat' dir='ltr'>magnaeque</span> <span class='ocrx_word' id='word_1_191' title='bbox 746 1217 940 1249; x_wconf 77' lang='lat' dir='ltr'>auctoritatis</span> <span class='ocrx_word' id='word_1_192' title='bbox 955 1217 990 1248; x_wconf 89' lang='lat' dir='ltr'>in</span> <span class='ocrx_word' id='word_1_193' title='bbox 1006 1217 1125 1259; x_wconf 88' lang='lat' dir='ltr'>populo</span> <span class='ocrx_word' id='word_1_194' title='bbox 1138 1217 1149 1247; x_wconf 89' lang='lat'>?</span> <span class='ocrx_word' id='word_1_195' title='bbox 1167 1236 1170 1247; x_wconf 79' lang='grc'>-,</span> <span class='ocrx_word' id='word_1_196' title='bbox 1195 1216 1368 1248; x_wconf 82' lang='lat' dir='ltr'>Considera</span> <span class='ocrx_word' id='word_1_197' title='bbox 1379 1218 1484 1259; x_wconf 86' lang='lat' dir='ltr'>igitur,</span> <span class='ocrx_word' id='word_1_198' title='bbox 1497 1223 1598 1250; x_wconf 87' lang='lat' dir='ltr'>utrum</span> 
     </span>
     <span class='ocr_line' id='line_1_18' title="bbox 136 1270 1600 1314; baseline 0.001 -12"><span class='ocrx_word' id='word_1_199' title='bbox 136 1271 168 1303; x_wconf 87' lang='lat' dir='ltr'>id</span> <span class='ocrx_word' id='word_1_200' title='bbox 185 1271 243 1302; x_wconf 83' lang='lat' dir='ltr'>tibi</span> <span class='ocrx_word' id='word_1_201' title='bbox 258 1271 397 1313; x_wconf 87' lang='lat' dir='ltr'>mihique</span> <span class='ocrx_word' id='word_1_202' title='bbox 414 1272 574 1314; x_wconf 76' lang='lat' dir='ltr'>expediat,</span> <span class='ocrx_word' id='word_1_203' title='bbox 590 1281 690 1303; x_wconf 87' lang='lat' dir='ltr'>necne</span> <span class='ocrx_word' id='word_1_204' title='bbox 700 1282 713 1302; x_wconf 53' lang='lat'>2·</span> <span class='ocrx_word' id='word_1_205' title='bbox 736 1281 816 1302; x_wconf 86' lang='lat' dir='ltr'>neve</span> <span class='ocrx_word' id='word_1_206' title='bbox 830 1271 863 1301; x_wconf 90' lang='lat' dir='ltr'>id</span> <span class='ocrx_word' id='word_1_207' title='bbox 885 1271 1023 1308; x_wconf 77' lang='lat' dir='ltr'>nobis,[0</span> <span class='ocrx_word' id='word_1_208' title='bbox 1039 1271 1130 1302; x_wconf 82' lang='lat' dir='ltr'>beate</span> <span class='ocrx_word' id='word_1_209' title='bbox 1145 1270 1201 1307; x_wconf 89' lang='lat' dir='ltr'>vir,</span> <span class='ocrx_word' id='word_1_210' title='bbox 1217 1271 1352 1308; x_wconf 85' lang='lat' dir='ltr'>eveniat,</span> <span class='ocrx_word' id='word_1_211' title='bbox 1367 1273 1453 1313; x_wconf 91' lang='lat' dir='ltr'>quod</span> <span class='ocrx_word' id='word_1_212' title='bbox 1467 1272 1600 1304; x_wconf 78' lang='lat' dir='ltr'>Thessa-</span> 
     </span>
     <span class='ocr_line' id='line_1_19' title="bbox 133 1324 1598 1368; baseline 0.002 -13"><span class='ocrx_word' id='word_1_213' title='bbox 133 1324 204 1356; x_wconf 82' lang='lat' dir='ltr'>licis</span> <span class='ocrx_word' id='word_1_214' title='bbox 219 1325 398 1356; x_wconf 87' lang='lat' dir='ltr'>mulieribus</span> <span class='ocrx_word' id='word_1_215' title='bbox 423 1325 653 1357; x_wconf 84' lang='lat' dir='ltr'>deducentibus</span> <span class='ocrx_word' id='word_1_216' title='bbox 677 1325 781 1356; x_wconf 85' lang='lat' dir='ltr'>lunam</span> <span class='ocrx_word' id='word_1_217' title='bbox 806 1324 930 1356; x_wconf 88' lang='lat' dir='ltr'>evenire</span> <span class='ocrx_word' id='word_1_218' title='bbox 951 1325 1088 1361; x_wconf 84' lang='lat' dir='ltr'>tradunt,</span> <span class='ocrx_word' id='word_1_219' title='bbox 1103 1335 1174 1356; x_wconf 89' lang='lat' dir='ltr'>cum</span> <span class='ocrx_word' id='word_1_220' title='bbox 1197 1325 1390 1357; x_wconf 83' lang='lat' dir='ltr'>amicissimis</span> <span class='ocrx_word' id='word_1_221' title='bbox 1405 1326 1492 1368; x_wconf 85' lang='lat' dir='ltr'>optio</span> <span class='ocrx_word' id='word_1_222' title='bbox 1507 1327 1598 1358; x_wconf 81' lang='lat' dir='ltr'>nobis</span> 
     </span>
     <span class='ocr_line' id='line_1_20' title="bbox 134 1377 1598 1424; baseline 0.001 -14"><span class='ocrx_word' id='word_1_223' title='bbox 134 1378 186 1424; x_wconf 17' lang='lat' dir='ltr'>sit&gt;</span> <span class='ocrx_word' id='word_1_224' title='bbox 196 1377 290 1420; x_wconf 79' lang='lat' dir='ltr'>huJus</span> <span class='ocrx_word' id='word_1_225' title='bbox 317 1380 478 1421; x_wconf 71' lang='lat' dir='ltr'>potentias.</span> <span class='ocrx_word' id='word_1_226' title='bbox 522 1380 557 1410; x_wconf 91' lang='lat' dir='ltr'>Si</span> <span class='ocrx_word' id='word_1_227' title='bbox 585 1384 691 1411; x_wconf 81' lang='lat' dir='ltr'>autem</span> <span class='ocrx_word' id='word_1_228' title='bbox 712 1379 779 1420; x_wconf 87' lang='lat' dir='ltr'>ipse</span> <span class='ocrx_word' id='word_1_229' title='bbox 803 1383 908 1420; x_wconf 81' lang='lat' dir='ltr'>putas,</span> <span class='ocrx_word' id='word_1_230' title='bbox 933 1379 1112 1420; x_wconf 84' lang='lat' dir='ltr'>quempiam</span> <span class='ocrx_word' id='word_1_231' title='bbox 1136 1379 1298 1411; x_wconf 87' lang='lat' dir='ltr'>homiuum</span> <span class='ocrx_word' id='word_1_232' title='bbox 1318 1385 1415 1411; x_wconf 84' lang='lat' dir='ltr'>artem</span> <span class='ocrx_word' id='word_1_233' title='bbox 1439 1380 1598 1421; x_wconf 82' lang='lat' dir='ltr'>quandam</span> 
     </span>
     <span class='ocr_line' id='line_1_21' title="bbox 132 1431 1598 1476; baseline 0.001 -12"><span class='ocrx_word' id='word_1_234' title='bbox 132 1431 288 1474; x_wconf 80' lang='lat' dir='ltr'>ejusmodi</span> <span class='ocrx_word' id='word_1_235' title='bbox 303 1434 497 1475; x_wconf 86' lang='lat' dir='ltr'>traditurum,</span> <span class='ocrx_word' id='word_1_236' title='bbox 514 1445 569 1476; x_wconf 86' lang='lat' dir='ltr'>per</span> <span class='ocrx_word' id='word_1_237' title='bbox 583 1445 676 1475; x_wconf 81' lang='lat' dir='ltr'>quam</span> <span class='ocrx_word' id='word_1_238' title='bbox 694 1435 726 1465; x_wconf 88' lang='lat' dir='ltr'>in</span> <span class='ocrx_word' id='word_1_239' title='bbox 747 1433 876 1465; x_wconf 82' lang='lat' dir='ltr'>civitate</span> <span class='ocrx_word' id='word_1_240' title='bbox 902 1434 960 1464; x_wconf 86' lang='lat' dir='ltr'>hac</span> <span class='ocrx_word' id='word_1_241' title='bbox 986 1439 1099 1474; x_wconf 89' lang='lat' dir='ltr'>potens</span> <span class='ocrx_word' id='word_1_242' title='bbox 1115 1432 1271 1474; x_wconf 85' lang='lat' dir='ltr'>efficiaris,</span> <span class='ocrx_word' id='word_1_243' title='bbox 1287 1434 1428 1475; x_wconf 86' lang='lat' dir='ltr'>quamvis</span> <span class='ocrx_word' id='word_1_244' title='bbox 1443 1434 1598 1475; x_wconf 88' lang='lat' dir='ltr'>guberna-</span> 
     </span>
     <span class='ocr_line' id='line_1_22' title="bbox 133 1485 1597 1529; baseline 0.001 -12"><span class='ocrx_word' id='word_1_245' title='bbox 133 1485 213 1518; x_wconf 84' lang='lat' dir='ltr'>tioni</span> <span class='ocrx_word' id='word_1_246' title='bbox 229 1487 364 1529; x_wconf 83' lang='lat' dir='ltr'>publicae</span> <span class='ocrx_word' id='word_1_247' title='bbox 380 1488 420 1520; x_wconf 86' lang='lat' dir='ltr'>sis</span> <span class='ocrx_word' id='word_1_248' title='bbox 435 1488 604 1525; x_wconf 87' lang='lat' dir='ltr'>dissimilis,</span> <span class='ocrx_word' id='word_1_249' title='bbox 628 1488 692 1519; x_wconf 87' lang='lat' dir='ltr'>sive</span> <span class='ocrx_word' id='word_1_250' title='bbox 714 1487 823 1519; x_wconf 86' lang='lat' dir='ltr'>melior</span> <span class='ocrx_word' id='word_1_251' title='bbox 845 1487 909 1519; x_wconf 85' lang='lat' dir='ltr'>sive</span> <span class='ocrx_word' id='word_1_252' title='bbox 935 1485 1083 1524; x_wconf 84' lang='lat' dir='ltr'>deterior,</span> <span class='ocrx_word' id='word_1_253' title='bbox 1099 1487 1342 1528; x_wconf 77' lang='lat' dir='ltr'>haudquaquam</span> <span class='ocrx_word' id='word_1_254' title='bbox 1356 1491 1452 1525; x_wconf 86' lang='lat' dir='ltr'>recte,</span> <span class='ocrx_word' id='word_1_255' title='bbox 1468 1492 1504 1518; x_wconf 89' lang='lat' dir='ltr'>ut</span> <span class='ocrx_word' id='word_1_256' title='bbox 1520 1488 1597 1518; x_wconf 87' lang='lat' dir='ltr'>mihi</span> 
     </span>
     <span class='ocr_line' id='line_1_23' title="bbox 132 1539 1595 1584; baseline 0.001 -14"><span class='ocrx_word' id='word_1_257' title='bbox 132 1539 264 1578; x_wconf 81' lang='lat' dir='ltr'>videtur,</span> <span class='ocrx_word' id='word_1_258' title='bbox 279 1553 299 1572; x_wconf 87' lang='grc' dir='ltr'>υ</span> <span class='ocrx_word' id='word_1_259' title='bbox 315 1541 472 1579; x_wconf 83' lang='lat' dir='ltr'>Callicles,</span> <span class='ocrx_word' id='word_1_260' title='bbox 488 1543 619 1584; x_wconf 83' lang='lat' dir='ltr'>cogitas.</span> <span class='ocrx_word' id='word_1_261' title='bbox 664 1542 740 1573; x_wconf 92' lang='lat' dir='ltr'>Non</span> <span class='ocrx_word' id='word_1_262' title='bbox 756 1541 840 1573; x_wconf 89' lang='lat' dir='ltr'>enim</span> <span class='ocrx_word' id='word_1_263' title='bbox 863 1540 1064 1578; x_wconf 84' lang='lat' dir='ltr'>imitatorem,</span> <span class='ocrx_word' id='word_1_264' title='bbox 1080 1551 1185 1572; x_wconf 87' lang='lat' dir='ltr'>verum</span> <span class='ocrx_word' id='word_1_265' title='bbox 1200 1541 1269 1582; x_wconf 83' lang='lat' dir='ltr'>ipsa</span> <span class='ocrx_word' id='word_1_266' title='bbox 1282 1545 1392 1572; x_wconf 85' lang='lat' dir='ltr'>natura</span> <span class='ocrx_word' id='word_1_267' title='bbox 1407 1541 1595 1582; x_wconf 86' lang='lat' dir='ltr'>persimilem</span> 
     </span>
     <span class='ocr_line' id='line_1_24' title="bbox 132 1585 1597 1639; baseline 0.001 -14"><span class='ocrx_word' id='word_1_268' title='bbox 132 1603 200 1625; x_wconf 80' lang='lat' dir='ltr'>esse</span> <span class='ocrx_word' id='word_1_269' title='bbox 215 1594 251 1625; x_wconf 78' lang='lat' dir='ltr'>iis</span> <span class='ocrx_word' id='word_1_270' title='bbox 265 1600 401 1636; x_wconf 85' lang='lat' dir='ltr'>oportet,</span> <span class='ocrx_word' id='word_1_271' title='bbox 416 1596 443 1627; x_wconf 85' lang='lat' dir='ltr'>si</span> <span class='ocrx_word' id='word_1_272' title='bbox 457 1607 605 1639; x_wconf 85' lang='lat' dir='ltr'>magnum</span> <span class='ocrx_word' id='word_1_273' title='bbox 627 1596 747 1638; x_wconf 86' lang='lat' dir='ltr'>aliquid</span> <span class='ocrx_word' id='word_1_274' title='bbox 773 1601 971 1629; x_wconf 83' lang='lat' dir='ltr'>assecuturus</span> <span class='ocrx_word' id='word_1_275' title='bbox 998 1585 1047 1626; x_wconf 34' lang='lat' dir='ltr'>sis·</span> <span class='ocrx_word' id='word_1_276' title='bbox 1060 1595 1101 1626; x_wconf 84' lang='lat' dir='ltr'>ad</span> <span class='ocrx_word' id='word_1_277' title='bbox 1129 1594 1380 1627; x_wconf 81' lang='lat' dir='ltr'>benevolentiam</span> <span class='ocrx_word' id='word_1_278' title='bbox 1394 1595 1597 1627; x_wconf 81' lang='lat' dir='ltr'>Atheniensis</span> 
     </span>
     <span class='ocr_line' id='line_1_25' title="bbox 131 1647 1596 1693; baseline 0.001 -14"><span class='ocrx_word' id='word_1_279' title='bbox 131 1647 244 1690; x_wconf 83' lang='lat' dir='ltr'>populi</span> <span class='ocrx_word' id='word_1_280' title='bbox 257 1651 508 1691; x_wconf 84' lang='lat' dir='ltr'>comparandam,</span> <span class='ocrx_word' id='word_1_281' title='bbox 521 1661 558 1683; x_wconf 86' lang='lat' dir='ltr'>ac</span> <span class='ocrx_word' id='word_1_282' title='bbox 579 1662 636 1693; x_wconf 89' lang='lat' dir='ltr'>per</span> <span class='ocrx_word' id='word_1_283' title='bbox 661 1651 773 1683; x_wconf 88' lang='lat' dir='ltr'>Jovem</span> <span class='ocrx_word' id='word_1_284' title='bbox 798 1651 926 1692; x_wconf 90' lang='lat' dir='ltr'>insuper</span> <span class='ocrx_word' id='word_1_285' title='bbox 949 1648 1137 1692; x_wconf 83' lang='lat' dir='ltr'>Pyrilampi.</span> <span class='ocrx_word' id='word_1_286' title='bbox 1183 1649 1334 1691; x_wconf 83' lang='lat' dir='ltr'>Quisquis</span> <span class='ocrx_word' id='word_1_287' title='bbox 1360 1654 1391 1680; x_wconf 92' lang='lat' dir='ltr'>te</span> <span class='ocrx_word' id='word_1_288' title='bbox 1416 1649 1464 1680; x_wconf 84' lang='lat' dir='ltr'>his</span> <span class='ocrx_word' id='word_1_289' title='bbox 1479 1649 1596 1681; x_wconf 86' lang='lat' dir='ltr'>efficiet</span> 
     </span>
     <span class='ocr_line' id='line_1_26' title="bbox 132 1701 1597 1746; baseline 0.002 -14"><span class='ocrx_word' id='word_1_290' title='bbox 132 1701 276 1740; x_wconf 86' lang='lat' dir='ltr'>similem,</span> <span class='ocrx_word' id='word_1_291' title='bbox 291 1703 317 1734; x_wconf 90' lang='lat' dir='ltr'>is</span> <span class='ocrx_word' id='word_1_292' title='bbox 343 1703 449 1742; x_wconf 80' lang='lat' dir='ltr'>faciet,</span> <span class='ocrx_word' id='word_1_293' title='bbox 472 1706 738 1746; x_wconf 82' lang='lat' dir='ltr'>quemadmodum</span> <span class='ocrx_word' id='word_1_294' title='bbox 761 1705 864 1746; x_wconf 84' lang='lat' dir='ltr'>cupis,</span> <span class='ocrx_word' id='word_1_295' title='bbox 881 1709 913 1734; x_wconf 91' lang='lat' dir='ltr'>ut</span> <span class='ocrx_word' id='word_1_296' title='bbox 939 1703 1039 1734; x_wconf 84' lang='lat' dir='ltr'>civilis</span> <span class='ocrx_word' id='word_1_297' title='bbox 1065 1703 1105 1734; x_wconf 88' lang='lat' dir='ltr'>sis</span> <span class='ocrx_word' id='word_1_298' title='bbox 1131 1707 1226 1744; x_wconf 83' lang='lat' dir='ltr'>atque</span> <span class='ocrx_word' id='word_1_299' title='bbox 1247 1703 1426 1735; x_wconf 84' lang='lat' dir='ltr'>rhetoricus.</span> <span class='ocrx_word' id='word_1_300' title='bbox 1453 1702 1597 1745; x_wconf 82' lang='lat' dir='ltr'>,Nempe</span> 
     </span>
     <span class='ocr_line' id='line_1_27' title="bbox 133 1756 1598 1800; baseline 0.001 -14"><span class='ocrx_word' id='word_1_301' title='bbox 133 1765 241 1787; x_wconf 80' lang='lat' dir='ltr'>ornnes</span> <span class='ocrx_word' id='word_1_302' title='bbox 255 1756 295 1788; x_wconf 78' lang='lat' dir='ltr'>iis</span> <span class='ocrx_word' id='word_1_303' title='bbox 311 1758 423 1795; x_wconf 78' lang='lat' dir='ltr'>verbis,</span> <span class='ocrx_word' id='word_1_304' title='bbox 439 1769 509 1800; x_wconf 82' lang='lat' dir='ltr'>quae</span> <span class='ocrx_word' id='word_1_305' title='bbox 525 1760 589 1790; x_wconf 85' lang='lat' dir='ltr'>suis</span> <span class='ocrx_word' id='word_1_306' title='bbox 610 1759 747 1790; x_wconf 86' lang='lat' dir='ltr'>moribus</span> <span class='ocrx_word' id='word_1_307' title='bbox 772 1763 986 1790; x_wconf 83' lang='lat' dir='ltr'>consentanea</span> <span class='ocrx_word' id='word_1_308' title='bbox 1008 1762 1091 1794; x_wconf 86' lang='lat' dir='ltr'>sunt,</span> <span class='ocrx_word' id='word_1_309' title='bbox 1107 1757 1314 1794; x_wconf 84' lang='lat' dir='ltr'>delectantur,</span> <span class='ocrx_word' id='word_1_310' title='bbox 1330 1757 1521 1799; x_wconf 82' lang='lat' dir='ltr'>diversisque</span> <span class='ocrx_word' id='word_1_311' title='bbox 1534 1762 1598 1788; x_wconf 86' lang='lat' dir='ltr'>tur-</span> 
     </span>
     <span class='ocr_line' id='line_1_28' title="bbox 134 1810 1597 1854; baseline 0.001 -13"><span class='ocrx_word' id='word_1_312' title='bbox 134 1810 258 1842; x_wconf 74' lang='lat' dir='ltr'>bantur·</span> <span class='ocrx_word' id='word_1_313' title='bbox 302 1810 376 1842; x_wconf 83' lang='lat' dir='ltr'>Nisi</span> <span class='ocrx_word' id='word_1_314' title='bbox 390 1817 424 1842; x_wconf 92' lang='lat' dir='ltr'>tu</span> <span class='ocrx_word' id='word_1_315' title='bbox 441 1812 536 1853; x_wconf 86' lang='lat' dir='ltr'>forte,</span> <span class='ocrx_word' id='word_1_316' title='bbox 551 1823 570 1844; x_wconf 94' lang='grc' dir='ltr'>ο</span> <span class='ocrx_word' id='word_1_317' title='bbox 585 1812 723 1854; x_wconf 90' lang='lat' dir='ltr'>lepidum</span> <span class='ocrx_word' id='word_1_318' title='bbox 736 1818 845 1854; x_wconf 87' lang='lat' dir='ltr'>caput,</span> <span class='ocrx_word' id='word_1_319' title='bbox 861 1812 946 1843; x_wconf 89' lang='lat' dir='ltr'>aliud</span> <span class='ocrx_word' id='word_1_320' title='bbox 961 1812 1082 1843; x_wconf 80' lang='lat' dir='ltr'>afferas.</span> <span class='ocrx_word' id='word_1_321' title='bbox 1129 1811 1319 1844; x_wconf 87' lang='lat' dir='ltr'>Dicemusne</span> <span class='ocrx_word' id='word_1_322' title='bbox 1331 1812 1449 1853; x_wconf 87' lang='lat' dir='ltr'>aliquid</span> <span class='ocrx_word' id='word_1_323' title='bbox 1463 1812 1502 1842; x_wconf 82' lang='lat' dir='ltr'>ad</span> <span class='ocrx_word' id='word_1_324' title='bbox 1516 1811 1597 1850; x_wconf 84' lang='lat' dir='ltr'>haec,</span> 
     </span>
     <span class='ocr_line' id='line_1_29' title="bbox 132 1863 1596 1908; baseline 0 -14"><span class='ocrx_word' id='word_1_325' title='bbox 132 1874 151 1894; x_wconf 90' lang='grc' dir='ltr'><strong>ο</strong></span> <span class='ocrx_word' id='word_1_326' title='bbox 168 1863 336 1896; x_wconf 76' lang='lat' dir='ltr'>Callicles?</span> <span class='ocrx_word' id='word_1_327' title='bbox 383 1866 469 1898; x_wconf 57' lang='lat' dir='ltr'>Car..</span> <span class='ocrx_word' id='word_1_328' title='bbox 490 1866 609 1898; x_wconf 88' lang='lat' dir='ltr'>Nescio</span> <span class='ocrx_word' id='word_1_329' title='bbox 626 1867 786 1908; x_wconf 89' lang='lat' dir='ltr'>quomodo</span> <span class='ocrx_word' id='word_1_330' title='bbox 802 1867 883 1897; x_wconf 87' lang='lat' dir='ltr'>bene</span> <span class='ocrx_word' id='word_1_331' title='bbox 899 1866 1004 1898; x_wconf 90' lang='lat' dir='ltr'>dicere</span> <span class='ocrx_word' id='word_1_332' title='bbox 1028 1865 1106 1897; x_wconf 88' lang='lat' dir='ltr'>mihi</span> <span class='ocrx_word' id='word_1_333' title='bbox 1121 1866 1249 1906; x_wconf 83' lang='lat' dir='ltr'>videris,</span> <span class='ocrx_word' id='word_1_334' title='bbox 1273 1877 1291 1896; x_wconf 92' lang='lat' dir='ltr'>o</span> <span class='ocrx_word' id='word_1_335' title='bbox 1313 1866 1466 1896; x_wconf 76' lang='lat' dir='ltr'>Socrates.</span> <span class='ocrx_word' id='word_1_336' title='bbox 1490 1864 1596 1896; x_wconf 87' lang='lat' dir='ltr'>evenit</span> 
     </span>
     <span class='ocr_line' id='line_1_30' title="bbox 130 1917 1594 1962; baseline -0.002 -11"><span class='ocrx_word' id='word_1_337' title='bbox 130 1917 208 1951; x_wconf 83' lang='lat' dir='ltr'>mihi</span> <span class='ocrx_word' id='word_1_338' title='bbox 223 1923 339 1957; x_wconf 77' lang='lat' dir='ltr'>tamen,</span> <span class='ocrx_word' id='word_1_339' title='bbox 360 1921 445 1962; x_wconf 90' lang='lat' dir='ltr'>quod</span> <span class='ocrx_word' id='word_1_340' title='bbox 461 1919 566 1951; x_wconf 85' lang='lat' dir='ltr'>multis</span> <span class='ocrx_word' id='word_1_341' title='bbox 582 1920 725 1952; x_wconf 84' lang='lat' dir='ltr'>accidere</span> <span class='ocrx_word' id='word_1_342' title='bbox 752 1919 820 1950; x_wconf 87' lang='lat' dir='ltr'>aliis</span> <span class='ocrx_word' id='word_1_343' title='bbox 843 1920 1028 1951; x_wconf 88' lang='lat' dir='ltr'>consuevit:</span> <span class='ocrx_word' id='word_1_344' title='bbox 1053 1930 1125 1950; x_wconf 81' lang='lat' dir='ltr'>narn</span> <span class='ocrx_word' id='word_1_345' title='bbox 1152 1920 1237 1950; x_wconf 81' lang='lat' dir='ltr'>haud</span> <span class='ocrx_word' id='word_1_346' title='bbox 1257 1930 1401 1960; x_wconf 81' lang='lat' dir='ltr'>magnam</span> <span class='ocrx_word' id='word_1_347' title='bbox 1422 1919 1480 1949; x_wconf 91' lang='lat' dir='ltr'>tibi</span> <span class='ocrx_word' id='word_1_348' title='bbox 1494 1918 1594 1949; x_wconf 80' lang='lat' dir='ltr'>habeo</span> 
     </span>
     <span class='ocr_line' id='line_1_31' title="bbox 130 1962 1596 2016; baseline 0 -15"><span class='ocrx_word' id='word_1_349' title='bbox 130 1971 248 2004; x_wconf 34' lang='lat' dir='ltr'>fidem..</span> <span class='ocrx_word' id='word_1_350' title='bbox 280 1972 335 2005; x_wconf 86' lang='lat' dir='ltr'>So.</span> <span class='ocrx_word' id='word_1_351' title='bbox 357 1972 457 2005; x_wconf 89' lang='lat' dir='ltr'>Amor</span> <span class='ocrx_word' id='word_1_352' title='bbox 478 1973 600 2016; x_wconf 89' lang='lat' dir='ltr'>populi,</span> <span class='ocrx_word' id='word_1_353' title='bbox 617 1985 636 2005; x_wconf 93' lang='lat' dir='ltr'>o</span> <span class='ocrx_word' id='word_1_354' title='bbox 663 1962 824 2011; x_wconf 77' lang='lat' dir='ltr'>Callicles,</span> <span class='ocrx_word' id='word_1_355' title='bbox 840 1978 895 2004; x_wconf 88' lang='lat' dir='ltr'>tuo</span> <span class='ocrx_word' id='word_1_356' title='bbox 923 1972 1034 2004; x_wconf 89' lang='lat' dir='ltr'>insitus</span> <span class='ocrx_word' id='word_1_357' title='bbox 1061 1973 1178 2009; x_wconf 85' lang='lat' dir='ltr'>animo,</span> <span class='ocrx_word' id='word_1_358' title='bbox 1202 1972 1318 2003; x_wconf 83' lang='lat' dir='ltr'>resistit</span> <span class='ocrx_word' id='word_1_359' title='bbox 1340 1972 1427 2004; x_wconf 86' lang='lat' dir='ltr'>mihi.</span> <span class='ocrx_word' id='word_1_360' title='bbox 1451 1982 1557 2003; x_wconf 85' lang='lat' dir='ltr'>verum</span> <span class='ocrx_word' id='word_1_361' title='bbox 1569 1971 1596 2002; x_wconf 86' lang='lat' dir='ltr'>si</span> 
     </span>
     <span class='ocr_line' id='line_1_32' title="bbox 130 2026 1593 2069; baseline 0 -13"><span class='ocrx_word' id='word_1_362' title='bbox 130 2026 245 2067; x_wconf 75' lang='lat' dir='ltr'>saepius</span> <span class='ocrx_word' id='word_1_363' title='bbox 268 2026 442 2069; x_wconf 87' lang='lat' dir='ltr'>meliusque</span> <span class='ocrx_word' id='word_1_364' title='bbox 466 2029 535 2059; x_wconf 89' lang='lat' dir='ltr'>haec</span> <span class='ocrx_word' id='word_1_365' title='bbox 558 2028 670 2059; x_wconf 88' lang='lat' dir='ltr'>eadem</span> <span class='ocrx_word' id='word_1_366' title='bbox 695 2027 1005 2067; x_wconf 83' lang='lat' dir='ltr'>consideraverimus,</span> <span class='ocrx_word' id='word_1_367' title='bbox 1020 2026 1078 2058; x_wconf 87' lang='lat' dir='ltr'>tibi</span> <span class='ocrx_word' id='word_1_368' title='bbox 1100 2027 1179 2058; x_wconf 82' lang='lat' dir='ltr'>forte</span> <span class='ocrx_word' id='word_1_369' title='bbox 1203 2026 1378 2068; x_wconf 86' lang='lat' dir='ltr'>probabilia</span> <span class='ocrx_word' id='word_1_370' title='bbox 1393 2026 1593 2057; x_wconf 89' lang='lat' dir='ltr'>videbuntur.</span> 
     </span>
     <span class='ocr_line' id='line_1_33' title="bbox 129 2077 1594 2123; baseline 0 -13"><span class='ocrx_word' id='word_1_371' title='bbox 129 2077 308 2114; x_wconf 74' lang='lat' dir='ltr'>Recordare</span> <span class='ocrx_word' id='word_1_372' title='bbox 322 2081 429 2123; x_wconf 85' lang='lat' dir='ltr'>igitur,</span> <span class='ocrx_word' id='word_1_373' title='bbox 445 2083 522 2113; x_wconf 84' lang='lat' dir='ltr'>duas</span> <span class='ocrx_word' id='word_1_374' title='bbox 537 2092 556 2112; x_wconf 91' lang='lat' dir='ltr'>a</span> <span class='ocrx_word' id='word_1_375' title='bbox 570 2082 661 2113; x_wconf 88' lang='lat' dir='ltr'>nobis</span> <span class='ocrx_word' id='word_1_376' title='bbox 676 2086 812 2112; x_wconf 88' lang='lat' dir='ltr'>narratas</span> <span class='ocrx_word' id='word_1_377' title='bbox 828 2092 895 2112; x_wconf 89' lang='lat' dir='ltr'>esse</span> <span class='ocrx_word' id='word_1_378' title='bbox 912 2081 1167 2122; x_wconf 79' lang='lat' dir='ltr'>praeparationes,</span> <span class='ocrx_word' id='word_1_379' title='bbox 1185 2086 1246 2111; x_wconf 84' lang='lat' dir='ltr'>tarn</span> <span class='ocrx_word' id='word_1_380' title='bbox 1262 2081 1302 2111; x_wconf 91' lang='lat' dir='ltr'>ad</span> <span class='ocrx_word' id='word_1_381' title='bbox 1316 2091 1441 2122; x_wconf 66' lang='lat' dir='ltr'>corpus),</span> <span class='ocrx_word' id='word_1_382' title='bbox 1452 2080 1538 2121; x_wconf 88' lang='lat' dir='ltr'>quod</span> <span class='ocrx_word' id='word_1_383' title='bbox 1553 2080 1594 2110; x_wconf 87' lang='lat' dir='ltr'>ad</span> 
     </span>
     <span class='ocr_line' id='line_1_34' title="bbox 129 2133 1594 2178; baseline 0 -14"><span class='ocrx_word' id='word_1_384' title='bbox 129 2134 267 2165; x_wconf 79' lang='lat' dir='ltr'>animum</span> <span class='ocrx_word' id='word_1_385' title='bbox 288 2135 495 2176; x_wconf 85' lang='lat' dir='ltr'>pertinentes:</span> <span class='ocrx_word' id='word_1_386' title='bbox 520 2146 651 2178; x_wconf 82' lang='lat' dir='ltr'>quarum</span> <span class='ocrx_word' id='word_1_387' title='bbox 673 2136 771 2167; x_wconf 86' lang='lat' dir='ltr'>altera</span> <span class='ocrx_word' id='word_1_388' title='bbox 793 2136 922 2177; x_wconf 88' lang='lat' dir='ltr'>quidem</span> <span class='ocrx_word' id='word_1_389' title='bbox 945 2136 1054 2166; x_wconf 86' lang='lat' dir='ltr'>tendat</span> <span class='ocrx_word' id='word_1_390' title='bbox 1069 2136 1109 2166; x_wconf 85' lang='lat' dir='ltr'>ad</span> <span class='ocrx_word' id='word_1_391' title='bbox 1136 2135 1341 2176; x_wconf 84' lang='lat' dir='ltr'>voluptatem,</span> <span class='ocrx_word' id='word_1_392' title='bbox 1356 2134 1452 2165; x_wconf 86' lang='lat' dir='ltr'>altera</span> <span class='ocrx_word' id='word_1_393' title='bbox 1467 2144 1538 2164; x_wconf 88' lang='lat' dir='ltr'>vero</span> <span class='ocrx_word' id='word_1_394' title='bbox 1554 2133 1594 2165; x_wconf 82' lang='lat' dir='ltr'>ad</span> 
     </span>
     <span class='ocr_line' id='line_1_35' title="bbox 128 2187 1594 2232; baseline 0 -14"><span class='ocrx_word' id='word_1_395' title='bbox 128 2187 162 2218; x_wconf 78' lang='lat' dir='ltr'>id</span> <span class='ocrx_word' id='word_1_396' title='bbox 174 2188 261 2230; x_wconf 88' lang='lat' dir='ltr'>quod</span> <span class='ocrx_word' id='word_1_397' title='bbox 276 2189 386 2220; x_wconf 86' lang='lat' dir='ltr'>melius</span> <span class='ocrx_word' id='word_1_398' title='bbox 413 2194 472 2227; x_wconf 83' lang='lat' dir='ltr'>est,</span> <span class='ocrx_word' id='word_1_399' title='bbox 496 2200 560 2221; x_wconf 88' lang='lat' dir='ltr'>non</span> <span class='ocrx_word' id='word_1_400' title='bbox 584 2189 775 2232; x_wconf 85' lang='lat' dir='ltr'>gratificans,</span> <span class='ocrx_word' id='word_1_401' title='bbox 792 2190 846 2220; x_wconf 89' lang='lat' dir='ltr'>sed</span> <span class='ocrx_word' id='word_1_402' title='bbox 870 2199 1060 2231; x_wconf 79' lang='lat' dir='ltr'>repugnans.</span> <span class='ocrx_word' id='word_1_403' title='bbox 1103 2189 1221 2220; x_wconf 87' lang='lat' dir='ltr'>Nonne</span> <span class='ocrx_word' id='word_1_404' title='bbox 1236 2189 1302 2219; x_wconf 85' lang='lat' dir='ltr'>haec</span> <span class='ocrx_word' id='word_1_405' title='bbox 1327 2189 1362 2219; x_wconf 89' lang='lat' dir='ltr'>in</span> <span class='ocrx_word' id='word_1_406' title='bbox 1385 2187 1594 2228; x_wconf 85' lang='lat' dir='ltr'>superioribus</span> 
     </span>
     <span class='ocr_line' id='line_1_36' title="bbox 129 2241 1594 2285; baseline -0.001 -13"><span class='ocrx_word' id='word_1_407' title='bbox 129 2241 346 2274; x_wconf 79' lang='lat' dir='ltr'>definivimus?</span> <span class='ocrx_word' id='word_1_408' title='bbox 392 2243 478 2276; x_wconf 72' lang='lat' dir='ltr'>Cu..</span> <span class='ocrx_word' id='word_1_409' title='bbox 501 2243 640 2275; x_wconf 83' lang='lat' dir='ltr'>Prorsus.</span> <span class='ocrx_word' id='word_1_410' title='bbox 684 2243 740 2276; x_wconf 84' lang='lat' dir='ltr'>So.</span> <span class='ocrx_word' id='word_1_411' title='bbox 764 2243 807 2274; x_wconf 81' lang='lat' dir='ltr'>Et</span> <span class='ocrx_word' id='word_1_412' title='bbox 819 2254 890 2285; x_wconf 88' lang='lat' dir='ltr'>quae</span> <span class='ocrx_word' id='word_1_413' title='bbox 913 2243 1108 2275; x_wconf 81' lang='lat' dir='ltr'>declinatad</span> <span class='ocrx_word' id='word_1_414' title='bbox 1124 2243 1330 2284; x_wconf 83' lang='lat' dir='ltr'>voluptatem,</span> <span class='ocrx_word' id='word_1_415' title='bbox 1346 2241 1476 2277; x_wconf 84' lang='lat' dir='ltr'>servilis,</span> <span class='ocrx_word' id='word_1_416' title='bbox 1491 2251 1594 2282; x_wconf 86' lang='lat' dir='ltr'>neque</span> 
     </span>
     <span class='ocr_line' id='line_1_37' title="bbox 129 2295 1591 2339; baseline 0.001 -13"><span class='ocrx_word' id='word_1_417' title='bbox 129 2296 296 2337; x_wconf 80' lang='lat' dir='ltr'>quiequam</span> <span class='ocrx_word' id='word_1_418' title='bbox 312 2296 398 2328; x_wconf 80' lang='lat' dir='ltr'>aliud</span> <span class='ocrx_word' id='word_1_419' title='bbox 420 2302 469 2328; x_wconf 84' lang='lat' dir='ltr'>est</span> <span class='ocrx_word' id='word_1_420' title='bbox 491 2308 585 2339; x_wconf 84' lang='lat' dir='ltr'>quam</span> <span class='ocrx_word' id='word_1_421' title='bbox 600 2296 752 2331; x_wconf 83' lang='lat' dir='ltr'>adulatio.</span> <span class='ocrx_word' id='word_1_422' title='bbox 777 2308 883 2328; x_wconf 89' lang='lat' dir='ltr'>nonne</span> <span class='ocrx_word' id='word_1_423' title='bbox 898 2297 964 2328; x_wconf 84' lang='lat' dir='ltr'>ita?</span> <span class='ocrx_word' id='word_1_424' title='bbox 1010 2298 1094 2330; x_wconf 66' lang='lat' dir='ltr'>Car..</span> <span class='ocrx_word' id='word_1_425' title='bbox 1118 2297 1195 2327; x_wconf 85' lang='lat' dir='ltr'>Esto</span> <span class='ocrx_word' id='word_1_426' title='bbox 1211 2296 1351 2338; x_wconf 88' lang='lat' dir='ltr'>quidem,</span> <span class='ocrx_word' id='word_1_427' title='bbox 1367 2295 1393 2326; x_wconf 90' lang='lat' dir='ltr'>si</span> <span class='ocrx_word' id='word_1_428' title='bbox 1405 2295 1462 2327; x_wconf 81' lang='lat' dir='ltr'>tibi</span> <span class='ocrx_word' id='word_1_429' title='bbox 1479 2295 1591 2336; x_wconf 82' lang='lat' dir='ltr'>placet.</span> 
     </span>
     <span class='ocr_line' id='line_1_38' title="bbox 128 2349 1593 2393; baseline 0 -13"><span class='ocrx_word' id='word_1_430' title='bbox 128 2349 186 2382; x_wconf 82' lang='lat' dir='ltr'>So.</span> <span class='ocrx_word' id='word_1_431' title='bbox 211 2349 318 2382; x_wconf 83' lang='lat' dir='ltr'>Altera</span> <span class='ocrx_word' id='word_1_432' title='bbox 332 2361 404 2382; x_wconf 90' lang='lat' dir='ltr'>vero</span> <span class='ocrx_word' id='word_1_433' title='bbox 419 2352 536 2388; x_wconf 85' lang='lat' dir='ltr'>studet,</span> <span class='ocrx_word' id='word_1_434' title='bbox 553 2357 588 2383; x_wconf 86' lang='lat' dir='ltr'>ut</span> <span class='ocrx_word' id='word_1_435' title='bbox 602 2361 695 2393; x_wconf 80' lang='lat' dir='ltr'>quarn</span> <span class='ocrx_word' id='word_1_436' title='bbox 721 2351 874 2392; x_wconf 84' lang='lat' dir='ltr'>optimum</span> <span class='ocrx_word' id='word_1_437' title='bbox 896 2351 947 2386; x_wconf 87' lang='lat' dir='ltr'>sit,</span> <span class='ocrx_word' id='word_1_438' title='bbox 963 2351 1048 2392; x_wconf 90' lang='lat' dir='ltr'>quod</span> <span class='ocrx_word' id='word_1_439' title='bbox 1071 2361 1226 2386; x_wconf 85' lang='lat' dir='ltr'>curamus,</span> <span class='ocrx_word' id='word_1_440' title='bbox 1242 2350 1307 2381; x_wconf 87' lang='lat' dir='ltr'>sive</span> <span class='ocrx_word' id='word_1_441' title='bbox 1327 2350 1431 2380; x_wconf 84' lang='lat' dir='ltr'>anima</span> <span class='ocrx_word' id='word_1_442' title='bbox 1445 2349 1509 2380; x_wconf 74' lang='lat' dir='ltr'>sive</span> <span class='ocrx_word' id='word_1_443' title='bbox 1524 2360 1593 2380; x_wconf 87' lang='lat' dir='ltr'>cor-</span> 
     </span>
     <span class='ocr_line' id='line_1_39' title="bbox 128 2403 1592 2447; baseline -0.001 -12"><span class='ocrx_word' id='word_1_444' title='bbox 128 2414 200 2444; x_wconf 81' lang='lat' dir='ltr'>pus.</span> <span class='ocrx_word' id='word_1_445' title='bbox 243 2404 328 2436; x_wconf 59' lang='lat' dir='ltr'>Car..</span> <span class='ocrx_word' id='word_1_446' title='bbox 351 2405 501 2436; x_wconf 88' lang='lat' dir='ltr'>Omnino.</span> <span class='ocrx_word' id='word_1_447' title='bbox 547 2406 602 2437; x_wconf 89' lang='lat' dir='ltr'>So.</span> <span class='ocrx_word' id='word_1_448' title='bbox 626 2405 727 2447; x_wconf 86' lang='lat' dir='ltr'>Igitur</span> <span class='ocrx_word' id='word_1_449' title='bbox 744 2406 787 2437; x_wconf 85' lang='lat' dir='ltr'>sic</span> <span class='ocrx_word' id='word_1_450' title='bbox 803 2405 848 2436; x_wconf 90' lang='lat' dir='ltr'>rei</span> <span class='ocrx_word' id='word_1_451' title='bbox 865 2405 999 2447; x_wconf 86' lang='lat' dir='ltr'>publicae</span> <span class='ocrx_word' id='word_1_452' title='bbox 1014 2405 1192 2446; x_wconf 87' lang='lat' dir='ltr'>civiumque</span> <span class='ocrx_word' id='word_1_453' title='bbox 1217 2404 1412 2445; x_wconf 74' lang='lat' dir='ltr'>capessenda</span> <span class='ocrx_word' id='word_1_454' title='bbox 1433 2403 1523 2434; x_wconf 85' lang='lat' dir='ltr'>nobis</span> <span class='ocrx_word' id='word_1_455' title='bbox 1544 2409 1592 2434; x_wconf 87' lang='lat' dir='ltr'>est</span> 
     </span>
     <span class='ocr_line' id='line_1_40' title="bbox 128 2457 1590 2500; baseline 0 -13"><span class='ocrx_word' id='word_1_456' title='bbox 128 2467 213 2494; x_wconf 76' lang='lat' dir='ltr'>cura,</span> <span class='ocrx_word' id='word_1_457' title='bbox 228 2465 263 2488; x_wconf 87' lang='lat' dir='ltr'>ut</span> <span class='ocrx_word' id='word_1_458' title='bbox 277 2457 360 2490; x_wconf 83' lang='lat' dir='ltr'>cives</span> <span class='ocrx_word' id='word_1_459' title='bbox 373 2459 458 2500; x_wconf 87' lang='lat' dir='ltr'>ipsos</span> <span class='ocrx_word' id='word_1_460' title='bbox 474 2460 572 2490; x_wconf 86' lang='lat' dir='ltr'>bonos</span> <span class='ocrx_word' id='word_1_461' title='bbox 587 2459 769 2492; x_wconf 87' lang='lat' dir='ltr'>efficiamus.</span> <span class='ocrx_word' id='word_1_462' title='bbox 791 2459 945 2500; x_wconf 88' lang='lat' dir='ltr'>alioquin,</span> <span class='ocrx_word' id='word_1_463' title='bbox 961 2459 1226 2500; x_wconf 86' lang='lat' dir='ltr'>quemadmodum</span> <span class='ocrx_word' id='word_1_464' title='bbox 1247 2458 1388 2499; x_wconf 87' lang='lat' dir='ltr'>superius</span> <span class='ocrx_word' id='word_1_465' title='bbox 1404 2457 1590 2493; x_wconf 85' lang='lat' dir='ltr'>invenimus,</span> 
     </span>
     <span class='ocr_line' id='line_1_41' title="bbox 125 2510 1592 2554; baseline 0 -13"><span class='ocrx_word' id='word_1_466' title='bbox 125 2510 204 2542; x_wconf 83' lang='lat' dir='ltr'>nihil</span> <span class='ocrx_word' id='word_1_467' title='bbox 220 2512 348 2552; x_wconf 84' lang='lat' dir='ltr'>prodest</span> <span class='ocrx_word' id='word_1_468' title='bbox 360 2512 547 2543; x_wconf 79' lang='lat' dir='ltr'>beneficium</span> <span class='ocrx_word' id='word_1_469' title='bbox 560 2512 646 2543; x_wconf 83' lang='lat' dir='ltr'>aliud</span> <span class='ocrx_word' id='word_1_470' title='bbox 661 2513 814 2554; x_wconf 83' lang='lat' dir='ltr'>conferre,</span> <span class='ocrx_word' id='word_1_471' title='bbox 825 2512 886 2543; x_wconf 80' lang='lat' dir='ltr'>nisi</span> <span class='ocrx_word' id='word_1_472' title='bbox 910 2513 1006 2554; x_wconf 77' lang='lat'>[514]</span> <span class='ocrx_word' id='word_1_473' title='bbox 1032 2514 1162 2543; x_wconf 83' lang='lat' dir='ltr'>honesta</span> <span class='ocrx_word' id='word_1_474' title='bbox 1177 2517 1210 2543; x_wconf 89' lang='lat' dir='ltr'>et</span> <span class='ocrx_word' id='word_1_475' title='bbox 1223 2513 1304 2544; x_wconf 87' lang='lat' dir='ltr'>bona</span> <span class='ocrx_word' id='word_1_476' title='bbox 1320 2512 1359 2542; x_wconf 91' lang='lat' dir='ltr'>sit</span> <span class='ocrx_word' id='word_1_477' title='bbox 1374 2522 1460 2543; x_wconf 88' lang='lat' dir='ltr'>mens</span> <span class='ocrx_word' id='word_1_478' title='bbox 1472 2522 1592 2548; x_wconf 87' lang='lat' dir='ltr'>eorum,</span> 
     </span>
     <span class='ocr_line' id='line_1_42' title="bbox 126 2564 1591 2608; baseline 0 -13"><span class='ocrx_word' id='word_1_479' title='bbox 126 2564 181 2605; x_wconf 85' lang='lat' dir='ltr'>qui</span> <span class='ocrx_word' id='word_1_480' title='bbox 196 2565 356 2606; x_wconf 84' lang='lat' dir='ltr'>accepturi</span> <span class='ocrx_word' id='word_1_481' title='bbox 371 2570 443 2596; x_wconf 86' lang='lat' dir='ltr'>sunt</span> <span class='ocrx_word' id='word_1_482' title='bbox 459 2566 507 2597; x_wconf 87' lang='lat' dir='ltr'>vel</span> <span class='ocrx_word' id='word_1_483' title='bbox 534 2567 683 2608; x_wconf 82' lang='lat' dir='ltr'>pecunias</span> <span class='ocrx_word' id='word_1_484' title='bbox 709 2567 823 2598; x_wconf 84' lang='lat' dir='ltr'>multas</span> <span class='ocrx_word' id='word_1_485' title='bbox 847 2567 894 2598; x_wconf 88' lang='lat' dir='ltr'>vel</span> <span class='ocrx_word' id='word_1_486' title='bbox 913 2566 1076 2608; x_wconf 88' lang='lat' dir='ltr'>imperium</span> <span class='ocrx_word' id='word_1_487' title='bbox 1092 2566 1142 2597; x_wconf 86' lang='lat' dir='ltr'>vel</span> <span class='ocrx_word' id='word_1_488' title='bbox 1158 2566 1249 2597; x_wconf 80' lang='lat' dir='ltr'>aliam</span> <span class='ocrx_word' id='word_1_489' title='bbox 1265 2566 1436 2607; x_wconf 78' lang='lat' dir='ltr'>quamlibet</span> <span class='ocrx_word' id='word_1_490' title='bbox 1452 2570 1591 2607; x_wconf 85' lang='lat' dir='ltr'>potesta-</span> 
     </span>
     <span class='ocr_line' id='line_1_43' title="bbox 127 2617 1591 2661; baseline 0 -11"><span class='ocrx_word' id='word_1_491' title='bbox 127 2623 202 2650; x_wconf 81' lang='lat' dir='ltr'>tem.</span> <span class='ocrx_word' id='word_1_492' title='bbox 248 2617 399 2650; x_wconf 84' lang='lat' dir='ltr'>Ponimus</span> <span class='ocrx_word' id='word_1_493' title='bbox 414 2619 458 2651; x_wconf 87' lang='lat' dir='ltr'>sic</span> <span class='ocrx_word' id='word_1_494' title='bbox 473 2630 553 2657; x_wconf 81' lang='lat' dir='ltr'>csse,</span> <span class='ocrx_word' id='word_1_495' title='bbox 579 2621 702 2652; x_wconf 87' lang='lat' dir='ltr'>necne?</span> <span class='ocrx_word' id='word_1_496' title='bbox 749 2621 835 2653; x_wconf 59' lang='lat' dir='ltr'>Car..</span> <span class='ocrx_word' id='word_1_497' title='bbox 858 2621 1001 2656; x_wconf 87' lang='lat' dir='ltr'>Prorsus,</span> <span class='ocrx_word' id='word_1_498' title='bbox 1016 2620 1042 2651; x_wconf 89' lang='lat' dir='ltr'>si</span> <span class='ocrx_word' id='word_1_499' title='bbox 1066 2620 1124 2650; x_wconf 85' lang='lat' dir='ltr'>tibi</span> <span class='ocrx_word' id='word_1_500' title='bbox 1148 2620 1263 2661; x_wconf 90' lang='lat' dir='ltr'>placet.</span> <span class='ocrx_word' id='word_1_501' title='bbox 1307 2619 1362 2651; x_wconf 84' lang='lat' dir='ltr'>So.</span> <span class='ocrx_word' id='word_1_502' title='bbox 1386 2619 1420 2650; x_wconf 88' lang='lat' dir='ltr'>Si</span> <span class='ocrx_word' id='word_1_503' title='bbox 1435 2629 1509 2660; x_wconf 85' lang='lat' dir='ltr'>ergo</span> <span class='ocrx_word' id='word_1_504' title='bbox 1534 2629 1591 2650; x_wconf 87' lang='lat' dir='ltr'>nos</span> 
     </span>
     <span class='ocr_line' id='line_1_44' title="bbox 125 2672 1593 2716; baseline -0.001 -14"><span class='ocrx_word' id='word_1_505' title='bbox 125 2672 272 2709; x_wconf 85' lang='lat' dir='ltr'>invicem,</span> <span class='ocrx_word' id='word_1_506' title='bbox 287 2682 306 2702; x_wconf 85' lang='lat' dir='ltr'>o</span> <span class='ocrx_word' id='word_1_507' title='bbox 331 2672 491 2710; x_wconf 82' lang='lat' dir='ltr'>Callicles,</span> <span class='ocrx_word' id='word_1_508' title='bbox 518 2675 762 2711; x_wconf 82' lang='lat' dir='ltr'>cohortaremur.</span> <span class='ocrx_word' id='word_1_509' title='bbox 778 2675 904 2716; x_wconf 87' lang='lat' dir='ltr'>publice</span> <span class='ocrx_word' id='word_1_510' title='bbox 929 2673 1037 2706; x_wconf 87' lang='lat' dir='ltr'>civilia</span> <span class='ocrx_word' id='word_1_511' title='bbox 1052 2678 1288 2714; x_wconf 83' lang='lat' dir='ltr'>pertractantes,</span> <span class='ocrx_word' id='word_1_512' title='bbox 1311 2673 1351 2703; x_wconf 90' lang='lat' dir='ltr'>ad</span> <span class='ocrx_word' id='word_1_513' title='bbox 1373 2683 1527 2704; x_wconf 88' lang='lat' dir='ltr'>murorum</span> <span class='ocrx_word' id='word_1_514' title='bbox 1544 2672 1593 2703; x_wconf 78' lang='lat' dir='ltr'>vel</span> 
     </span>
     <span class='ocr_line' id='line_1_45' title="bbox 125 2725 1593 2769; baseline -0.001 -13"><span class='ocrx_word' id='word_1_515' title='bbox 125 2725 282 2757; x_wconf 83' lang='lat' dir='ltr'>navalium</span> <span class='ocrx_word' id='word_1_516' title='bbox 298 2726 348 2756; x_wconf 87' lang='lat' dir='ltr'>vel</span> <span class='ocrx_word' id='word_1_517' title='bbox 364 2727 551 2768; x_wconf 86' lang='lat' dir='ltr'>templorum</span> <span class='ocrx_word' id='word_1_518' title='bbox 575 2728 719 2769; x_wconf 73' lang='lat' dir='ltr'>ingentia</span> <span class='ocrx_word' id='word_1_519' title='bbox 744 2728 900 2760; x_wconf 78' lang='lat' dir='ltr'>aetlificia:</span> <span class='ocrx_word' id='word_1_520' title='bbox 925 2734 1026 2759; x_wconf 85' lang='lat' dir='ltr'>utrum</span> <span class='ocrx_word' id='word_1_521' title='bbox 1037 2732 1210 2768; x_wconf 85' lang='lat' dir='ltr'>-oporteret</span> <span class='ocrx_word' id='word_1_522' title='bbox 1224 2727 1419 2758; x_wconf 80' lang='lat' dir='ltr'>considerare</span> <span class='ocrx_word' id='word_1_523' title='bbox 1435 2737 1492 2756; x_wconf 84' lang='lat' dir='ltr'>nos</span> <span class='ocrx_word' id='word_1_524' title='bbox 1508 2726 1593 2767; x_wconf 78' lang='lat' dir='ltr'>ipsos</span> 
     </span>
     <span class='ocr_line' id='line_1_46' title="bbox 127 2779 1590 2823; baseline -0.001 -13"><span class='ocrx_word' id='word_1_525' title='bbox 127 2784 221 2821; x_wconf 83' lang='lat' dir='ltr'>atque</span> <span class='ocrx_word' id='word_1_526' title='bbox 237 2779 403 2821; x_wconf 83' lang='lat' dir='ltr'>dispicere,</span> <span class='ocrx_word' id='word_1_527' title='bbox 419 2780 550 2822; x_wconf 88' lang='lat' dir='ltr'>primum</span> <span class='ocrx_word' id='word_1_528' title='bbox 567 2781 695 2822; x_wconf 81' lang='lat' dir='ltr'>quidem</span> <span class='ocrx_word' id='word_1_529' title='bbox 711 2792 750 2813; x_wconf 79' lang='lat' dir='ltr'>an</span> <span class='ocrx_word' id='word_1_530' title='bbox 767 2781 836 2823; x_wconf 87' lang='lat' dir='ltr'>ejus</span> <span class='ocrx_word' id='word_1_531' title='bbox 862 2782 935 2813; x_wconf 84' lang='lat' dir='ltr'>artis</span> <span class='ocrx_word' id='word_1_532' title='bbox 957 2782 1118 2814; x_wconf 84' lang='lat' dir='ltr'>scientiam</span> <span class='ocrx_word' id='word_1_533' title='bbox 1135 2781 1303 2812; x_wconf 88' lang='lat' dir='ltr'>habeamus</span> <span class='ocrx_word' id='word_1_534' title='bbox 1318 2790 1430 2816; x_wconf 88' lang='lat' dir='ltr'>necne,</span> <span class='ocrx_word' id='word_1_535' title='bbox 1446 2784 1478 2810; x_wconf 91' lang='lat' dir='ltr'>et</span> <span class='ocrx_word' id='word_1_536' title='bbox 1493 2790 1511 2809; x_wconf 90' lang='lat' dir='ltr'>a</span> <span class='ocrx_word' id='word_1_537' title='bbox 1527 2790 1590 2820; x_wconf 87' lang='lat' dir='ltr'>quo</span> 
     </span>
     <span class='ocr_line' id='line_1_47' title="bbox 126 2833 1591 2876; baseline -0.002 -12"><span class='ocrx_word' id='word_1_538' title='bbox 126 2833 349 2865; x_wconf 75' lang='lat' dir='ltr'>didicerimus?</span> <span class='ocrx_word' id='word_1_539' title='bbox 373 2839 404 2866; x_wconf 87' lang='lat' dir='ltr'>et</span> <span class='ocrx_word' id='word_1_540' title='bbox 420 2839 581 2876; x_wconf 89' lang='lat' dir='ltr'>oporteret</span> <span class='ocrx_word' id='word_1_541' title='bbox 605 2835 637 2865; x_wconf 85' lang='lat' dir='ltr'>id</span> <span class='ocrx_word' id='word_1_542' title='bbox 658 2835 740 2875; x_wconf 84' lang='lat' dir='ltr'>ficri,</span> <span class='ocrx_word' id='word_1_543' title='bbox 761 2836 887 2867; x_wconf 86' lang='lat' dir='ltr'>necne?</span> <span class='ocrx_word' id='word_1_544' title='bbox 933 2835 1020 2868; x_wconf 71' lang='lat' dir='ltr'>CAr..</span> <span class='ocrx_word' id='word_1_545' title='bbox 1044 2835 1183 2866; x_wconf 86' lang='lat' dir='ltr'>Prorsus.</span> <span class='ocrx_word' id='word_1_546' title='bbox 1228 2834 1285 2865; x_wconf 84' lang='lat' dir='ltr'>So.</span> <span class='ocrx_word' id='word_1_547' title='bbox 1311 2833 1491 2864; x_wconf 85' lang='lat' dir='ltr'>Secundum</span> <span class='ocrx_word' id='word_1_548' title='bbox 1509 2843 1591 2868; x_wconf 79' lang='lat' dir='ltr'>vero,</span> 
     </span>
     <span class='ocr_line' id='line_1_48' title="bbox 126 2885 1592 2930; baseline -0.002 -13"><span class='ocrx_word' id='word_1_549' title='bbox 126 2886 152 2917; x_wconf 85' lang='lat' dir='ltr'>si</span> <span class='ocrx_word' id='word_1_550' title='bbox 176 2889 302 2928; x_wconf 79' lang='lat' dir='ltr'>quando</span> <span class='ocrx_word' id='word_1_551' title='bbox 330 2888 474 2930; x_wconf 84' lang='lat' dir='ltr'>privatim</span> <span class='ocrx_word' id='word_1_552' title='bbox 497 2899 553 2930; x_wconf 88' lang='lat' dir='ltr'>pro</span> <span class='ocrx_word' id='word_1_553' title='bbox 578 2888 669 2919; x_wconf 83' lang='lat' dir='ltr'>nobis</span> <span class='ocrx_word' id='word_1_554' title='bbox 685 2888 734 2919; x_wconf 87' lang='lat' dir='ltr'>vel</span> <span class='ocrx_word' id='word_1_555' title='bbox 760 2899 815 2930; x_wconf 87' lang='lat' dir='ltr'>pro</span> <span class='ocrx_word' id='word_1_556' title='bbox 839 2888 947 2920; x_wconf 86' lang='lat' dir='ltr'>amicis</span> <span class='ocrx_word' id='word_1_557' title='bbox 972 2888 1101 2929; x_wconf 87' lang='lat' dir='ltr'>aliquod</span> <span class='ocrx_word' id='word_1_558' title='bbox 1125 2887 1351 2923; x_wconf 83' lang='lat' dir='ltr'>construximus</span> <span class='ocrx_word' id='word_1_559' title='bbox 1366 2885 1546 2921; x_wconf 79' lang='lat' dir='ltr'>aedificium,</span> <span class='ocrx_word' id='word_1_560' title='bbox 1559 2890 1592 2914; x_wconf 87' lang='lat' dir='ltr'>et</span> 
     </span>
     <span class='ocr_line' id='line_1_49' title="bbox 127 2938 1591 2984; baseline -0.003 -13"><span class='ocrx_word' id='word_1_561' title='bbox 127 2940 270 2983; x_wconf 87' lang='lat' dir='ltr'>nunquid</span> <span class='ocrx_word' id='word_1_562' title='bbox 283 2941 439 2983; x_wconf 81' lang='lat' dir='ltr'>ejusmodi</span> <span class='ocrx_word' id='word_1_563' title='bbox 454 2942 601 2973; x_wconf 84' lang='lat' dir='ltr'>machina</span> <span class='ocrx_word' id='word_1_564' title='bbox 617 2942 746 2984; x_wconf 81' lang='lat' dir='ltr'>pulchra</span> <span class='ocrx_word' id='word_1_565' title='bbox 762 2941 802 2973; x_wconf 89' lang='lat' dir='ltr'>sit</span> <span class='ocrx_word' id='word_1_566' title='bbox 817 2941 866 2973; x_wconf 90' lang='lat' dir='ltr'>vel</span> <span class='ocrx_word' id='word_1_567' title='bbox 882 2942 992 2983; x_wconf 83' lang='lat' dir='ltr'>turpis.</span> <span class='ocrx_word' id='word_1_568' title='bbox 1039 2942 1134 2978; x_wconf 87' lang='lat' dir='ltr'>Quod</span> <span class='ocrx_word' id='word_1_569' title='bbox 1156 2941 1182 2972; x_wconf 84' lang='lat' dir='ltr'>si</span> <span class='ocrx_word' id='word_1_570' title='bbox 1206 2940 1415 2971; x_wconf 83' lang='lat' dir='ltr'>invenerimus</span> <span class='ocrx_word' id='word_1_571' title='bbox 1431 2938 1591 2979; x_wconf 79' lang='lat' dir='ltr'>magistros</span> 
     </span>
     <span class='ocr_line' id='line_1_50' title="bbox 125 2993 1590 3037; baseline -0.002 -14"><span class='ocrx_word' id='word_1_572' title='bbox 125 2993 216 3025; x_wconf 86' lang='lat' dir='ltr'>nobis</span> <span class='ocrx_word' id='word_1_573' title='bbox 232 2995 329 3026; x_wconf 86' lang='lat' dir='ltr'>bonos</span> <span class='ocrx_word' id='word_1_574' title='bbox 345 3000 590 3037; x_wconf 62' lang='lat' dir='ltr'>praestantesque</span> <span class='ocrx_word' id='word_1_575' title='bbox 607 2993 714 3034; x_wconf 81' lang='lat' dir='ltr'>fuisse,</span> <span class='ocrx_word' id='word_1_576' title='bbox 731 2995 891 3037; x_wconf 86' lang='lat' dir='ltr'>multaque</span> <span class='ocrx_word' id='word_1_577' title='bbox 907 2995 1041 3027; x_wconf 63' lang='lat' dir='ltr'>aedilicia</span> <span class='ocrx_word' id='word_1_578' title='bbox 1064 3000 1158 3036; x_wconf 85' lang='lat' dir='ltr'>atque</span> <span class='ocrx_word' id='word_1_579' title='bbox 1181 2994 1338 3035; x_wconf 69' lang='lat' dir='ltr'>praeclara,</span> <span class='ocrx_word' id='word_1_580' title='bbox 1355 2998 1420 3023; x_wconf 81' lang='lat' dir='ltr'>tum</span> <span class='ocrx_word' id='word_1_581' title='bbox 1438 3001 1498 3022; x_wconf 85' lang='lat' dir='ltr'>una</span> <span class='ocrx_word' id='word_1_582' title='bbox 1519 3001 1590 3022; x_wconf 84' lang='lat' dir='ltr'>cum</span> 
     </span>
    </p>
   </div>
  </div>
 </body>
</html>
