1846 3268
244 291 325 330 256
838 289 1110 332 ΡιΑΊ-οΝιε
1554 280 1558 284 ’
1613 298 1713 350 [iss

245 393 332 434 inihi,
347 403 404 436 per
424 403 496 435 quae
519 392 643 436 singula
665 393 834 432 sentimus,
847 404 942 437 quem
957 394 1249 437 quibus-sentimus,
1270 398 1526 439 respondendum
1541 398 1675 438 videtur,
1690 411 1712 432 o

242 447 398 480 Socrates.
442 448 499 480 So.
520 446 698 479 Absurdum
714 447 845 490 quidem
867 449 902 480 id
927 454 1021 487 esset,
1034 461 1055 481 o
1072 458 1162 492 puer,
1177 450 1202 482 si
1218 451 1308 482 multi
1322 452 1357 483 in
1373 452 1464 484 nobis
1481 462 1589 485 sensus
1604 462 1714 495 quem·

245 501 417 534 &niodum
443 501 555 544 ligneis
578 503 667 543 equis
690 502 854 534 inessent:
877 507 910 535 et
926 504 1030 535 omnia
1044 504 1113 536 haec
1126 504 1160 535 in
1174 514 1267 536 unam
1283 505 1348 537 sive
1366 505 1470 538 ideam
1485 506 1549 538 sive
1565 506 1713 545 animam.

245 565 301 588 seu
326 557 613 599 quomodocunque
634 557 738 589 vocari
759 557 864 596 decet,
880 557 1008 590 minime
1034 559 1210 596 tenderent,
1226 569 1290 602 qua
1315 571 1372 603 per
1396 561 1457 592 ista
1481 566 1637 602 tanquam
1657 571 1715 604 per

246 621 374 653 organa,
389 620 587 653 quaecnuque
602 611 746 643 sensibus
762 610 940 653 subjacent,
953 613 1136 644 sentiamus.
1180 613 1267 645 Tmz.
1289 614 1373 646 Mihi
1389 614 1516 658 quidem
1531 616 1592 647 hoc
1604 615 1713 657 potius

246 674 340 706 quam
357 664 412 696 illo
427 665 521 696 modo
535 665 671 699 videtur.
715 665 774 698 So.
795 660 916 698 Iccirco
939 665 1000 698 ista
1014 671 1117 699 tecum
1133 665 1303 709 diligenter
1316 670 1473 711 perquiro,
1489 674 1526 700 ut
1540 668 1714 706 videamus,

246 722 351 750 utrum
364 729 429 751 uno
440 719 581 761 quodam
596 719 721 758 eodem,
736 720 823 762 quod
837 719 914 751 insit
929 720 1034 758 nobis,
1050 731 1105 762 per
1120 721 1229 753 oculos
1242 722 1370 763 quidem
1387 723 1459 754 alba
1480 727 1512 754 et
1531 721 1622 764 nigra
1643 732 1715 764 per-

245 771 413 814 cipimus,
429 783 485 815 per
499 773 560 805 alia
573 784 647 806 vero
664 783 781 816 organa
801 774 863 806 alia
877 775 1022 817 quaedum
1036 784 1046 807 τ
1071 775 1234 819 possisque
1249 776 1456 817 interrogatus
1467 777 1502 808 in
1517 786 1630 818 corpus
1645 776 1712 807 sin-

247 827 322 869 gula
345 827 406 859 ista
430 828 554 861 referre.
598 828 731 860 Praestat
749 828 890 870 forsitan,
906 833 936 860 te
961 829 1001 860 ad
1017 828 1140 871 singula
1154 830 1356 872 respondere,
1372 840 1466 872 quam
1484 840 1533 861 me
1549 829 1596 860 tui
1610 829 1711 861 vicem

246 882 385 924 gerendo
400 881 576 924 defatigari.
618 881 685 914 Dic
706 882 824 924 itaque,
846 892 895 920 eu,
919 893 978 925 per
1001 893 1072 924 quae
1093 883 1190 914 sentis
1217 883 1321 914 calida
1345 889 1378 914 et
1402 883 1498 920 sices,
1513 883 1594 915 levia
1618 887 1715 925 atque

243 934 364 976 duicia,
378 928 485 966 nonne
499 935 637 976 corporis
650 945 767 977 organa
781 935 903 978 singula
917 933 1021 978 ponis,
1030 946 1070 967 an
1081 937 1209 968 alterius
1225 936 1402 979 cujuspiam
1415 937 1427 968 ἓ
1471 937 1558 969 Tun.
1581 935 1712 967 Nullius

244 987 386 1020 alterius.
430 988 488 1021 So.
514 987 668 1030 Nunquid
682 989 840 1026 fateberis,
854 999 925 1031 quae
939 999 997 1031 per
1011 989 1104 1021 aliam
1121 989 1295 1032 potentiam
1307 990 1416 1028 sentis,
1429 1000 1485 1031 per
1498 990 1590 1021 aliam
1615 989 1714 1031 [185]

246 1041 360 1074 sentire
375 1051 441 1074 non
456 1052 547 1084 posse
560 1041 571 1073 ?
595 1042 691 1074 veluti
707 1053 777 1084 quae
793 1052 849 1084 per
874 1043 1029 1080 auditum,
1044 1044 1156 1075 eadem
1181 1053 1237 1085 per
1253 1043 1352 1074 visum
1373 1055 1380 1074 :
1405 1048 1438 1075 et
1451 1048 1560 1075 contra
1574 1052 1644 1085 quie
1659 1052 1717 1084 per

247 1094 360 1133 visum,
374 1097 486 1128 eadem
498 1107 554 1138 per
567 1097 735 1128 auditum?
779 1097 866 1129 Tris.
890 1097 1012 1134 Quidni
1027 1096 1150 1128 fatear?
1192 1095 1251 1129 So.
1274 1097 1400 1139 Siquid
1417 1107 1490 1139 ergo
1512 1097 1552 1128 de
1577 1096 1718 1139 utrisque

248 1149 384 1191 cogitas,
398 1160 463 1181 non
479 1151 588 1193 ntique
603 1160 659 1193 per
674 1151 760 1182 aliud
777 1161 939 1194 organum,
950 1161 1053 1193 neque
1069 1150 1162 1182 etism
1176 1161 1232 1192 per
1246 1150 1331 1182 uliud
1340 1151 1382 1182 de
1394 1151 1548 1183 ambobus
1558 1151 1595 1183 id
1611 1150 1720 1183 sentis.

248 1204 336 1236 Tris.
359 1204 435 1236 Non
460 1210 554 1238 certe.
599 1206 656 1239 So.
680 1205 733 1237 De
751 1215 830 1237 voce
854 1210 949 1247 atque
975 1205 1079 1238 colore
1102 1205 1242 1248 utrisque
1262 1205 1368 1242 simul,
1389 1205 1526 1248 primum
1539 1204 1668 1247 quidem
1684 1203 1719 1236 id

249 1258 381 1300 cogitas,
395 1260 480 1301 quod
497 1265 629 1303 utraque
644 1261 739 1292 sunt?
772 1260 860 1293 Tne.
883 1260 1011 1303 cogito.
1056 1260 1111 1292 So.
1136 1260 1217 1292 Item
1233 1260 1322 1303 quod
1332 1260 1560 1292 alterutrumab
1571 1260 1720 1292 alterutro

250 1312 408 1345 diversum
431 1319 481 1346 est
501 1321 534 1346 et
554 1313 678 1346 sibimet
696 1315 809 1347 idem?
853 1315 942 1347 Tun.
968 1313 1010 1346 Et
1029 1314 1123 1348 istuc.
1167 1314 1224 1348 So.
1248 1314 1410 1358 Quodque
1431 1315 1522 1346 ambo
1545 1314 1609 1347 duo
1633 1318 1719 1352 sunt,

249 1371 417 1410 utrumque
444 1378 552 1402 unum.
594 1369 683 1403 Tun.
707 1369 746 1401 Id
772 1379 911 1412 quoque.
955 1369 1013 1401 So.
1037 1369 1134 1401 Potes
1156 1368 1295 1412 insuper,
1309 1374 1414 1401 utrum
1439 1367 1555 1400 similia
1576 1368 1661 1400 inter
1683 1379 1717 1400 se

251 1422 302 1453 vel
318 1421 481 1455 dissimilia
494 1424 569 1461 sint,
578 1422 735 1466 judicare.
778 1423 868 1455 Tur..
889 1422 995 1454 Forte.
1038 1422 1092 1454 So.
1114 1421 1194 1455 Haec
1211 1422 1319 1466 utique
1340 1421 1447 1454 omnia
1460 1433 1515 1465 per
1527 1422 1604 1464 quid
1619 1421 1719 1464 potis·-

250 1475 363 1508 simum
380 1477 422 1509 de
437 1477 512 1519 ipsis
523 1478 702 1510 existimas?
747 1477 824 1509 Non
838 1487 895 1520 per
910 1476 1064 1514 auditum,
1081 1486 1145 1508 non
1167 1487 1223 1519 per
1237 1476 1348 1514 visum,
1371 1486 1539 1509 commune
1556 1475 1640 1508 circa
1665 1474 1721 1506 illa

249 1530 419 1573 quicquam
444 1532 547 1574 accipi
573 1537 689 1574 potest.
734 1531 819 1564 Hinc
843 1535 995 1574 praeterea
1018 1531 1104 1573 quod
1125 1530 1259 1562 dicimus
1283 1530 1462 1573 conjectare
1487 1529 1573 1562 licet.
1614 1526 1653 1560 Si
1675 1529 1718 1560 de

251 1584 389 1626 utrisque
411 1585 551 1628 judicari
564 1591 692 1628 posset,
707 1586 826 1618 falsane
853 1585 916 1617 sint
934 1595 974 1616 an
997 1595 1074 1623 non,
1100 1595 1207 1627 posses
1229 1585 1338 1627 procul
1359 1585 1456 1616 dubio
1471 1583 1643 1619 declarare,
1657 1591 1722 1625 quo

246 1638 426 1681 judicares:
449 1640 547 1683 idque
562 1650 628 1672 non
643 1641 754 1679 visum,
770 1650 834 1672 non
858 1639 1012 1682 auditum,
1026 1639 1082 1671 sed
1098 1639 1184 1671 aliud
1200 1639 1351 1682 quiddam
1367 1649 1435 1670 esse
1450 1640 1588 1669 constet.
1628 1635 1719 1669 Tim.

249 1691 316 1726 Cur
328 1703 393 1724 non
408 1694 526 1736 linguae
542 1695 587 1726 vis
602 1695 635 1727 id
660 1695 797 1727 efficiat?
842 1694 900 1726 So.
922 1694 1008 1726 Scite
1030 1694 1177 1736 loqueris.
1221 1692 1284 1725 Illa
1297 1703 1370 1724 vero
1387 1690 1542 1734 potentia,
1558 1699 1615 1732 per
1639 1689 1716 1731 quid

250 1747 308 1778 tibi
329 1748 480 1787 ostendit,
495 1750 582 1791 quod
608 1749 738 1792 singulis
764 1753 813 1782 est
835 1758 1015 1789 commune,
1029 1748 1155 1791 quodve
1179 1758 1272 1790 super
1294 1738 1431 1789 singula,
1446 1754 1511 1787 quo
1525 1754 1594 1776 esse
1607 1748 1642 1775 et
1654 1753 1720 1775 non

251 1810 319 1833 esse
332 1801 532 1841 denominas,
547 1813 618 1846 quae
635 1803 729 1846 paulo
744 1808 818 1835 ante
832 1803 874 1834 de
889 1802 937 1834 his
953 1802 1213 1844 percontabamur
1225 1811 1236 1833 ι
1261 1800 1368 1842 qualia
1381 1809 1499 1841 organa
1509 1798 1561 1829 his
1576 1797 1721 1829 omnibus

251 1855 437 1898 assignabis,
454 1867 510 1899 per
524 1868 595 1900 quse
609 1859 657 1896 id,
668 1858 754 1900 quod
771 1857 867 1889 sentit
880 1857 915 1889 in
929 1856 1032 1892 nobis,
1047 1855 1172 1898 singula
1189 1854 1327 1886 sentiat?
1371 1853 1460 1885 Tun.
1483 1851 1660 1884 Essentinm
1676 1851 1721 1883 ais

252 1914 285 1941 et
297 1909 402 1951 ipsum
417 1921 482 1942 non
496 1921 576 1948 esse,
593 1911 894 1953 similitudinemque
910 1914 943 1942 et
957 1909 1255 1946 dissimilitudinem,
1271 1919 1331 1940 nec
1346 1917 1410 1939 non
1425 1906 1510 1938 idern
1524 1910 1558 1937 et
1575 1905 1722 1942 alterum,

253 1973 350 1995 unum
374 1974 502 2007 quoque
527 1969 560 1996 et
583 1965 677 1996 aliurn
703 1966 788 1997 circa
812 1965 869 1995 illa
897 1973 1060 1994 numerum
1087 1972 1354 2004 unumquemque.
1397 1960 1493 1992 Patet
1513 1958 1610 1997 enim,
1627 1959 1720 2001 ¹quod

252 2019 377 2060 queris,
392 2030 449 2062 per
463 2019 550 2062 quod
565 2019 759 2062 potissimum
775 2029 813 2050 ex
826 2016 984 2060 corporeis
1008 2016 1222 2047 instrumentis
1243 2016 1315 2058 ipsa
1328 2015 1432 2047 anima
1445 2024 1503 2056 par
1515 2018 1549 2045 et
1561 2013 1674 2055 impar,
1688 2017 1723 2044 et

252 2081 324 2114 quae
349 2077 533 2115 sequuntur,
557 2073 773 2116 percipiamus.
817 2071 874 2103 So.
895 2069 1031 2112 Egregie
1058 2069 1242 2107 admodum,
1264 2080 1283 2101 o
1305 2069 1479 2106 Theaetete,
1506 2066 1720 2110 prosequerisz

253 2130 348 2168 etque
371 2127 440 2158 haec
465 2127 535 2169 ipsa
559 2131 647 2168 sunt,
661 2137 732 2169 quae
758 2125 927 2167 interrogo.
969 2124 1056 2157 Tun.
1079 2123 1140 2155 Per
1162 2123 1289 2161 Jovem‚
1305 2134 1324 2155 o
1340 2123 1497 2160 Socrates,
1512 2121 1590 2164 quid
1614 2120 1718 2152 dicam

252 2179 366 2222 ignoro
379 2191 388 2211 t
410 2180 471 2212 nisi
486 2179 572 2223 quod
587 2181 708 2212 nullum
722 2179 903 2222 hujumodi
921 2177 1081 2220 proprium
1093 2187 1246 2219 organum
1261 2176 1342 2217 istis,
1355 2176 1478 2214 millis,
1493 2172 1724 2208 accommodari

255 2240 348 2278 puto,
363 2236 418 2267 sed
444 2235 544 2277 ipsam
571 2235 674 2278 potius
698 2245 755 2277 per
779 2233 913 2275 seipsam
935 2231 1071 2264 animam
1096 2232 1348 2263 communionem
1363 2231 1396 2262 in
1412 2231 1556 2262 omnibus
1568 2229 1723 2272 judicare.

255 2289 311 2320 So.
334 2289 472 2321 Pulcher
486 2300 532 2331 es,
544 2300 566 2321 o
578 2289 754 2330 Theaetete,
769 2298 842 2330 nec,
862 2292 899 2319 nt
923 2287 1027 2318 aiebat
1040 2285 1239 2323 Theodorus,
1253 2285 1412 2317 deformis.
1433 2294 1506 2316 nam
1524 2284 1577 2327 qui
1594 2283 1723 2326 pulchre

256 2342 405 2385 loquitur,
421 2344 551 2385 pulcher
565 2347 613 2375 est
627 2348 722 2386 atque
736 2343 849 2375 bonus.
896 2340 1035 2373 Accedit
1056 2339 1096 2371 ad
1122 2339 1203 2377 hnc,
1219 2339 1304 2382 quod
1319 2339 1431 2380 ingens
1445 2337 1520 2369 mihi
1535 2336 1722 2369 beneficium

257 2397 430 2430 contulisti.
451 2407 524 2429 nam
540 2398 661 2440 prolixa
685 2403 718 2429 et
740 2395 826 2439 gravi
850 2394 1067 2438 disputatione
1091 2404 1142 2424 me
1164 2393 1314 2430 liberasti,
1330 2397 1496 2434 postquam
1519 2390 1579 2422 tibi
1599 2390 1723 2422 videtur

256 2451 363 2482 anima
377 2453 522 2493 quaedam
544 2462 601 2494 per
626 2452 761 2494 seipsam
784 2450 1042 2485 animadvertere,
1055 2447 1209 2479 nonnulla
1223 2456 1280 2489 per
1294 2446 1432 2488 corporis
1447 2445 1527 2477 vires
1542 2445 1720 2487 apprehen-

257 2505 342 2537 dere.
375 2506 443 2537 haec
469 2505 579 2548 utique
606 2516 677 2538 mea
699 2505 857 2538 sententia
881 2508 945 2536 erat
958 2515 968 2544 ;
1000 2501 1167 2544 cupiebam
1193 2511 1319 2544 quoque
1341 2501 1425 2532 idem
1449 2499 1510 2531 tibi
1535 2498 1725 2542 persuaderi.

255 2557 355 2602 [188]
374 2558 467 2591 Tne.
489 2560 574 2593 Mihi
588 2566 670 2593 certe
686 2570 865 2603 persuasum
879 2563 939 2591 est.
983 2557 1040 2589 Su.
1064 2557 1206 2595 Quorum
1221 2556 1254 2587 in
1269 2565 1398 2586 numero
1413 2553 1580 2586 essentiam
1605 2552 1722 2595 ponis?

257 2613 318 2645 hoc
330 2623 407 2645 sane
422 2614 554 2647 maxime
569 2616 608 2647 ad
623 2615 729 2647 omnia
742 2614 895 2657 sequitur.
935 2612 1026 2644 Tim.
1050 2611 1179 2648 Eorum,
1194 2620 1265 2652 quae
1280 2610 1350 2651 ipsa
1363 2619 1422 2651 per
1433 2618 1466 2640 se
1477 2607 1582 2640 anima
1595 2607 1724 2640 affectat

257 2671 353 2709 atque
378 2668 564 2710 assequitur.
607 2669 664 2700 So.
697 2668 855 2711 Nunquid
879 2671 913 2698 et
941 2665 1043 2698 simile
1071 2664 1299 2706 dissimileque,
1328 2668 1362 2695 et
1389 2662 1474 2694 idem
1504 2666 1538 2693 et
1565 2661 1696 2693 alterum
1710 2658 1722 2691 ?

256 2719 344 2754 Tan.
379 2720 423 2753 Et
443 2722 519 2755 ista.
564 2723 620 2756 So.
650 2722 737 2761 Quid
752 2723 763 2755 ?
797 2721 962 2765 pulchrum
986 2724 1019 2752 et
1043 2723 1146 2761 turpe,
1171 2719 1352 2760 bonumque
1380 2721 1414 2748 et
1454 2713 1592 2747 malum?
1636 2713 1725 2746 Tun.

259 2774 381 2808 Horum
405 2784 532 2819 quoque
549 2777 623 2808 mihi
638 2777 762 2810 videtur
775 2776 908 2808 maxime
924 2774 1063 2807 onmium
1078 2771 1244 2804 essentiam
1257 2771 1391 2803 invicem
1407 2768 1616 2810 considerare,
1629 2777 1725 2810 repu-

257 2831 330 2862 tans
341 2834 439 2874 ⁴litque
454 2838 638 2874 comparans
653 2831 686 2862 in
701 2831 804 2873 seipsa
817 2828 975 2873 praeterita
990 2827 1222 2871 praesentiaque
1237 2826 1277 2858 sd
1301 2825 1416 2857 futura.
1461 2823 1518 2857 So.
1538 2821 1678 2854 Adverte
1692 2827 1725 2854 et

256 2885 332 2924 hoc,
355 2885 404 2918 rei
427 2885 513 2917 durae
540 2884 684 2917 duritiem
708 2896 764 2928 per
789 2890 907 2917 tactum
933 2883 1059 2920 sentiet,
1084 2886 1117 2914 e't
1143 2880 1245 2913 mollis
1274 2878 1365 2911 simili
1389 2877 1510 2910 ratione
1534 2874 1724 2911 mollitiem?

258 2938 349 2972 hs.
370 2937 433 2972 Its.
477 2938 534 2971 So.
556 2938 734 2971 Essentiam
750 2950 834 2978 vero,
850 2943 883 2971 et
897 2937 983 2981 quod
1008 2942 1092 2975 sunt,
1109 2940 1313 2977 mutuamque
1334 2928 1599 2968 contrarietatem,
1612 2927 1726 2972 ipsius-

258 2999 322 3035 que
337 2991 563 3028 contrarietatis
583 2993 748 3027 essentiam
774 2994 843 3037 ipsa
869 2993 972 3026 anima
998 3001 1053 3035 per
1076 3001 1110 3023 se
1130 2990 1273 3025 volutam
1289 2992 1320 3022 et
1334 2986 1468 3020 invicem
1484 2984 1648 3018 conserens
1659 2980 1723 3015 dis·
