1846 3268
216 298 294 336 372
816 265 1087 332 PLAToms
1591 289 1687 348 [265

214 404 278 440 tur,
289 407 373 430 nunc
387 397 480 430 nobis
501 396 710 438 contingeret.
757 394 814 427 So,
839 394 1022 432 Quidnam?
1067 393 1176 428 Hosr.
1202 395 1250 428 Ut
1275 404 1346 427 cum
1371 394 1463 428 nimis
1478 396 1512 428 in
1527 395 1687 430 division·

214 452 497 495 properaverimus,
527 450 645 482 tardius
670 449 882 482 absolvamus.
926 447 982 480 8ο.
1003 447 1047 480 Et
1070 449 1181 481 merito
1211 449 1352 492 quidem,
1381 449 1522 493 Hospes,
1547 450 1583 483 id
1611 451 1690 494 egit.

216 505 323 540 Ros».
346 506 398 539 De
413 506 462 538 his
477 505 607 547 quidem
623 503 680 537 ita.
703 513 808 535 rursus
823 507 928 535 autem
943 502 984 534 ab
998 502 1091 535 initio
1117 513 1318 536 communem
1342 503 1544 537 nutritIonem
1569 503 1692 537 animan

215 559 293 592 lium
320 560 462 592 dividere
485 569 645 592 conemur.
685 557 777 590 Forte
804 567 939 600 namque
967 558 1052 600 quod
1080 562 1114 588 tu
1131 558 1330 591 vehementer
1345 558 1487 600 affectas,
1500 569 1601 591 sermo
1621 559 1691 602 ipse

217 615 369 657 gradatim
385 615 426 646 ad
454 614 549 646 finem
572 623 663 646 suum
691 612 848 645 deductus
870 611 986 645 clarius
1008 611 1246 644 demonstrabit.
1268 613 1424 655 responde
1447 613 1488 645 ad
1513 613 1588 647 hoc.
1631 613 1690 646 So.

214 668 274 700 Aa
286 669 363 711 quid
375 656 608 710 respondeant?
652 666 761 699 Hosr’.
784 665 858 699 Hoc
873 665 1006 698 forsitan
1021 677 1040 698 e
1056 665 1163 698 multis
1177 659 1307 699 audisti.
1329 674 1433 709 neque
1447 667 1533 699 enim
1548 667 1692 706 arbitror,

215 722 394 755 interfuisse
408 727 440 754 te
454 722 516 763 his,
530 722 586 764 qui
600 720 683 753 circa
694 720 806 753 Nilum
822 719 924 762 pisces
939 719 1025 762 ipsos
1037 720 1303 758 mansuefaciunt‚
1319 726 1375 752 aut
1385 721 1467 754 circa
1478 721 1581 764 regios
1590 721 1690 754 lacus·

217 777 281 808 Sed
296 777 382 819 quod
407 777 490 809 circa
510 776 614 808 fontes
629 775 677 815 fit,
700 775 838 807 fortassis
863 775 932 818 ipse
948 773 1068 807 vidisti.
1112 775 1167 807 So.
1190 775 1234 807 Et
1259 776 1328 808 haec
1351 775 1420 818 ipse
1442 775 1521 818 vidi,
1534 781 1568 809 et
1582 775 1638 808 illa
1651 785 1690 810 ex

216 830 324 862 multis
338 829 459 862 audivi.
504 829 611 862 Hesi».
635 828 723 867 Quin
739 828 834 860 etiam
847 828 934 871 quod
950 828 1078 870 quidam
1092 839 1201 871 greges
1216 839 1358 862 anserum
1375 835 1408 862 et
1423 841 1534 872 gruum
1547 834 1691 872 pascant,

217 884 278 916 etsi
301 893 462 926 nunquam
477 883 509 914 in
525 883 606 925 agris
618 882 805 915 Thessalicis
820 893 854 914 es
871 886 1019 920 versatus,
1035 882 1153 915 audisti
1169 887 1272 914 tamen
1288 888 1320 915 et
1335 884 1449 916 credis.
1492 883 1550 917 80.
1573 882 1692 916 Procul

217 938 328 970 dubio.
373 928 481 970 Hosr.
503 937 583 969 Haec
602 938 658 968 abs
675 941 706 968 te
722 936 794 968 ideo
815 936 991 968 sciscitatus
1016 947 1096 975 sum,
1113 936 1187 979 quia
1211 937 1394 969 animalium
1418 936 1594 970 communis
1619 947 1692 970 cus-

216 993 319 1033 todia,
339 993 452 1034 partim
477 991 706 1035 aquaticorum,
729 991 841 1034 partim
867 995 1057 1022 terrenorum
1080 1001 1148 1023 esse
1178 991 1311 1024 videtur.
1371 991 1427 1025 So.
1451 991 1510 1023 Est
1539 990 1693 1033 profecto.

216 1045 325 1079 Hosn-
348 1046 532 1089 Consentis,
547 1046 649 1088 gregis
670 1045 846 1078 custodiam
871 1045 917 1077 sic
931 1056 999 1077 esse
1015 1044 1155 1076 bifariam
1172 1045 1443 1088 distinguendam,
1458 1050 1494 1077 ut
1507 1045 1619 1087 partim
1632 1045 1693 1077 hu-

216 1099 315 1138 mida,
326 1100 439 1142 partim
455 1100 537 1133 sicca
552 1099 703 1131 animalia
713 1099 855 1131 nutriat?
900 1098 957 1131 So.
981 1099 1153 1131 Consentio
1166 1099 1325 1141 equidem.
1370 1099 1477 1132 Hosr.
1498 1099 1609 1132 Utram
1621 1109 1694 1132 vero

215 1155 343 1187 istarum
357 1155 445 1197 regia
458 1154 605 1197 respiciat
619 1153 797 1196 diligentia,
813 1152 918 1185 nullus
932 1157 1063 1194 quaeret.
1086 1163 1158 1184 narn
1174 1153 1294 1185 nemini
1309 1153 1453 1186 dubium.
1497 1153 1556 1187 So.
1578 1153 1694 1186 Nemi-

215 1209 262 1241 ni.
306 1208 413 1242 Hosv.
436 1208 662 1252 Unusquisque
689 1208 774 1239 enim
803 1207 962 1249 praecipue
990 1206 1146 1239 aridorum
1178 1207 1383 1240 nutritionem
1410 1206 1596 1250 distinguet.
1637 1207 1696 1240 So·

217 1263 299 1300 Qum
315 1263 349 1295 in
365 1263 524 1295 membra?
568 1262 677 1294 Hos?-
699 1262 739 1294 In
755 1261 928 1293 volantium
957 1260 1207 1303 gradientiumve
1234 1261 1422 1294 custodiam.
1468 1261 1526 1296 So.
1546 1261 1600 1294 Sic
1616 1261 1696 1294 veri-

217 1322 267 1349 tas
278 1317 386 1350 habet.
432 1317 538 1351 HosP.
563 1316 659 1355 Quod
682 1316 782 1349 civilis
798 1315 930 1347 facultas
952 1315 1036 1349 circa
1050 1315 1116 1357 illa,
1131 1326 1202 1358 quse
1217 1316 1412 1357 gradiuntur,
1428 1316 1582 1348 duntaxat
1592 1325 1695 1348 verse·

217 1377 280 1409 tur,
297 1371 348 1403 vel
361 1371 583 1404 stolidissimus
598 1370 744 1413 quisque,
760 1374 796 1401 ut
820 1370 865 1401 ita
887 1369 1032 1407 dixerim,
1057 1369 1297 1402 animadvertet.
1342 1369 1399 1401 So.
1421 1368 1554 1412 Absque
1569 1373 1695 1403 contro-

216 1425 328 1459 versia.
374 1425 482 1458 HosP.
501 1425 683 1457 Gressibilis
699 1429 849 1467 praeterea
864 1424 986 1466 generis
1002 1424 1194 1461 alimoniam,
1211 1424 1294 1466 paris
1308 1424 1405 1455 instar
1426 1424 1560 1462 numeri,
1576 1423 1611 1456 in
1627 1424 1692 1456 duo

218 1480 364 1522 qua‘dam
381 1479 486 1522 partiri
501 1481 665 1513 debemus.
711 1480 766 1512 So.
791 1476 895 1511 Patet.
941 1479 1051 1511 Hosv.
1075 1478 1157 1511 Illuc
1173 1489 1280 1521 porro,
1303 1489 1366 1521 quo
1387 1489 1488 1511 sermo
1503 1483 1608 1511 noster
1623 1483 1694 1512 ten-

218 1534 278 1571 dit,
302 1534 400 1576 [265]
425 1534 543 1576 gemini
556 1534 653 1567 calles
674 1534 790 1566 ducere
815 1544 873 1565 nos
889 1544 980 1575 posse
1002 1532 1160 1565 videntur.
1183 1532 1261 1564 alter
1287 1533 1415 1575 quidem
1437 1533 1528 1566 brevi
1553 1533 1693 1575 quodam

219 1587 354 1628 tramite,
378 1588 454 1619 dum
471 1593 635 1630 angustam
656 1588 842 1630 particulam
867 1588 907 1619 ab
931 1587 1035 1629 ampla
1051 1587 1207 1620 secernit:
1230 1587 1308 1620 alter
1323 1597 1396 1620 vero
1411 1586 1545 1630 longiori
1559 1588 1694 1625 ambitu.

219 1642 295 1674 dum
310 1647 504 1684 praeceptum
520 1642 599 1674 illud
616 1647 718 1674 servat
732 1647 826 1674 antea
849 1641 982 1679 dictum,
999 1646 1035 1672 ut
1058 1652 1113 1683 per
1136 1640 1241 1673 media
1262 1641 1375 1673 divisio
1400 1641 1467 1673 fiat.
1488 1641 1575 1679 licet,
1591 1645 1694 1674 utrum

219 1696 375 1734 volumus,
391 1696 526 1739 ingredi.
572 1697 629 1728 So.
652 1696 704 1728 An
721 1707 777 1738 per
793 1701 948 1738 utrunque
964 1695 1120 1738 proficisci
1135 1706 1199 1727 non
1223 1695 1319 1728 licet?
1365 1695 1474 1728 HosP.
1497 1695 1572 1728 Non
1587 1695 1695 1738 simul,

220 1761 240 1782 o
254 1751 383 1783 mirifice
398 1751 605 1792 adolescens3
627 1750 757 1783 diversis
773 1755 877 1782 tamen
894 1750 1088 1792 temporibus
1109 1750 1194 1783 licet.
1239 1750 1295 1782 So.
1318 1750 1496 1793 Utrumque
1511 1761 1597 1792 ergo,
1613 1749 1694 1783 alte·

218 1815 285 1837 rum
301 1805 450 1837 videlicet
464 1811 538 1848 post
552 1805 696 1844 alterurn,
711 1805 806 1847 eligo.
853 1805 961 1837 Hos».
984 1804 1090 1837 Facile
1106 1805 1138 1836 id
1155 1804 1296 1847 quidem,
1308 1815 1379 1837 cum
1395 1804 1543 1847 exiguum
1558 1803 1599 1837 sit
1607 1804 1694 1847 qnod

218 1864 324 1891 restat.
370 1859 453 1892 Sane
467 1860 500 1891 in
518 1859 673 1902 principio
689 1860 834 1891 mediove
851 1859 962 1891 itinere
976 1859 1088 1891 durum
1104 1860 1164 1891 hoc
1179 1859 1271 1890 nobis
1287 1863 1483 1902 praeceptum
1499 1863 1593 1891 esset.
1608 1869 1694 1892 nunc

220 1918 339 1955 autem,
355 1919 522 1956 postquam
537 1914 583 1945 ita
598 1914 734 1955 videtur,
747 1914 920 1956 longiorem
935 1913 1021 1955 prius
1036 1913 1118 1944 viam
1133 1913 1356 1955 ingrediamur.
1380 1923 1452 1944 nam
1468 1923 1540 1947 cum
1555 1918 1695 1946 recentes

223 1967 336 2009 simus,
351 1967 411 1999 iter
426 1967 555 2010 longum
572 1967 671 1999 levius
687 1978 884 2010 peragemus.
928 1967 1176 1999 Distinctionem
1202 1967 1310 2009 itaque
1325 1968 1406 1999 hanc
1421 1966 1507 1998 vide.
1549 1966 1607 2000 So.
1631 1967 1697 2000 Dic

218 2021 326 2054 modo,
370 2021 477 2053 HosP.
501 2021 582 2060 Quae
597 2021 781 2064 gradiuntur
792 2026 825 2054 et
840 2025 1073 2058 mansuescunt,
1089 2025 1122 2052 et
1136 2025 1379 2063 congregantur,
1394 2021 1426 2052 in
1444 2025 1546 2062 partes
1557 2021 1635 2053 duas
1646 2031 1696 2053 se·

217 2076 357 2107 cundum
372 2081 514 2107 naturam
529 2075 726 2109 dividuntur.
770 2075 826 2109 So.
851 2075 939 2113 Quas
964 2076 996 2107 in
1013 2076 1140 2117 partes?
1186 2075 1296 2108 HosP.
1320 2075 1436 2106 Partim
1460 2073 1608 2107 cornibus
1623 2085 1694 2106 mu·

218 2129 286 2160 nita
310 2135 395 2167 sunt,
427 2129 539 2172 partim
569 2136 686 2162 carent.
731 2130 788 2162 So.
813 2129 966 2172 Apparet.
1011 2129 1120 2163 Hom».
1145 2129 1260 2162 Curam
1291 2129 1503 2172 gradientium
1534 2128 1697 2167 dividens,

218 2183 378 2226 utriusque.
390 2184 486 2226 partis
499 2184 714 2216 conditionem
730 2195 872 2216 sermone
887 2183 1040 2217 describe.
1063 2194 1136 2216 nam
1152 2183 1177 2216 si
1192 2183 1355 2215 nominare
1370 2184 1454 2226 ipsas
1468 2182 1616 2222 volueris,
1629 2192 1693 2215 rem

218 2238 312 2270 nimis
325 2238 590 2281 circumplicabis.
633 2239 690 2271 So.
714 2239 990 2277 Quemadmodum
1016 2249 1090 2281 ergo
1113 2239 1286 2271 dicendum
1315 2238 1449 2270 censes?
1493 2236 1606 2270 Hosr.
1627 2236 1693 2270 Its.

219 2292 301 2324 Cum
313 2292 523 2334 gradientium
539 2303 614 2325 cura
628 2293 769 2325 bifariam
785 2293 935 2325 distincta
951 2292 1004 2335 sit,
1019 2303 1091 2335 pars
1116 2303 1181 2324 uua
1207 2292 1239 2324 in
1254 2292 1410 2324 cornifera
1426 2291 1528 2334 gregis
1542 2295 1631 2333 parte
1645 2290 1694 2322 lo-

219 2351 290 2379 cata
304 2351 363 2385 est,
378 2346 476 2379 altera
500 2347 533 2378 in
558 2347 702 2379 mutilata
725 2352 812 2390 parte
828 2347 949 2381 relicta.
994 2347 1051 2379 So.
1075 2346 1126 2379 Sic
1142 2347 1271 2389 penitus
1285 2347 1326 2379 de
1341 2345 1390 2378 his
1402 2346 1522 2378 dictum
1537 2349 1597 2377 est.
1620 2354 1693 2376 nam

218 2401 259 2432 ad
275 2399 492 2433 sufficientiam
509 2406 635 2433 ostensa
649 2406 735 2435 sunt.
779 2401 889 2434 Hosr’.
912 2401 1048 2434 Constat
1069 2401 1192 2443 utique,
1206 2411 1310 2443 regem
1328 2399 1430 2443 gregis
1445 2398 1611 2442 cujusdam
1624 2409 1694 2431 cor·

218 2455 312 2487 nibus
328 2454 463 2486 mutilati
479 2449 636 2497 pastorem
651 2466 730 2488 essc-
754 2455 812 2490 So.
837 2456 970 2489 Constat
981 2465 1067 2487 sane.
1105 2455 1212 2488 Hosr’.
1237 2455 1331 2487 Hanc
1343 2454 1451 2496 itaque
1464 2454 1695 2496 discerpentes,

218 2509 306 2551 quod
323 2514 474 2547 movetur,
490 2510 636 2542 exhibere
652 2510 698 2541 illi
714 2520 874 2542 conemur.
920 2510 975 2542 So.
999 2509 1150 2542 Omnino.
1197 2509 1306 2542 Hos».
1329 2508 1441 2540 Utrum
1460 2507 1578 2550 placet,
1591 2506 1692 2549 ipsam

219 2565 253 2595 in
269 2568 386 2606 partem
396 2563 518 2606 junctis
533 2564 691 2606 unguibus
706 2570 739 2596 et
753 2569 874 2607 partem
891 2563 1048 2607 unguibus
1065 2563 1168 2596 scissis
1184 2564 1323 2596 dividere
1338 2563 1348 2594 ?
1372 2573 1411 2594 an
1430 2562 1535 2604 potius
1548 2561 1583 2593 in
1597 2570 1694 2603 gene-

218 2617 370 2649 rationem
389 2617 546 2660 propriam
560 2623 593 2650 et
616 2619 839 2651 communem?
885 2618 1066 2661 Intelligis?
1113 2618 1167 2650 So.
1192 2618 1304 2656 Quid?
1350 2617 1459 2650 Hesp.
1482 2615 1579 2655 Quod
1594 2625 1693 2659 equo·

217 2682 286 2704 rum
301 2677 334 2704 et
355 2672 512 2704 asinorum
529 2683 629 2714 genus
643 2672 724 2705 inter
739 2683 772 2704 se
786 2673 962 2715 promiscue
973 2678 1112 2716 generat.
1158 2673 1214 2704 So.
1238 2672 1376 2714 Nempe.
1422 2671 1531 2704 Hosr.
1554 2669 1694 2712 Reliqua

218 2736 290 2759 vero
305 2726 478 2758 domestica
492 2731 525 2758 et
539 2727 662 2760 socialis
676 2728 797 2770 generis
821 2727 968 2760 animalia
982 2728 1049 2760 sine
1066 2727 1170 2760 aliena
1185 2727 1410 2760 commixtione
1428 2725 1553 2768 propria
1567 2728 1689 2757 tantum

218 2791 256 2812 ex
277 2780 382 2823 specie
407 2786 581 2823 procreant.
626 2782 683 2814 So.
707 2782 912 2824 Perspicuum
937 2783 1065 2824 cuique.
1111 2782 1222 2814 Hos».
1247 2781 1362 2814 Civilis
1385 2781 1493 2823 itaque
1521 2777 1692 2820 disciplina

217 2835 371 2877 numquid
388 2835 570 2877 promiscuae
587 2836 797 2877 generationis
822 2836 980 2874 animalia,
997 2847 1038 2868 an
1064 2835 1227 2878 simplicis,
1243 2835 1355 2868 curat?
1401 2835 1457 2867 So.
1480 2832 1636 2866 Immixtae
1651 2840 1690 2863 ιο

219 2889 368 2931 simplicis
383 2889 492 2932 procul
507 2889 617 2921 dubio.
663 2890 771 2922 HosP.
795 2890 887 2923 Hanc
902 2891 1012 2933 utiquc
1027 2891 1234 2922 animantium
1251 2895 1408 2931 naturam,
1423 2885 1689 2930 quemadmodum

219 2943 251 2974 in
278 2943 488 2985 superioribus
514 2945 677 2986 hucusque
699 2945 902 2983 servavimus,
919 2946 1043 2987 gemina
1067 2956 1122 2988 per
1146 2945 1284 2977 membra
1305 2953 1408 2976 secare
1427 2941 1586 2973 debemus.
1632 2940 1689 2973 So.

221 2997 335 3031 Decet.
361 2997 459 3041 [266]
487 2997 590 3032 Hosr.
616 2997 782 3031 Enimvero
800 3000 859 3033 hoc
879 3000 1054 3033 animantes
1069 3000 1164 3033 ferme
1181 3009 1290 3032 omnes
1304 2997 1491 3030 domesticas
1506 2993 1690 3039 conciliabi-
