1846 3268
246 263 326 302 270
652 261 919 303 PLATONIS
948 262 1296 305 THEAETETUS.
1615 268 1712 321 [210

246 368 427 400 assumere?
471 367 506 400 Si
529 367 614 401 enim
630 367 720 399 simui
737 367 859 409 opinari
879 367 977 407 dicat,
994 378 1057 411 qua
1071 368 1192 401 ratione
1207 370 1247 401 ab
1261 369 1333 402 aliis
1358 369 1578 413 distinguatur,
1597 371 1717 404 ridicu-

248 422 313 454 lum
329 422 388 454 erit
401 427 609 464 praeceptum.
653 421 743 453 Tun.
766 422 962 459 Quomodo?
997 423 1052 456 So.
1077 423 1219 461 Quorum
1232 423 1413 465 opinionem
1423 430 1539 457 rectam
1554 425 1718 463 babemus,

247 482 403 520 quatenus
426 477 466 508 ab
493 475 562 508 aliis
586 476 747 513 differunt,
763 475 991 518 excogitamus.
1035 476 1145 519 Atque
1169 477 1214 508 ita
1238 478 1336 510 oratio
1353 483 1408 510 tua
1421 477 1550 511 scutica»
1563 479 1718 522 quodam-

247 532 342 563 modo
359 531 480 568 similis,
497 531 588 573 quasi
603 531 748 572 quaedam
764 530 875 572 pistilli
889 531 938 563 vel
952 530 1092 573 cujusvis
1106 531 1216 563 simiiis
1237 532 1488 575 circumvolutio,
1502 537 1539 564 ut
1553 532 1716 575 proverbio

247 586 355 622 fertur,
370 586 410 616 ad
437 585 497 617 hoc
524 589 722 627 praeceptum
748 585 827 616 nihil
856 585 966 627 utique
981 585 1110 617 diceret.
1132 585 1208 617 caeci
1223 595 1357 628 namque
1373 592 1564 629 praeceptum
1574 583 1646 629 jure
1660 597 1717 619 vo-

248 640 390 672 cabitur:
414 638 564 682 quoniam
576 639 702 681 jubere,
717 644 753 671 ut
766 640 1016 682 qum-habemu8‚
1031 639 1224 682 accipiamus
1248 641 1288 672 ad
1311 651 1360 678 ea,
1374 651 1446 683 qnae
1461 641 1637 684 opinamur,
1652 641 1716 673 dis-

248 694 363 732 cenda,
378 693 457 725 caeci
479 693 614 725 hominis
638 694 821 725 mandatum
849 705 917 726 esse
932 693 1065 726 videtur.
1109 694 1197 726 Tur..
1219 694 1283 726 Dic
1302 704 1374 736 age,
1394 695 1472 737 quid
1486 695 1581 727 modo
1597 705 1717 737 quaere-

250 747 328 779 bas?
374 748 432 779 So.
454 747 487 779 Si
501 747 667 786 rationem,
683 758 702 779 o
729 758 817 790 puer,
833 748 977 790 accipere
1002 758 1095 780 nosse
1120 747 1275 791 praecipit,
1291 758 1356 780 non
1378 754 1482 781 autem
1508 749 1718 781 differentiam

248 802 381 844 opinari,
397 802 499 835 dulcis
514 799 588 833 sane
604 813 652 834 res
665 807 748 834 esset
772 802 863 840 ratio,
879 802 1087 844 pulcherrima
1110 803 1261 840 omniurn,
1277 813 1348 844 quae
1373 803 1413 834 ad
1439 802 1603 835 scientiam
1619 802 1718 845 perti-

247 862 335 889 nent.
357 866 451 888 nosse
465 856 549 887 enim
572 855 715 898 accipere
739 856 901 888 scientiam
926 856 1024 899 [210]
1047 861 1107 888 est.
1151 855 1236 888 Tna-
1261 856 1319 888 Est
1333 857 1488 898 profecto.
1531 857 1589 890 So.
1611 856 1716 888 Inter-

247 914 374 951 rogatus
386 910 507 952 itaque,
523 910 599 952 quid
613 909 746 942 scientia
760 910 813 948 sit,
829 911 999 952 respondet
1013 920 1083 941 earn
1094 921 1162 942 esse
1174 910 1356 952 opinionem
1371 915 1487 942 rectam
1501 920 1572 943 cum
1589 910 1720 942 scientia

248 965 446 996 differentiae.
490 963 638 995 Rationis
664 965 746 996 enim
763 965 938 1006 assumptio
952 965 1126 996 secundum
1142 964 1230 996 ilium
1246 965 1306 996 hoc
1321 969 1415 998 esset.
1457 964 1544 998 Tru..
1569 963 1716 996 Videtur.

248 1020 304 1051 So.
327 1019 468 1050 Omnino
482 1018 603 1050 fatuum
618 1023 677 1055 est,
693 1019 855 1050 scientiam
871 1018 962 1050 nobis
984 1018 1211 1061 quaerentibus,
1238 1018 1420 1060 opinionem
1435 1023 1552 1050 rectam
1569 1028 1641 1049 cum
1657 1017 1719 1049 sci-

249 1073 336 1104 entia
351 1073 467 1110 dicere,
480 1073 545 1104 sive
559 1072 748 1104 differentiae
765 1073 830 1105 sive
845 1072 1062 1115 cujuscunque
1087 1073 1214 1104 alterius
1239 1072 1371 1104 scientia
1385 1072 1438 1103 sit.
1480 1071 1596 1114 Neque
1610 1082 1722 1104 sensus

248 1127 356 1169 igitur,
371 1138 391 1159 o
412 1127 585 1164 Theaetete,
600 1137 704 1169 neque
728 1127 839 1170 opinio
864 1137 948 1164 vera,
975 1137 1078 1169 neque
1099 1137 1171 1158 cum
1197 1126 1346 1169 opinione
1363 1137 1434 1158 vera
1457 1132 1617 1169 assumpta
1640 1126 1719 1158 ratio

249 1181 382 1214 scientia
393 1187 452 1213 est.
495 1182 583 1213 ΤΗΣ.
606 1181 694 1218 Νοη,
711 1186 748 1213 ut
762 1182 896 1214 videtur.
941 1182 999 1214 So.
1022 1180 1176 1224 Nunquid
1192 1181 1285 1212 foetus
1300 1181 1333 1212 in
1347 1180 1439 1212 nobis
1461 1179 1541 1212 alius
1561 1181 1644 1213 circa
1658 1182 1722 1214 sci·

249 1236 380 1273 entiam,
403 1246 422 1267 o
445 1235 556 1274 amice,
581 1241 675 1268 restat
690 1236 702 1266 ?
731 1246 771 1267 an
795 1236 902 1268 omnia
920 1235 988 1278 jam
1014 1236 1216 1278 peperimus?
1269 1235 1357 1267 Tne.
1391 1234 1454 1267 Per
1476 1234 1602 1274 Jovem‚
1627 1236 1720 1279 piura

250 1300 344 1333 quam
361 1291 393 1321 in
410 1301 459 1322 me
474 1292 632 1328 haberem,
648 1291 805 1322 educente
829 1297 860 1322 te
883 1290 1012 1332 protuli.
1056 1291 1113 1323 So.
1137 1290 1255 1322 Nonne
1278 1294 1394 1322 cuncta
1409 1289 1501 1322 nobis
1516 1290 1584 1322 haec
1598 1299 1647 1322 ars
1661 1291 1718 1322 ob-

248 1344 386 1377 stetricia
396 1355 477 1376 vana
491 1345 743 1386 educationeque
757 1344 890 1386 indigna
905 1349 980 1376 nata
995 1344 1091 1376 fuisse
1105 1344 1266 1376 ostendit?
1310 1343 1399 1375 Tnss.
1421 1343 1561 1376 Omnino
1572 1344 1713 1387 quidem.

247 1400 308 1432 So.
331 1399 366 1431 Si
377 1399 472 1442 igitur
486 1399 616 1430 aliorum
633 1399 786 1440 deinceps
801 1399 930 1441 pienum
947 1399 1194 1440 soecundumque
1210 1398 1274 1430 fieri
1292 1403 1324 1430 te
1337 1398 1523 1438 contendes,
1535 1407 1718 1440 praegnans-

249 1463 311 1496 que
327 1454 461 1485 evades:
483 1453 662 1485 melioribus
677 1453 787 1495 plenus
803 1452 862 1484 eris
878 1458 1005 1495 propter
1028 1458 1215 1495 praesentem
1236 1452 1474 1484 discussionem.
1496 1452 1584 1494 quod
1598 1453 1624 1487 si
1638 1453 1720 1484 forte

249 1518 368 1540 vacuus
383 1507 558 1549 sterilisque
573 1507 714 1544 tentabis,
731 1507 832 1538 minus
847 1512 931 1539 certe
942 1507 1090 1539 molestus
1102 1506 1304 1539 familiaribus
1316 1506 1376 1538 eris
1389 1511 1501 1538 etcum
1512 1506 1719 1548 temperantia

251 1561 368 1600 mitior,
383 1572 455 1604 quae
481 1561 583 1593 nescis
606 1571 804 1603 nequaquam
828 1562 906 1593 scire
929 1566 960 1593 te
985 1567 1109 1603 putans.
1133 1566 1254 1593 tantum
1268 1560 1398 1603 quidem
1413 1570 1462 1591 ars
1477 1570 1557 1596 mea,
1572 1571 1632 1592 nec
1646 1560 1719 1602 plns

251 1616 337 1648 alind
355 1621 459 1658 potest
474 1627 482 1648 :
507 1622 620 1647 nec'ea
635 1615 722 1653 novi,
738 1625 809 1657 quae
824 1615 879 1647 alii
894 1616 996 1653 multi,
1012 1616 1194 1659 quicunque
1218 1615 1324 1657 magni
1349 1619 1444 1657 atque
1467 1613 1601 1646 mirandi
1616 1614 1671 1645 viri
1684 1619 1721 1646 et

252 1675 326 1702 sunt
338 1675 372 1702 et
384 1670 522 1702 fuerunt.
568 1669 661 1700 Hanc
677 1679 748 1700 vero
764 1669 975 1701 obstetriciam
990 1669 1172 1702 facultatem
1186 1680 1247 1712 ego
1262 1679 1298 1701 ac
1313 1674 1411 1700 mater
1424 1679 1495 1700 mea
1508 1679 1528 1700 a
1541 1668 1603 1700 deo
1618 1667 1721 1700 sortiti

253 1735 382 1757 sumus:
404 1724 458 1755 ilia
473 1724 601 1766 quidem
616 1723 700 1755 circa
721 1723 873 1763 feminas3
896 1734 957 1765 ego
979 1729 1083 1755 autem
1106 1724 1187 1756 circa
1209 1723 1425 1755 adolescentes
1448 1721 1603 1764 ingenuos
1624 1727 1722 1764 atque

254 1780 414 1810 honestos.
459 1778 521 1809 Sed
538 1787 623 1809 nunc
633 1776 700 1819 jam
717 1778 856 1808 eundum
872 1777 948 1808 mihi
970 1778 1068 1809 estin
1089 1777 1169 1819 regis
1186 1777 1360 1820 porticum:
1383 1787 1458 1808 nam
1472 1776 1607 1808 Meiitus
1620 1775 1653 1808 in
1663 1775 1721 1819 ju-
1752 1780 1758 1786 “

251 1833 370 1864 dicium
387 1843 435 1864 ine
452 1832 586 1865 vocavit.
630 1831 707 1864 Cras
723 1842 844 1863 summo
860 1841 964 1870 mane,
980 1843 999 1864 o
1014 1831 1193 1871 Theodore,
1202 1832 1264 1864 huc
1279 1830 1461 1864 redibimus-
