1846 3268
241 249 321 287 230
676 286 692 299 ,
849 246 1115 286 PLATOle
1616 250 1711 301 [526

242 349 402 382 licentiam
417 355 450 382 et
464 349 672 393 petulantiam
690 348 878 391 mollemque
893 350 1050 382 lasciviam
1063 355 1096 382 et
1111 350 1144 382 in
1161 349 1338 382 actionibus
1353 351 1483 392 singulis
1500 351 1710 394 intemperan·
1726 346 1728 348 ¹

242 405 318 436 tiam
334 404 572 447 incompositum
590 403 716 446 penitus
731 409 825 446 atque
841 409 976 445 turpem.
1020 403 1172 436 Animum
1189 404 1284 446 igitur
1300 405 1534 446 contemplatus
1548 405 1595 438 sic
1615 406 1711 438 affec-

241 464 320 500 tum,
331 458 436 490 statim
453 458 657 500 ignominiose
672 462 756 488 extra
772 458 946 489 custodiam
961 458 1037 489 illuc
1055 458 1244 496 transmittit,
1258 458 1316 489 ubi
1337 460 1460 490 meritas
1483 459 1586 492 subire
1603 470 1710 502 poenas

243 517 378 555 oportet.
424 512 583 544 Convenit
608 516 725 548 autem,
742 522 865 543 omnem
891 512 946 553 qui
970 512 1010 543 ab
1037 512 1143 553 aliquo
1170 517 1254 544 recte
1284 512 1424 554 punitur,
1439 513 1488 544 vel
1512 513 1616 555 ipsum
1642 513 1710 546 fieri

242 566 402 598 meliorem
428 565 659 608 utilitatemque
684 566 857 608 percipere,
884 566 932 597 vel
958 566 1070 597 ceteris
1091 565 1234 608 exempla
1257 566 1342 604 dare,
1371 571 1406 598 ut
1433 566 1486 598 alii
1510 577 1616 608 poenas
1641 567 1711 609 ejus

242 620 473 662 conspicientes
488 619 629 651 meliores
644 620 686 651 ob
702 620 842 651 timorem
855 619 1042 652 efficiantur.
1087 620 1153 658 Qui
1168 630 1240 652 vero
1265 620 1350 662 apud
1366 621 1443 652 deos
1459 626 1491 652 et
1507 621 1648 653 homines
1663 621 1711 653 ita

242 676 322 706 dant
343 685 462 716 pamas,
477 679 514 706 ut
537 674 703 706 utilitatem
730 674 803 705 inde
828 674 964 717 aliquam
991 674 1137 713 referant,
1158 674 1190 705 hi
1219 679 1302 711 sunt,
1325 674 1381 716 qui
1403 668 1539 715 peccata*
1557 674 1711 707 sanabilia

242 728 489 768 commiserunt3
512 727 626 770 quibus
642 728 732 759 dolor
747 727 963 770 cruciatusque
979 728 1107 770 prodest
1128 734 1159 759 et
1174 728 1260 769 apud
1278 728 1419 760 homines
1434 733 1467 760 et
1481 729 1567 770 apud
1583 728 1712 760 inferos.

244 793 309 814 non
326 781 408 814 enim
425 782 515 813 aliter
528 782 597 824 quis
618 787 726 824 potest
751 783 790 814 ab
812 781 971 824 injustitia
993 781 1128 813 liberari.
1171 781 1238 819 Qui
1264 787 1369 813 autem
1396 786 1534 814 extrema
1557 781 1712 824 injustitia

245 837 438 873 detinentur,
453 847 490 868 ae
506 841 633 878 propter
647 835 804 878 ejusmodi
818 836 935 868 delicta
950 841 1024 868 sunt
1040 830 1240 874 insanabiles,
1255 847 1292 868 cx
1308 836 1355 868 his
1367 836 1512 879 exempla
1526 841 1710 869 sumuntur:

244 890 369 933 ipsique
383 891 502 922 nullam
517 891 652 933 amplius
672 890 841 922 utilitatem
863 890 938 922 inde
961 896 1132 933 reportant,
1149 895 1260 932 utpote
1282 890 1337 932 qui
1359 890 1461 922 sanari
1487 901 1552 922 non
1573 890 1710 933 possintz

245 946 302 976 sed
319 949 450 987 prosunt
465 945 618 976 duntaxat
632 944 701 976 aliis
709 955 763 987 per
774 944 966 986 exemplum,
980 945 1036 986 qui
1051 955 1105 976 eos
1122 944 1283 976 intuentur
1297 949 1423 986 propter
1436 944 1555 987 flagitia
1569 944 1711 977 maximis

243 999 512 1040 acerbissimisque
527 1004 560 1031 et
574 999 805 1031 terribilissimis
820 998 920 1041 poenis
935 999 1019 1030 omni
1036 1004 1175 1040 tempore
1188 998 1354 1035 cruciatos,
1371 1003 1520 1040 tanquam
1535 998 1712 1040 exemplum

243 1053 538 1095 monimentumque
553 1059 586 1085 et
601 1053 814 1094 spectaculum
830 1053 915 1095 apud
931 1052 1049 1084 inferos
1074 1053 1106 1083 in
1129 1063 1251 1084 earcere
1266 1052 1443 1094 praebentes
1463 1051 1591 1094 injustis
1612 1051 1712 1084 omni-

244 1107 316 1144 bus,
331 1106 386 1150 qui
401 1107 441 1138 ad
457 1116 496 1138 ea
509 1107 579 1139 loca
595 1107 803 1139 descendunt.
850 1107 991 1144 Quorum
1007 1117 1104 1138 unum
1122 1106 1194 1138 dico
1211 1106 1276 1138 fore
1293 1105 1496 1144 Archelaum,
1513 1106 1538 1138 si
1553 1116 1626 1139 vera
1641 1115 1713 1137 nar·

243 1166 291 1192 rat
306 1161 415 1199 Polus,
438 1166 472 1194 et
485 1160 581 1192 alium
597 1161 779 1203 quicunque
799 1167 953 1205 tyrannus
975 1160 1047 1192 talis
1062 1159 1229 1194 exstiterit.
1274 1159 1418 1192 Arbitror
1432 1164 1536 1192 autem
1558 1159 1591 1192 in
1606 1169 1713 1192 eorum

244 1226 374 1247 numero
389 1217 444 1258 qui
459 1216 560 1247 solum
576 1216 720 1257 exempla
734 1216 874 1253 tradunt,
889 1215 1039 1257 plurimos
1050 1225 1119 1247 esse
1134 1219 1298 1258 tyrannos,
1313 1225 1413 1256 reges,
1429 1218 1589 1257 potentes,
1603 1213 1714 1246 civita·

244 1275 311 1302 tum
327 1271 561 1313 gubernatores,
577 1270 698 1312 quippe
713 1281 785 1301 cum
799 1270 834 1301 hi
849 1270 890 1301 ob
905 1269 1004 1310 ipsam
1021 1269 1176 1311 peccandi
1192 1269 1351 1301 licentiam
1367 1269 1550 1310 gravissima
1560 1267 1714 1310 profanis·

244 1324 386 1367 simaque
410 1329 542 1366 peccata
562 1324 774 1355 committunt.
819 1322 995 1354 Attestatur
1020 1327 1124 1353 autem
1145 1322 1238 1353 nobis
1252 1318 1420 1359 Homerus,
1435 1322 1490 1364 qui
1505 1331 1594 1363 reges
1607 1326 1641 1353 et
1655 1331 1713 1363 po-

245 1383 348 1410 tentes
361 1378 486 1409 inducit
500 1377 586 1420 apud
612 1375 728 1408 inferos
754 1377 841 1408 omni
861 1381 1002 1418 tempore
1027 1376 1194 1412 cruciatos,
1217 1386 1275 1407 ceu
1300 1375 1480 1413 Tantalum,
1495 1375 1666 1419 Sisyphum
1681 1379 1715 1406 et

244 1431 388 1475 Tityum.
430 1432 604 1463 Thersitem
621 1441 707 1468 vero,
722 1435 755 1462 et
769 1430 794 1462 si
810 1430 880 1472 quis
894 1430 975 1462 alius
994 1430 1138 1472 privatim
1154 1430 1214 1461 fuit
1231 1429 1342 1471 malus,
1355 1429 1459 1461 nullus
1475 1439 1612 1471 unquam
1627 1429 1715 1460 velut

244 1486 450 1518 insanabilem
477 1485 597 1527 magnis
618 1485 695 1517 fecit
721 1485 822 1526 poenis
845 1484 1001 1526 torqueri:
1026 1483 1145 1526 quippe
1167 1494 1239 1515 cum
1255 1482 1426 1520 licentiam,
1442 1488 1478 1514 ut
1491 1483 1631 1520 arbitror,
1647 1493 1711 1514 non

244 1540 400 1571 habuerit.
423 1539 625 1582 quamobrem
642 1538 762 1570 felicior
776 1543 842 1569 erat
857 1538 930 1574 illis,
945 1538 1059 1579 quibus
1073 1537 1201 1569 licentia
1218 1537 1343 1569 sceleris
1354 1536 1555 1579 perpetrandi
1569 1537 1713 1569 dabatur.

247 1593 408 1631 Profecto,
424 1604 443 1624 ο
460 1588 619 1633 Callicles,
634 1603 672 1624 ex
687 1593 735 1624 his
748 1592 802 1634 qui
820 1592 991 1634 potentiam
1019 1591 1244 1633 licentiamque
1268 1592 1397 1629 habent,
1411 1597 1485 1623 sunt
1507 1591 1563 1633 qui
1581 1591 1712 1622 nimium

250 1647 349 1690 [526]
373 1647 462 1689 pravi
483 1647 622 1680 fuerunt.
667 1645 756 1678 Nihil
781 1651 885 1677 tamen
910 1646 1066 1688 prohibet,
1082 1646 1162 1677 inter
1184 1646 1242 1676 lios
1257 1645 1349 1676 etiam
1366 1645 1466 1676 bonos
1477 1645 1629 1687 quosdam
1645 1654 1713 1676 esse

246 1702 330 1734 viros
345 1714 353 1734 ι
376 1707 409 1733 et
422 1706 506 1734 certe
521 1701 577 1744 qui
592 1701 663 1732 talis
678 1700 785 1741 fuerit,
800 1700 930 1732 mirifice
944 1705 993 1731 est
1006 1699 1168 1732 colendus.
1213 1699 1340 1742 Nempe
1354 1700 1484 1731 arduum
1501 1703 1561 1736 est,
1576 1709 1595 1730 ο
1616 1697 1714 1730 Calli-

246 1757 324 1796 cles,
337 1756 520 1798 ingentique
536 1756 630 1788 laude
640 1755 782 1798 dignum,
795 1759 830 1786 ut
841 1755 911 1797 quis
921 1755 954 1785 in
967 1765 1080 1796 magna
1091 1754 1245 1796 peccandi
1259 1754 1386 1785 licentia
1395 1753 1583 1786 constitutus
1593 1751 1713 1794 justam

245 1809 401 1852 transigat
417 1810 533 1841 vitam:
557 1810 713 1852 paucique
728 1809 807 1841 tales
828 1810 1036 1851 reperiuntur.
1081 1808 1180 1840 Fuere
1201 1813 1307 1839 tamen
1322 1812 1355 1839 et
1375 1808 1428 1840 hic
1446 1812 1480 1840 et
1502 1807 1591 1849 alibi,
1605 1811 1714 1849 atque,

247 1868 285 1895 ut
298 1863 439 1901 arbitror,
455 1868 547 1894 erunt
564 1863 710 1894 nonnulli
733 1863 871 1906 praeclari
897 1862 1034 1904 bonique
1048 1862 1118 1901 viri,
1133 1863 1193 1894 hac
1209 1862 1357 1895 videlicet
1372 1861 1486 1894 virtute
1507 1861 1644 1904 prediti,
1659 1871 1715 1903 per

245 1927 342 1959 quam
357 1927 396 1949 ea
409 1927 541 1959 quorum
557 1917 615 1949 sibi
629 1927 780 1949 concessa
801 1922 849 1949 est
870 1917 1052 1953 auctoritas,
1071 1916 1158 1958 juste
1174 1921 1352 1949 tractarent.
1397 1915 1489 1948 Unus
1503 1920 1608 1947 autem
1624 1914 1713 1948 Grae-

245 1982 352 2004 corum
367 1971 506 2003 omniurn
522 1970 759 2013 probatissimus
784 1970 942 2002 Aristides
965 1970 1149 2013 Lysimachi
1165 1971 1247 2002 filius
1260 1970 1388 2003 exstitit.
1433 1969 1582 2013 Plerique
1596 1974 1713 2005 autem.

247 2037 267 2057 o
280 2025 324 2057 vir
338 2025 470 2068 optime,
485 2030 650 2067 potentum
674 2025 810 2066 improbi
835 2030 920 2058 sunt.
967 2025 1190 2062 Quamobrem,
1206 2029 1242 2055 ut
1260 2024 1417 2061 dicebam,
1432 2023 1559 2067 quando
1581 2023 1714 2055 Rhada-

246 2080 394 2111 manthus
410 2079 546 2121 aliquem
559 2078 713 2121 ejusmodi
729 2079 948 2120 deprehendit,
966 2079 1042 2109 nihil
1059 2079 1143 2110 aliud
1159 2079 1241 2110 circa
1266 2079 1367 2120 ipsum
1392 2077 1492 2116 novit,
1506 2088 1610 2121 neque
1629 2077 1715 2119 quis·

247 2144 321 2166 nam
337 2133 390 2170 sit,
414 2144 518 2175 neque
533 2144 570 2165 ex
586 2133 700 2176 quibus
716 2138 813 2171 ortus,
829 2134 886 2164 sed
909 2138 1012 2164 utrum
1037 2133 1077 2164 sit
1098 2133 1217 2164 malus:
1241 2143 1376 2175 cumque
1400 2132 1432 2164 id
1454 2132 1650 2175 compererit,
1665 2132 1715 2163 di-

248 2188 348 2220 mittit
372 2188 406 2219 in
430 2188 605 2226 Tartarum,
631 2188 813 2229 obsignans,
836 2193 938 2218 utrum
964 2187 1111 2219 sanabilis
1126 2187 1176 2218 vel
1198 2187 1383 2218 insanabilis
1397 2186 1549 2218 videatur.
1570 2185 1628 2218 ille
1642 2197 1715 2218 vero

246 2243 323 2275 illuc
334 2242 530 2274 transmissus
546 2242 669 2274 meritas
693 2242 778 2273 subit
803 2252 923 2283 poenas.
967 2241 1130 2273 Interdum
1149 2252 1220 2272 vero
1243 2241 1339 2272 aliurn
1362 2240 1495 2272 intuitus
1513 2240 1651 2272 animum
1665 2240 1715 2272 vel

246 2296 363 2339 privati
377 2295 426 2328 vel
442 2296 576 2338 alicujus
592 2296 729 2333 alterius,
745 2296 800 2338 qui
818 2296 869 2339 pie
883 2302 977 2338 atque
992 2295 1114 2337 integre
1129 2295 1250 2332 vixerit,
1273 2296 1358 2337 quod
1374 2295 1500 2336 quidem
1518 2293 1716 2337 philosophis

249 2350 444 2392 potissimum
461 2351 642 2392 contingere
658 2350 798 2388 arbitror,
814 2361 876 2382 rem
894 2361 979 2381 suam
994 2350 1160 2392 agentibus
1173 2360 1275 2392 neque
1291 2349 1397 2380 multis
1412 2359 1445 2381 se
1459 2348 1595 2391 negotiis
1609 2348 1715 2390 impli-

243 2405 401 2446 cantibus,
416 2405 583 2447 applaudit
601 2405 687 2447 huic,
701 2410 735 2436 et
750 2405 930 2436 transmittit
950 2405 991 2436 ad
1013 2403 1132 2436 insulas
1153 2405 1324 2435 beatorum.
1371 2402 1450 2434 Haec
1464 2403 1573 2435 eadem
1591 2403 1713 2435 AEacus

247 2458 354 2491 efficit.
377 2463 508 2501 uterque
521 2469 592 2491 vero
607 2459 746 2500 ipsorum
762 2459 877 2502 virgam
893 2463 990 2496 tenet,
1002 2459 1076 2490 dum
1087 2458 1225 2500 judicat.
1270 2457 1380 2489 Minos
1395 2462 1499 2488 autern
1515 2457 1715 2489 considerans

247 2513 339 2544 sedet
353 2512 449 2554 solus,
465 2523 591 2544 aureum
601 2514 720 2545 habens
731 2519 901 2556 sceptrum,
911 2513 1175 2555 quemadmodum
1191 2512 1232 2543 de
1247 2512 1307 2543 hoc
1322 2512 1407 2554 apud
1423 2511 1596 2544 Homerum
1611 2511 1716 2554 inquit

248 2566 370 2605 Ulixes,
386 2565 535 2599 videlicet
548 2567 638 2598 illum
655 2568 767 2600 vidisse
783 2573 939 2610 sceptrum
955 2577 1082 2598 aureum
1106 2571 1264 2599 tenentem
1284 2566 1419 2609 juraque
1434 2565 1563 2597 mortuis
1574 2565 1714 2598 dantem.

246 2619 318 2662 Ego
333 2620 439 2663 igitur,
453 2631 473 2652 o
489 2621 648 2661 Callicles,
664 2622 704 2654 ab
719 2621 899 2664 hujusmodi
915 2621 1107 2654 sermonibus
1122 2621 1242 2658 flector,
1257 2626 1290 2652 et
1312 2620 1380 2663 jam
1405 2619 1570 2652 considero
1587 2629 1652 2662 qua
1666 2630 1714 2651 ra-

246 2674 334 2706 tione
355 2674 460 2716 judici
483 2675 679 2707 sanissimum
706 2678 843 2708 animum
868 2676 1033 2708 ostendere
1057 2675 1184 2718 possim.
1230 2675 1442 2713 Quamobrem
1467 2684 1577 2708 omnes
1601 2673 1715 2716 populi

244 2737 396 2770 spernens
421 2729 566 2767 honores,
581 2731 806 2772 veritatemque
821 2731 1035 2768 considerans,
1055 2730 1192 2762 conabor
1208 2740 1238 2761 re
1254 2740 1326 2761 vera
1341 2739 1434 2772 quam
1450 2729 1582 2760 maxime
1604 2732 1713 2770 potero

247 2781 349 2814 bonus
365 2782 468 2815 vivere
493 2789 588 2826 atque
613 2785 701 2817 mori.
747 2785 901 2817 Cohortor
921 2789 1025 2816 autem
1049 2789 1081 2815 et
1105 2788 1226 2816 ceteros
1251 2793 1372 2820 omnes,
1397 2788 1550 2825 quantum
1574 2791 1713 2824 possum.

246 2834 293 2868 Te
304 2846 432 2879 quoque
445 2838 486 2869 ad
500 2837 681 2880 hujusmodi
695 2839 791 2870 vitam
815 2849 928 2870 revoco
953 2844 1048 2880 atque
1063 2843 1221 2870 certamen
1237 2849 1246 2869 :
1271 2838 1357 2880 quod
1372 2837 1519 2879 equidem
1531 2845 1634 2868 assero
1648 2846 1714 2878 prae

248 2888 318 2922 aliis
331 2891 553 2923 certaminibus
575 2892 606 2923 in
622 2892 680 2925 hac
695 2893 759 2924 vita
781 2903 850 2925 esse
864 2893 982 2925 homini
1006 2892 1215 2924 subeundum.
1261 2891 1461 2933 Quapropter
1475 2895 1508 2923 ct
1522 2895 1553 2922 te
1568 2889 1713 2933 objurgo,

250 2943 305 2986 qui
321 2954 383 2977 non
399 2945 517 2989 poteris
534 2946 589 2980 tibi
604 2946 665 2990 ipsi
680 2957 773 2991 opem
790 2947 879 2986 serre,
896 2948 1023 2990 quaudo
1039 2947 1080 2979 de
1096 2953 1126 2979 tc
1138 2946 1343 2989 judicabitur,
1360 2944 1548 2988 instabitque
1560 2944 1716 2977 sententia
