1846 3268
252 263 304 299 98
853 255 1123 297 I’LATONIS
1682 263 1727 314 [4

253 367 325 395 tum
345 362 514 405 periclitari
540 362 663 394 studeo.
710 361 766 392 SO.
790 359 882 393 Forte
904 361 988 393 enim
1011 367 1045 392 tu
1070 371 1138 392 raro
1165 365 1196 393 te
1216 361 1319 404 ipsum
1346 361 1417 394 aliis
1443 362 1589 395 exhibere
1605 362 1732 404 videris,

257 423 407 459 tuamque
434 417 518 448 nolie
538 416 725 458 sapientiam
747 425 934 458 propagare.
958 426 1018 458 ego
1044 421 1149 447 autem
1174 415 1320 455 formido,
1346 428 1386 448 ne
1401 418 1442 449 ob
1458 418 1683 450 humanitatem
1699 424 1732 450 et

257 471 290 502 in
303 482 401 513 genus
415 471 576 502 hominum
593 469 752 502 caritatem
768 469 816 501 his
838 470 914 501 odio
929 469 1053 507 fuerim,
1082 470 1230 512 quoniam
1251 471 1424 514 unicuique
1440 473 1601 503 hominum
1616 473 1730 514 passim

257 536 308 557 me
335 526 473 567 praebeo,
498 535 556 556 nec
584 524 650 555 sine
667 523 809 555 mercede
825 524 989 561 duntaxat,
1014 535 1119 556 verum
1141 525 1234 557 etiam
1261 525 1393 557 libenter
1420 526 1501 557 uitro
1524 537 1574 558 me
1598 532 1731 569 meaque

258 580 371 620 ostem,
387 581 411 611 si
427 580 498 621 quis
511 579 619 610 audire
630 588 684 609 me
699 578 787 610 velit.
832 577 865 610 Si
888 588 939 610 me
961 579 1070 623 igitur,
1092 584 1127 610 ut
1153 579 1248 611 mo‘do
1275 580 1432 617 dicebam,
1459 579 1590 612 derisuri
1613 584 1730 617 essent,

259 634 526 677 quemadmodum
543 638 576 663 tu
593 633 670 664 iliud
687 637 718 664 te
733 632 825 670 dicis,
852 634 930 664 nihil
946 644 1020 665 sane
1036 624 1198 665 molestum
1218 634 1299 665 foret
1314 645 1332 666 a
1343 634 1526 676 jocantibus
1541 634 1732 666 ridentibus-

259 689 369 730 quein
390 688 548 729 judicium
573 687 664 718 trahi.
688 686 737 718 sin
758 695 862 718 autem
879 687 958 719 serio
974 686 1025 718 isti
1039 688 1250 728 contendunt,
1275 688 1311 718 id
1337 699 1399 730 quo
1426 688 1554 719 tandem
1571 688 1729 725 deveniat,

261 748 466 785 praeterquam
483 742 572 773 vobis
586 741 830 788 vaticinantibus
846 747 894 774 est
909 742 1080 774 occultum.
1123 742 1188 774 Eu.
1212 742 1302 773 Nihil
1314 742 1392 773 forte
1404 741 1536 783 negotii,
1546 753 1565 773 o
1576 742 1733 778 Socrates.

259 797 340 828 erit:
365 807 420 838 pro
434 796 549 828 mentis
563 796 702 827 viribus'
695 807 725 827 ιη
742 806 836 827 causa
851 801 904 827 tua
919 796 1065 834 certabis,
1081 806 1140 838 ego
1153 801 1333 833 aute1u‚ut
1349 796 1490 833 arbitror,
1506 796 1538 827 in
1555 806 1634 828 mea.
1677 796 1732 828 So.

260 851 348 882 Num
365 851 471 893 aliqua
486 851 543 882 tibi
559 860 653 882 causa
667 855 738 882 cst.
732 851 743 873 Ρ
765 851 902 892 sugisne,
917 861 956 881 an
972 850 1189 893 persequeris?
1215 850 1278 881 Eu.
1304 850 1491 892 Persequor.
1522 850 1579 882 So.
1602 849 1728 887 Quem.
1722 850 1734 869 ³

260 899 314 947 [4]
340 905 405 938 Ευ.
429 905 532 942 Quem
549 904 624 935 dum
641 914 820 945 persequor,
835 904 968 935 insanire
984 904 1102 935 videor.
1147 904 1204 936 So.
1228 903 1340 941 Quid?
1362 905 1520 936 volantem
1533 903 1612 935 sorte
1624 914 1733 946 quem-

258 959 343 1000 piam
361 958 574 1000 persequeris?
622 957 687 990 Eu.
712 957 824 989 Procul
842 958 1011 989 admodum
1027 959 1114 989 abest
1131 963 1166 989 ut
1181 958 1277 997 volet,
1293 958 1349 1000 qni
1360 958 1427 1000 jam
1443 957 1568 1000 grandis
1579 963 1627 989 est
1641 963 1730 989 natu.

259 1014 317 1044 So.
340 1012 422 1050 Quis
432 1012 514 1044 iste?
561 1003 625 1042 Eu.
649 1012 744 1042 Pater
759 1018 858 1044 mens.
903 1013 963 1043 So.
982 1006 1124 1051 Tuusne,
1149 1023 1168 1043 ο
1184 1012 1230 1043 vir
1244 1012 1389 1054 optime?
1434 1013 1499 1043 Eu.
1521 1011 1692 1043 Prorsnm
1682 1021 1733 1042 m-

259 1077 367 1109 quam.
411 1066 468 1097 So.
491 1065 573 1103 Qua:
588 1065 747 1097 accusatio
763 1070 858 1097 estet
878 1066 969 1108 cujus
984 1066 1026 1097 rei
1049 1066 1229 1107 judicium
1223 1067 1234 1087 ²
1278 1066 1342 1098 Etr.
1365 1066 1552 1104 Homicidii,
1575 1066 1732 1098 Socrates.

258 1122 316 1154 So.
360 1120 445 1152 Proh
460 1119 626 1160 Hercuies,
639 1119 730 1156 sorte,
744 1130 763 1150 o
779 1118 1003 1162 Euthyphron‚
1028 1120 1185 1161 ignoratur
1200 1130 1218 1151 a
1234 1119 1352 1157 multis,
1378 1131 1442 1162 quo
1458 1125 1554 1162 pacto
1570 1120 1632 1151 hoc
1647 1123 1733 1151 recte

259 1175 327 1206 fiat.
351 1182 456 1216 neque
472 1174 568 1215 enim,
593 1177 684 1215 puto,
707 1173 846 1215 cujusvis
861 1183 945 1215 opus·
956 1182 1036 1215 esse,
1061 1179 1146 1205 recte
1160 1175 1228 1205 haec
1242 1184 1346 1217 agere,
1361 1175 1416 1206 sed
1432 1174 1565 1217 aiicujus
1579 1173 1734 1216 sapientia

258 1229 355 1272 iunge
369 1228 522 1271 provecti.
567 1227 630 1259 Eo.
654 1227 764 1272 Longe
780 1238 835 1269 per
861 1228 986 1260 Jovemt
1029 1228 1087 1259 So.
1109 1227 1162 1259 An
1177 1229 1423 1260 domesticorum
1439 1229 1596 1271 quispiam
1610 1239 1629 1259 a
1643 1232 1734 1270 patro

259 1288 417 1325 peremtus
429 1283 496 1314 est?
519 1282 568 1313 vel
585 1281 617 1312 id
635 1281 755 1323 liquido
772 1286 858 1323 patet
877 1292 886 1313 z
911 1283 975 1312 non
992 1283 1075 1313 enim
1092 1283 1133 1313 ob
1149 1287 1328 1314 extraneum
1345 1283 1482 1325 aliquem
1497 1282 1659 1314 homicidii
1673 1292 1732 1324 pa·

256 1343 336 1369 trem
352 1347 527 1369 accusares.
572 1336 643 1389 Eu'x
664 1335 848 1366 Ridiculum
865 1341 923 1373 est,
940 1347 959 1367 o
975 1336 1130 1374 Socrates,
1157 1335 1182 1368 si
1197 1337 1275 1379 quid
1296 1337 1448 1369 interesse
1460 1346 1583 1375 censes,
1608 1336 1734 1367 domes-

257 1391 382 1422 ticusne
397 1401 436 1422 an
452 1396 616 1422 extraneus
632 1390 673 1421 sit
686 1389 829 1430 occisus3
851 1400 956 1432 neque
971 1390 1004 1421 id
1020 1391 1172 1422 duntaxat
1189 1391 1422 1422 observandum
1432 1401 1512 1430 esse,
1533 1395 1638 1422 utrum
1657 1389 1733 1432 jure

260 1445 424 1482 occiderit,
440 1444 582 1487 quisquis
598 1444 728 1486 occidit,
742 1454 854 1477 necne.
878 1445 963 1487 quod
980 1444 1005 1475 si
1025 1444 1109 1487 jure,
1135 1444 1380 1477 dimittendum:
1405 1446 1454 1477 sin
1479 1450 1584 1477 autem
1603 1443 1734 1487 injuria,

258 1499 532 1542 persequendum:
557 1498 633 1530 iicet
648 1498 703 1541 qui
719 1498 861 1541 peremit,
887 1498 1078 1530 domesticus
1099 1499 1321 1542 familiarisque
1343 1499 1395 1532 sit.
1441 1499 1547 1542 AEque
1571 1498 1656 1530 errirn
1682 1497 1734 1529 irr-

258 1554 470 1596 quinaremur,
494 1553 520 1585 si
535 1553 660 1593 sceleris
674 1552 793 1585 conscii
807 1552 1089 1595 acquiesceremus,
1110 1563 1169 1585 nec
1192 1554 1281 1584 illurn
1307 1559 1402 1596 atque
1423 1564 1484 1586 nos
1502 1553 1588 1596 ipsos
1605 1551 1734 1595 judicio

260 1609 468 1650 expiaremus.
492 1618 670 1649 quanquam
697 1607 751 1649 qui
766 1607 874 1649 periit,
893 1607 992 1639 cliens
1014 1612 1110 1650 atque
1134 1608 1276 1640 minister
1299 1618 1386 1640 meus
1409 1612 1486 1646 erat,
1510 1607 1578 1650 qui,
1601 1617 1678 1639 cum
1699 1607 1734 1638 in

261 1661 357 1693 Naxo
370 1662 409 1693 in
421 1661 641 1703 agriculturam
657 1661 919 1702 incumberemus,
928 1661 1019 1693 nobis
1035 1662 1181 1694 mercede
1196 1663 1333 1695 servivit.
1357 1663 1412 1694 sed
1437 1663 1476 1694 ab
1492 1662 1554 1694 alio
1570 1662 1661 1694 nobis
1675 1661 1734 1694 do·

259 1716 391 1748 mestico
406 1716 439 1746 in
454 1715 530 1747 iram
545 1715 703 1757 concitus,
718 1726 789 1747 eum
811 1715 963 1747 continuo
979 1715 1149 1758 jugulavit.
1195 1717 1291 1748 Unde
1310 1721 1399 1759 pater
1420 1715 1567 1758 obligatis
1589 1715 1734 1748 manibus

260 1781 298 1802 ac
313 1770 448 1812 pedibus
462 1769 499 1801 in
523 1770 647 1801 foveam
673 1769 830 1812 conjecit:
854 1774 950 1812 atque
970 1771 1034 1803 huc
1055 1770 1140 1802 ‘misit
1156 1771 1328 1808 hominem,
1352 1770 1407 1813 qui
1426 1770 1507 1813 juris
1531 1770 1734 1813 interpretem

258 1825 338 1867 quid
361 1823 518 1867 agendum
535 1830 618 1856 esset
639 1823 853 1866 interrogaret.
903 1824 1029 1856 Interea
1040 1825 1179 1856 vinctum
1201 1825 1289 1855 ilium
1311 1829 1346 1855 ut
1371 1824 1559 1856 homicidam
1584 1823 1735 1866 neglexit,

260 1878 352 1921 quasi
369 1878 448 1910 nihii
467 1878 596 1909 omnino
611 1877 747 1916 referret,
771 1877 798 1908 si
812 1877 896 1909 ferte
907 1877 1056 1910 deficeret
1070 1889 1077 1909 :
1101 1879 1188 1920 quod
1209 1883 1242 1910 et
1255 1877 1387 1912 accidit.
1409 1888 1482 1909 nam
1497 1878 1676 1920 priusqam
1691 1877 1735 1909 ab

257 1934 431 1975 interprete
454 1933 583 1964 nuntius
599 1931 667 1974 ipse
683 1932 809 1970 rediret,
833 1932 928 1970 fame,
952 1931 1078 1974 firigooe,
1092 1932 1228 1964 vinealis
1241 1932 1346 1975 periit.
1389 1931 1462 1965 Hae
1477 1932 1518 1964 de
1532 1942 1628 1964 causa
1641 1935 1734 1974 pater

258 1986 419 2029 ceterique
435 1985 604 2029 propinqui
625 1986 760 2028 graviter.
772 1985 887 2024 ferunt,
911 1986 998 2028 quod
1013 1992 1145 2029 propter
1159 1987 1326 2019 homicidas
1354 1992 1485 2019 mortem
1508 1990 1629 2029 patrem
1642 1995 1732 2018 reum

257 2042 346 2073 necis
363 2050 529 2073 accusem:
554 2040 620 2083 qui,
637 2046 672 2071 ut
687 2040 747 2082 ipsi
757 2041 860 2082 aiunt,
883 2040 1012 2073 minime
1026 2041 1196 2079 interfecit,
1212 2041 1275 2079 vei,
1296 2041 1321 2072 si
1337 2042 1430 2073 etiam
1445 2040 1666 2083 interemisset,
1690 2040 1734 2082 de

255 2095 425 2127 homicidae
450 2095 578 2126 interitu
603 2094 682 2126 nihil
706 2105 774 2127 esse
797 2095 981 2127 curandum.
1003 2095 1170 2138 profanum
1195 2095 1281 2127 enim
1308 2107 1375 2128 esse
1399 2095 1505 2128 ferunt
1529 2095 1628 2127 filiam
1650 2093 1734 2137 patri

258 2149 343 2181 diem
359 2149 491 2189 dicere,
515 2148 595 2180 male
611 2149 834 2191 dijudicante-⁴3,
858 2160 878 2182 o
902 2150 1058 2188 Socrates,
1083 2150 1243 2192 quomodo
1265 2150 1321 2192 jus
1336 2150 1478 2182 divinum
1492 2149 1576 2182 circa
1589 2153 1732 2181 sanctum

257 2204 463 2245 profanumve
478 2214 512 2235 se
521 2204 647 2237 habeat.
692 2204 750 2236 So.
770 2204 862 2236 Tune
879 2204 1075 2247 per‘Jovem,
1092 2215 1111 2235 ο
1127 2204 1353 2247 Eutbyphron,
1376 2205 1420 2237 sie
1433 2211 1465 2236 te
1481 2204 1599 2236 sincere
1612 2203 1733 2246 divina,

259 2263 381 2299 sancta,
396 2262 430 2289 et
445 2258 575 2300 profana
587 2259 748 2300 quomodo
762 2269 796 2291 se
812 2260 958 2298 habeant,
974 2260 1050 2292 scire
1066 2253 1239 2302 praesumis,
1257 2264 1292 2291 ut
1304 2260 1342 2291 iis
1357 2260 1401 2291 ita
1413 2259 1562 2302 peractis,
1576 2258 1731 2301 quemad·

256 2313 387 2344 modum
401 2312 516 2354 inquis,
532 2313 616 2345 haud
631 2313 791 2354 formides,
816 2323 857 2346 ne
878 2319 997 2356 patrem
1023 2324 1110 2345 reum
1135 2314 1221 2346 necis
1245 2324 1396 2346 accusans
1422 2314 1585 2357 profanum
1609 2311 1732 2355 aliquid

259 2366 473 2407 aggrediaris?
518 2365 584 2399 Eu.
606 2366 695 2398 Nihil
721 2368 799 2399 mihi
823 2368 960 2400 studium
978 2379 1078 2400 meum
1096 2369 1273 2411 prodesset,
1299 2379 1318 2399 ο
1345 2369 1501 2406 Socrates,
1526 2377 1586 2400 nec
1607 2367 1731 2398 ratione

256 2420 323 2451 ulla
347 2419 406 2462 {5}
426 2419 638 2464 Eutbyphron
661 2421 730 2453 aliis
754 2423 860 2454 multis
886 2428 1046 2465 praestaret
1071 2423 1262 2466 homiuibus,
1287 2423 1347 2454 nisi
1367 2422 1442 2454 talia
1462 2421 1607 2464 quaedam
1633 2421 1733 2464 plane

257 2473 486 2515 dignoscerem.
530 2475 588 2508 So.
612 2475 643 2506 O
666 2476 849 2509 admirande
874 2477 1098 2521 Euthyphron,
1125 2487 1228 2520 operae
1253 2476 1387 2519 pretium
1414 2481 1473 2514 est,
1498 2481 1536 2508 ut
1555 2474 1733 2518 discipulus

257 2532 331 2558 tuus
346 2527 432 2565 fiam,
447 2534 480 2559 et
495 2528 528 2560 in
543 2531 761 2570 contentione,
773 2542 844 2574 quae
858 2533 935 2564 mihi
950 2543 1022 2565 cum
1038 2532 1154 2564 Mento
1169 2537 1230 2570 est,
1256 2532 1290 2563 in
1306 2531 1413 2574 primis
1425 2532 1487 2563 ista
1501 2530 1664 2573 objiciam,
1679 2536 1731 2561 m'e

257 2581 381 2614 scilicet
395 2582 547 2614 hacteuus
562 2584 738 2617 divinorum
753 2587 968 2628 cognitionem
981 2586 1079 2618 fuisse
1094 2586 1269 2629 professum
1284 2597 1293 2619 z
1319 2596 1404 2618 nunc
1419 2590 1536 2624 autem,
1561 2588 1730 2627 postqum

257 2646 309 2667 me
326 2636 452 2678 propria
463 2630 606 2680 vanaque
620 2640 771 2681 opinione
796 2651 894 2673 novos
909 2641 988 2674 deos
1001 2642 1179 2683 contingere
1194 2641 1319 2679 dixerit,
1348 2640 1540 2682 discipulum
1555 2643 1643 2670 taum
1657 2646 1730 2670 esse

255 2691 386 2724 tactum.
430 2690 466 2722 Si
480 2702 566 2734 ergo,
590 2703 609 2723 o
625 2693 752 2732 Melite,
774 2696 890 2734 dicam,
916 2695 1180 2739 Euthyphronem
1196 2695 1228 2726 in
1243 2694 1280 2727 iis
1302 2700 1387 2727 recte
1409 2694 1524 2727 sentite
1549 2696 1656 2735 putus,
1677 2700 1729 2723 me

257 2754 385 2787 quoque
398 2745 554 2786 existima,
577 2757 680 2789 neque
695 2749 836 2782 damnes.
860 2750 909 2782 sin
935 2750 1051 2792 minus,
1073 2755 1298 2793 praeceptorem
1315 2750 1402 2782 ilium
1418 2749 1505 2792 prius
1517 2742 1612 2790 quam
1628 2756 1678 2778 me
1693 2746 1727 2780 in

253 2797 411 2840 judicium
436 2800 600 2841 accersite,
626 2812 716 2834 senes
732 2803 874 2837 homines
888 2810 1153 2847 corrumpentem,
1181 2815 1229 2837 me
1254 2804 1374 2837 scilicet
1399 2808 1493 2846 atque
1516 2806 1657 2843 patrem;
1678 2810 1735 2831 me*

255 2853 385 2895 quidem
402 2854 581 2892 docentem,
597 2855 683 2887 ilium
701 2868 773 2889 vero
789 2860 993 2902 corrigentem
1009 2865 1042 2892 et
1058 2859 1253 2902 punientem.
1298 2857 1394 2897 Quod
1409 2858 1436 2890 si
1452 2856 1528 2888 mihi
1548 2865 1612 2887 non
1636 2854 1728 2888 obse-

253 2911 381 2947 quatur,
404 2914 507 2950 neque
523 2907 661 2941 dimittat
677 2910 846 2952 judicium,
861 2924 967 2956 neque
982 2924 1038 2956 pro
1056 2925 1105 2946 me
1120 2918 1152 2945 te
1167 2913 1336 2954 adscribat,
1364 2911 1474 2943 eadem
1490 2914 1597 2942 tamen
1610 2908 1677 2951 ipsa
1691 2907 1729 2939 in

250 2959 375 3003 judicio
392 2966 521 3005 cogetur
534 2963 719 3007 praedicere,
742 2967 782 2999 ad
798 2977 869 3009 quae
885 2967 988 3012 ipsum
1003 2973 1096 3001 antea
1113 2967 1331 3011 provocabam·
1377 2964 1442 3000 ἓν.
1465 2963 1514 2998 lta
1531 2972 1588 3008 per
1602 2961 1729 3002 JOWD·
