1846 3268
172 277 264 331 159]
719 281 1097 323 PARMENIDES.
1555 291 1630 329 125

169 391 233 414 uno
251 393 377 416 necesse
392 388 452 425 est,
467 388 499 416 et
514 388 613 416 totum
628 383 719 416 simul
736 390 768 416 et
784 390 912 426 partem.
958 385 1067 428 Ipsum
1083 395 1219 429 namque
1231 396 1328 418 unum
1342 391 1440 420 totum
1456 390 1526 427 erit,
1541 391 1631 433 cujus

167 441 270 477 partes
285 442 358 469 sunt
372 442 473 480 partes
489 438 619 480 singulae
635 449 642 469 =
667 440 914 481 unumquodque
931 450 1003 471 vero
1020 451 1129 478 unum,
1144 451 1215 482 pars
1230 442 1338 478 totius,
1355 452 1550 485 quascunque
1563 455 1634 486 pars

167 491 263 522 totius
278 491 416 526 exsistat.
459 493 511 524 Sic
526 497 584 524 est.
627 491 744 524 Nonne
760 493 865 534 igitur,
881 503 952 524 cum
969 493 1030 525 alia
1046 494 1119 531 sint,
1135 504 1229 536 quam
1245 505 1354 532 unum,
1370 506 1434 527 uno
1445 497 1634 539 participant

167 545 283 587 omnia,
305 556 376 587 quae
401 546 615 588 participant?
661 545 806 583 Quidni?
852 546 929 577 Alia
944 557 1015 578 vero
1031 558 1123 589 quam
1146 559 1254 586 unum,
1281 549 1379 580 multa
1399 551 1632 591 quodammodo

167 604 251 630 sunt.
274 609 346 630 nam
363 601 388 631 si
401 599 463 631 alia
478 605 590 642 praeter
603 610 714 637 unum,
730 610 789 632 nec
805 610 902 631 unum
917 611 1021 643 neque
1039 601 1127 643 plura
1140 612 1205 633 uno
1220 607 1336 640 essent,
1352 603 1431 634 nihil
1444 605 1568 646 penitus
1583 615 1632 636 es·

167 656 249 683 sent.
292 653 383 685 Nihil
398 665 484 686 sane.
529 653 701 697 Postquam
717 659 823 686 autem
838 655 928 696 plura
945 666 1008 686 uno
1025 660 1109 697 sunt,
1123 666 1194 697 quae
1209 657 1302 687 unius
1320 658 1416 698 partis
1431 663 1464 689 et
1477 659 1569 690 unius
1585 664 1634 690 to-

167 704 228 737 tius
243 707 407 750 participia
421 713 512 741 sunt:
539 719 644 740 nonne
660 719 788 740 necesse
805 714 864 746 est,
880 709 1083 741 multitudine
1097 709 1222 742 infinita
1235 721 1302 742 esse
1314 711 1535 754 participantia
1548 714 1635 745 uno?

168 759 314 796 Quonam
330 762 452 802 pacto?
495 762 567 794 Hoc
583 762 690 804 plane.
718 762 805 793 aliud
822 761 974 804 quiddam
995 774 1088 805 quam
1110 774 1208 795 unum
1228 763 1290 795 ista
1312 770 1396 803 sunt,
1421 776 1524 808 neque
1539 768 1634 799 etiam

168 822 232 843 uno
248 814 438 857 participant
452 821 540 854 tunc,
556 827 627 848 cum
644 816 776 858 primum
794 827 856 847 uno
879 816 1081 858 participant.
1128 818 1234 849 Certe.
1278 816 1396 850 Nonne
1417 820 1634 853 multitudines

165 872 248 904 sunt,
265 867 298 898 in
312 869 427 910 quibus
444 881 508 901 non
532 871 615 902 inest
640 871 761 902 unum?
808 871 1036 903 Multitudines
1059 876 1155 904 certe.
1201 870 1297 909 Quod
1320 872 1346 904 si
1363 873 1493 905 velimus
1517 875 1633 907 intelli-

165 920 273 962 gentia
293 922 364 965 ipsa
385 935 422 956 ex
445 925 483 957 iis
509 925 628 968 aliquid
646 935 739 967 quarn
756 925 918 957 minimum
935 935 1112 967 excerpere,
1127 937 1167 958 an
1181 937 1245 958 non
1261 937 1388 958 necesse
1404 927 1473 966 erit,
1486 928 1566 961 illud
1580 941 1633 962 ex-

164 979 309 1014 tractum,
331 982 442 1020 utpote
455 979 541 1022 qnod
557 980 650 1011 unius
666 985 714 1011 est
727 990 850 1022 expers,
873 979 1107 1011 multitudinem
1129 991 1210 1022 esse,
1226 991 1291 1011 non
1316 982 1435 1013 unum?
1480 982 1631 1016 Necesse.

164 1027 283 1062 Nonne
297 1030 356 1062 tibi
370 1032 415 1063 sic
430 1043 552 1075 semper
566 1034 781 1066 consideranti
797 1034 896 1076 ipsam
913 1034 1086 1066 secundum
1102 1044 1135 1066 se
1151 1034 1249 1076 ipsam
1265 1035 1391 1066 alteram
1406 1037 1524 1078 speciei
1539 1045 1632 1070 natu-

167 1091 244 1120 ram,
259 1089 538 1129 quantumcunque
551 1087 638 1119 illius
654 1088 837 1130 inspexeris,
850 1087 1009 1127 infinitum
1031 1088 1235 1120 multitudine
1249 1099 1371 1130 semper
1385 1092 1548 1123 occurret?
1590 1092 1633 1124 Et

165 1137 297 1169 maxime
311 1140 452 1181 quidem.
498 1141 720 1173 Verumtamen
743 1149 910 1184 postquam
931 1152 1026 1172 unum
1046 1141 1195 1183 quaelibet
1220 1152 1290 1183 pars
1316 1142 1430 1175 effecta
1444 1149 1503 1182 est,
1527 1147 1634 1177 termi-

163 1200 239 1222 num
258 1191 327 1233 jam
344 1199 446 1235 partes
467 1195 614 1237 invicem,
634 1202 666 1228 et
686 1196 727 1227 ad
749 1201 850 1227 totum
877 1196 1015 1227 habent:
1040 1206 1100 1227 nee
1115 1206 1179 1226 non
1195 1196 1235 1226 ad
1251 1200 1355 1238 partes
1370 1201 1481 1228 totum.
1525 1198 1630 1232 Valde

164 1244 305 1286 quidem.
352 1247 462 1289 Itaque
479 1249 559 1291 aliis,
574 1260 668 1291 quam
699 1260 810 1291 unum,
834 1249 1000 1291 contingit,
1027 1260 1062 1280 ex
1079 1249 1151 1291 ipso
1168 1260 1245 1287 uno,
1269 1255 1302 1280 et
1316 1260 1354 1281 ex
1370 1261 1404 1282 se
1419 1250 1496 1292 ipsis
1514 1251 1582 1294 jam
1597 1254 1632 1285 in

163 1309 227 1330 uno
242 1301 558 1339 communicantibus,
581 1303 712 1334 alterurn
729 1304 880 1345 quiddam
896 1303 929 1334 in
951 1303 1027 1345 ipsis
1042 1303 1109 1334 fieri
1123 1314 1131 1335 ε
1157 1303 1242 1345 quod
1260 1304 1389 1345 quidem
1404 1305 1567 1337 terminum
1583 1308 1632 1338 in-

162 1351 263 1384 vicem
278 1355 435 1395 praebuit;
457 1361 568 1387 natura
583 1361 689 1387 autem
707 1357 830 1387 illorum
857 1357 1029 1387 secundum
1053 1366 1087 1387 se
1102 1356 1216 1398 ipsam,
1231 1356 1431 1391 infinitatem,
1474 1359 1630 1393 Manifes-

162 1411 228 1438 tum
244 1413 302 1439 est.
347 1408 386 1439 In
401 1409 486 1441 hunc
502 1410 610 1451 itaque
627 1410 753 1441 modum
771 1409 844 1450 alia,
858 1419 952 1452 quam
969 1420 1078 1447 unurn,
1089 1414 1156 1440 tum
1173 1414 1250 1448 tota,
1267 1415 1331 1442 tum
1348 1412 1442 1443 etiarn
1458 1416 1632 1447 secundum

163 1461 345 1504 particulas,
360 1469 393 1494 et
407 1463 531 1496 infinita
545 1469 630 1501 sunt,
656 1469 688 1495 et
713 1463 844 1495 termino
860 1464 998 1505 quodam
1014 1463 1218 1505 participant.
1263 1463 1403 1497 Prorsus.
1448 1464 1566 1500 Nonne
1583 1470 1630 1501 in-

163 1526 258 1557 super
271 1517 382 1548 similia
396 1517 623 1560 dissimiliaque
638 1517 788 1558 invicem,
799 1523 832 1549 et
846 1517 904 1549 sibi
919 1517 996 1559 ipsis
1009 1518 1020 1548 ?
1066 1517 1277 1555 Quamobrem
1294 1518 1306 1549 ?
1352 1519 1425 1557 Qua
1441 1521 1567 1562 quidem
1584 1524 1632 1556 in-

162 1569 252 1602 finita
266 1576 338 1602 sunt
350 1573 523 1604 secundum
538 1572 742 1614 ipsorummet
763 1576 918 1610 naturam,
943 1572 1049 1603 omnia
1071 1572 1157 1603 idem
1173 1572 1408 1614 quodammodo
1423 1585 1462 1606 ex
1478 1576 1536 1609 hoc
1551 1577 1632 1610 invi.

162 1633 231 1655 cem
247 1624 419 1666 patiuntur.
463 1626 642 1658 Patiuntur.
686 1625 767 1657 Item
783 1636 845 1668 qua
861 1629 976 1657 cuncta
997 1626 1191 1667 participant
1204 1626 1350 1664 termino,
1375 1639 1413 1659 ex
1429 1630 1488 1661 hoc
1504 1641 1632 1675 quoque

160 1677 245 1710 idem
260 1678 365 1711 omnia
378 1679 548 1722 patIuntur.
595 1679 717 1718 Quidni
730 1681 741 1711 ?
787 1680 861 1717 Qua
876 1685 981 1711 tamen
996 1679 1057 1711 illis
1072 1680 1233 1718 convenit,
1259 1685 1295 1711 ut
1309 1681 1400 1714 finita
1414 1683 1478 1714 sint
1492 1685 1583 1718 simul
1599 1691 1632 1719 et

160 1732 296 1772 infinita,
319 1745 390 1777 quae
411 1740 485 1766 sunt
504 1734 665 1767 contrarias
687 1734 859 1776 passiones,
887 1745 981 1776 quam
997 1734 1131 1766 maxime
1146 1734 1213 1765 fieri
1229 1739 1345 1776 potest,
1369 1736 1532 1769 dissimilia
1546 1746 1630 1773 sunt.

162 1786 261 1831 [159]
277 1787 432 1821 Nimium.
448 1788 531 1831 Ergo
543 1789 716 1821 secundum
727 1793 889 1831 utramque
902 1789 1077 1830 passionem
1087 1789 1156 1831 ipsa
1170 1788 1307 1826 sibimet,
1323 1794 1356 1821 et
1370 1790 1503 1823 invicem
1519 1793 1632 1826 similia

161 1847 254 1874 erunt
266 1854 274 1873 :
297 1847 331 1874 at
345 1854 418 1874 vero
428 1844 599 1875 secundum
616 1845 722 1875 ambas
734 1843 892 1885 utrinque,
905 1843 996 1875 simul
1012 1853 1104 1886 quam
1120 1843 1252 1875 maxime
1266 1844 1420 1876 contraria
1433 1850 1528 1887 atque
1540 1848 1631 1879 dissi-

159 1896 256 1928 milia.
301 1897 444 1930 Constat.
489 1898 541 1930 Sic
555 1898 651 1941 igitur
661 1898 724 1929 alia
738 1899 849 1929 eadem
863 1898 925 1929 sibi
938 1898 1015 1940 ipsis
1025 1902 1059 1929 et
1069 1897 1219 1938 invicem,
1231 1897 1406 1941 similiaque
1421 1904 1455 1930 et
1468 1900 1631 1934 dissimilia

159 1955 261 1985 erunt.
293 1951 404 1984 Erunt.
438 1952 480 1984 Et
494 1954 603 1985 eadem
618 1953 730 1984 iterum
743 1957 838 1995 atque
851 1952 949 1984 altera
963 1953 1109 1994 invicem,
1119 1951 1300 1994 agitataque
1315 1958 1349 1984 et
1360 1954 1488 1996 stantia,
1498 1960 1630 1988 ceteras-

161 2016 224 2048 que
239 2007 406 2039 contrarias
421 2007 582 2049 passiones
593 2007 810 2050 suscipientia,
829 2007 895 2046 ina,
911 2018 982 2049 quae
997 2007 1059 2039 alia
1071 2011 1146 2038 sunt
1158 2016 1252 2048 quam
1263 2017 1372 2045 unum,
1384 2007 1479 2039 facile
1494 2010 1630 2051 reperie-

160 2071 229 2092 mus
242 2071 253 2101 ;
268 2061 388 2103 quippe
403 2072 472 2093 cum
487 2062 655 2104 praedictas
666 2061 733 2103 jam
753 2061 912 2104 passiones
924 2061 1127 2104 susceperint.
1150 2060 1254 2093 Recte
1269 2060 1359 2093 dicis.
1385 2060 1501 2094 Nonne
1517 2069 1629 2105 praete-

153 2125 214 2148 2rea
227 2115 336 2148 sihaec
352 2120 499 2158 tanquam
516 2117 682 2159 perspicua
694 2116 977 2158 praetermittemus,
988 2127 1023 2148 ac
1037 2126 1149 2153 rursus,
1160 2125 1259 2146 unum
1274 2115 1300 2146 si
1315 2120 1374 2153 est,
1385 2116 1629 2157 consideremus,

159 2168 223 2202 alia
236 2180 328 2212 quam
342 2181 437 2201 unum
453 2171 497 2203 sic
523 2171 617 2202 etiam
640 2182 673 2203 se
693 2172 868 2212 habebunt,
889 2181 929 2201 an
957 2163 1014 2202 sic⁵
1029 2170 1153 2201 solum?
1201 2170 1342 2201 Prorsus.
1386 2170 1485 2202 Estne
1500 2171 1595 2213 igitur
1609 2184 1628 2204 a

160 2223 316 2266 principio
330 2224 442 2256 iterum
459 2224 687 2263 disserendum,
702 2236 799 2256 unum
816 2225 844 2256 si
858 2230 917 2262 est,
932 2225 1010 2267 quid
1025 2224 1086 2255 alia
1101 2223 1168 2265 pati
1179 2224 1345 2265 oporteat?
1390 2223 1631 2258 Disserendum.

159 2276 216 2309 An
229 2288 293 2309 non
312 2288 447 2310 seorsum
464 2278 592 2321 quidem
607 2290 705 2311 unum
721 2280 760 2310 ab
776 2279 859 2315 aliis,
874 2289 1074 2319 seorsumque
1089 2277 1150 2308 alia
1173 2282 1265 2308 erunt
1279 2277 1318 2308 ab
1334 2287 1397 2308 uno
1410 2278 1422 2308 ?
1467 2279 1625 2312 Cumani?

160 2331 244 2369 Quia
259 2331 336 2363 nihil
347 2338 396 2363 est
408 2332 537 2364 alterum
558 2338 670 2375 praeter
683 2333 754 2370 ista,
779 2333 864 2374 quod
881 2331 967 2362 aliud
991 2331 1042 2368 sit,
1067 2340 1161 2372 quam
1177 2341 1286 2372 unum,
1301 2330 1449 2373 aliudque
1465 2343 1558 2374 quam
1574 2345 1627 2366 ce-

157 2390 236 2419 tera.
257 2386 400 2418 universa
415 2387 537 2429 quippe
550 2388 776 2429 comprehensa
788 2391 873 2424 sunt,
884 2396 955 2417 curn
972 2396 1068 2416 unum
1091 2390 1124 2415 et
1139 2384 1200 2415 alia
1215 2384 1334 2416 dictum
1358 2390 1416 2416 est.
1461 2386 1625 2423 Universa.

158 2439 265 2477 Quare
279 2440 356 2472 nihil
373 2446 485 2482 praeter
500 2442 566 2473 haec
581 2445 688 2479 restat,
703 2441 738 2472 in
754 2451 817 2482 quo
832 2440 920 2471 velut
934 2440 1044 2471 eadem
1063 2438 1096 2469 in
1117 2439 1192 2470 sede
1216 2443 1249 2469 et
1271 2449 1370 2470 unum
1389 2445 1423 2471 et
1447 2441 1507 2472 alia
1522 2445 1626 2475 consi-

159 2494 267 2527 deant.
311 2495 402 2527 Nihil
418 2506 551 2537 prorsus.
596 2495 769 2537 Nunquam
786 2495 882 2537 igitur
897 2495 930 2525 in
944 2494 1029 2525 idem
1046 2503 1143 2524 unum
1159 2493 1285 2535 aliaque
1299 2501 1500 2527 concurrunt.
1531 2497 1624 2530 Nun-

159 2558 265 2590 quam.
310 2548 453 2581 Seorsum
470 2561 542 2593 ergo
557 2550 568 2581 ?
591 2550 748 2582 Seorsum.
772 2549 902 2580 Dictum
919 2552 1069 2590 praeterea
1083 2546 1154 2585 fuit,
1170 2547 1271 2589 ipsum
1287 2557 1393 2579 revera
1409 2559 1504 2581 unum
1520 2558 1624 2593 partes

121 2619 124 2623 «
157 2602 259 2634 nullas
275 2603 401 2636 habere.
444 2603 489 2635 At
504 2605 662 2646 quomodo
679 2605 792 2636 habere
809 2603 938 2645 posset?
985 2602 1101 2643 Neque
1117 2606 1216 2632 totum
1239 2601 1332 2643 igitur
1353 2613 1449 2634 unum
1474 2604 1542 2636 aliis
1556 2607 1625 2639 ine-

158 2657 210 2698 rit,
224 2668 326 2700 neque
342 2657 411 2699 ejus
425 2658 600 2700 particulas,
615 2658 641 2690 si
655 2658 784 2701 quidem
801 2667 938 2689 seorsum
954 2661 1002 2688 est
1016 2656 1055 2687 ab
1067 2655 1147 2693 aliis,
1161 2655 1319 2697 nullisque
1334 2656 1494 2698 particulis
1509 2661 1626 2693 consti-

156 2711 264 2744 tuitur.
309 2710 359 2743 Ita
375 2717 432 2743 est.
478 2711 576 2743 Nullo
591 2712 698 2755 itaque
713 2713 809 2743 modo
833 2711 895 2742 alia
909 2721 972 2742 uno
990 2709 1238 2752 participabunt,
1253 2720 1326 2741 cum
1341 2721 1444 2752 neque
1460 2717 1559 2745 totum
1575 2716 1623 2757 ip-

157 2776 238 2803 sum,
263 2776 367 2808 neque
393 2771 511 2808 partem
532 2767 671 2808 capiant.
714 2765 828 2808 Nullo,
854 2771 890 2797 ut
911 2765 1045 2796 videtur.
1089 2763 1196 2806 Atque
1221 2764 1338 2796 idcirco
1353 2764 1413 2795 alia
1427 2766 1514 2797 nullo
1529 2773 1623 2809 pacto

157 2829 255 2851 unum
270 2826 355 2862 sunt,
369 2831 472 2863 neque
487 2821 521 2852 in
537 2830 569 2852 se
585 2820 661 2862 ipsis
686 2831 783 2852 unum
804 2820 934 2862 aliquod
959 2819 1085 2850 habent.
1129 2818 1278 2850 Minime.
1322 2817 1416 2850 Unde
1444 2829 1502 2851 nec
1526 2822 1624 2854 multa

159 2879 232 2906 sunt
247 2874 318 2906 alia.
341 2875 457 2907 etenim
474 2875 498 2906 si
514 2875 612 2906 multa
623 2879 742 2910 essent,
756 2874 1004 2915 unumquodque
1027 2872 1163 2911 illorum,
1185 2875 1295 2913 utpote
1311 2881 1381 2913 pars
1397 2873 1502 2911 totius,
1527 2885 1621 2906 uuum

157 2932 249 2961 esset.
271 2940 357 2961 nunc
371 2934 475 2961 autem
491 2940 554 2960 non
572 2939 678 2965 unum,
703 2939 767 2959 non
790 2928 902 2965 multa,
925 2937 989 2958 non
1013 2931 1126 2968 totum,
1147 2937 1211 2958 non
1226 2931 1328 2967 partes
1348 2926 1409 2957 alia
1424 2932 1507 2965 sunt,
1534 2934 1621 2969 post·

157 2993 250 3026 quam
267 2983 365 3016 nihilo
383 2983 474 3016 unius
490 2984 690 3027 participant.
735 2982 850 3016 Probe.
897 2983 1097 3024 Quapropter
1112 2991 1169 3013 nec
1192 2981 1270 3023 duo,
1295 2990 1353 3012 nec
1376 2979 1433 3012 tria
1456 2987 1538 3020 suut,
1562 2992 1621 3014 ncc
