1846 3268
204 260 301 311 459]
810 256 1069 296 GORGIAS.
1591 258 1667 298 193

195 373 281 394 nunc
295 366 504 395 consentanea
519 364 551 393 et
572 369 711 392 consona
726 357 829 391 dicere
845 360 904 397 his,
920 370 991 401 quae
1019 360 1104 402 prius
1129 358 1170 391 de
1194 357 1346 391 rhetorica
1368 358 1499 390 dixeras.
1543 359 1662 392 Vereor

195 422 299 448 tamen
315 426 453 458 arguere,
467 426 507 446 ne
522 425 572 446 me
585 414 738 446 arbitreris
753 424 816 444 non
826 414 870 445 rei
885 414 1096 450 declarandae,
1111 413 1166 444 sed
1179 413 1225 443 tui
1241 412 1339 454 gratia
1355 413 1525 444 decertare.
1549 413 1574 444 si
1586 424 1662 455 ergo

195 475 228 501 tu
244 481 281 501 ex
295 480 400 501 eorum
416 479 544 500 numero
568 479 644 506 es,e
669 478 801 510 quorum
821 479 882 510 ego
898 479 978 503 sum,
1004 468 1101 510 [458]
1127 467 1261 498 libenter
1287 467 1341 497 abs
1367 470 1398 497 te
1424 466 1633 507 perquirerem
1651 479 1661 501 t

193 522 241 554 sin
255 523 367 559 minus,
380 523 581 554 dimitterem.
625 523 720 559 Quod
736 522 761 553 si
779 527 866 564 petas
882 533 1014 563 quorum
1029 532 1089 563 ego
1105 533 1142 553 ex
1166 531 1294 552 numero
1315 521 1384 557 sim,
1399 521 1609 562 respondebo,
1624 531 1662 551 ex

193 575 231 607 iis
249 576 304 617 qui
319 576 451 607 libentes·
465 576 607 617 redargui
624 576 797 617 patiuntur,
812 576 839 606 si
860 575 937 617 quid
963 586 1027 606 non
1043 585 1115 606 vere
1129 575 1260 615 dicant3
1283 575 1416 606 libenter
1438 574 1533 606 etiam
1557 574 1663 605 redar-

193 636 306 671 guunt,
321 630 348 661 si
362 630 440 671 quid
455 631 495 661 ab
510 629 573 660 alio
586 640 650 660 non
666 640 737 660 vere
749 630 891 668 dicatur3
913 634 947 660 et
963 630 1076 670 quibus
1091 639 1154 660 non
1165 629 1268 659 minus
1283 633 1402 670 gratum
1414 632 1463 659 est
1477 627 1665 669 reprehendi

193 693 286 725 quam
299 683 536 724 reprehendere.
558 688 646 714 tanto
661 683 744 714 enirn
759 682 860 724 majus
873 683 908 715 id
923 693 991 714 esse
1003 684 1120 714 bonum
1135 682 1291 719 existimo,
1303 687 1421 722 quanto
1434 681 1533 723 majus
1545 681 1662 713 bonum

193 742 241 767 est
257 735 388 768 maximo
402 737 539 779 quodam
564 737 686 768 liberari
710 737 806 777 malo,
822 747 916 778 quam
942 737 1020 768 alios
1045 736 1186 767 liberare.
1231 734 1321 766 Nihil
1348 735 1433 766 enim
1458 740 1579 766 tantum
1593 745 1664 767 esse

192 789 308 820 malurn
323 790 500 821 hominibus
516 790 655 827 arbitror,
670 794 822 831 quantum
836 794 885 821 est
899 789 1009 831 opinio
1023 789 1113 825 falsa,
1128 789 1163 820 in
1189 788 1238 819 his
1253 788 1400 819 videlicet
1419 788 1522 825 rebus,
1538 789 1578 820 de
1594 788 1663 830 qui-

193 843 252 875 bus
267 854 403 886 praesens
418 854 436 875 a
451 844 542 875 nobis
553 854 652 875 sermo
667 848 716 875 est
729 842 900 875 institutus.
923 843 951 874 si
966 842 1062 885 igitur
1076 848 1109 874 et
1124 848 1156 873 tu
1181 842 1226 873 ais
1249 852 1316 873 esse
1339 846 1370 872 te
1397 841 1505 883 talem,
1520 842 1665 883 dispute-

196 908 265 928 mus
280 909 287 928 :
311 897 359 929 sin
375 909 447 930 vero
462 898 684 930 dimittendum
699 908 820 936 censes,
846 898 1037 930 dimittamus
1058 896 1138 940 jam,
1154 902 1331 938 coetumque
1356 896 1524 928 solvamus.
1570 895 1663 928 Gon.

195 950 283 982 Dico
300 951 450 993 profecto,
466 963 485 983 ο
501 953 655 991 Socrates,
669 964 719 984 me
734 963 859 994 quoque
874 952 968 983 talem
984 962 1062 989 esse,
1078 951 1203 993 qualem
1217 952 1311 982 modo
1328 955 1362 981 tu
1377 951 1585 982 describebas.
1603 951 1663 982 ,sed

195 1003 275 1035 forte
289 1005 417 1037 aliorum
431 1006 486 1048 qui
502 1007 629 1049 adsunt,
644 1007 721 1038 ratio
738 1012 785 1038 est
801 1007 955 1038 habenda.
998 1006 1019 1039 J
1022 1005 1193 1037 amdudum
1216 1005 1299 1036 enim
1315 1010 1484 1046 antequam
1501 1015 1556 1035 vos
1571 1015 1663 1036 acce-

197 1058 324 1097 deretis,
338 1060 387 1091 his
401 1060 499 1091 multa
513 1061 645 1093 narravi.
667 1067 701 1092 et
712 1071 796 1092 nunc
810 1061 902 1098 forte,
928 1061 954 1091 si
979 1060 1140 1102 disputare
1155 1069 1330 1101 pergamus,
1351 1069 1438 1089 mora
1453 1058 1576 1100 longior
1590 1068 1664 1100 pro—

198 1113 346 1145 trahetur.
390 1114 599 1152 Quamobrem
624 1116 798 1148 cavendum
820 1119 878 1153 est,
895 1125 935 1146 ne
961 1115 1069 1145 horum
1092 1113 1178 1144 aliud
1204 1113 1307 1144 facere
1331 1112 1507 1154 cogitantes
1522 1113 1666 1144 detinea-

198 1178 279 1199 rnuS.
324 1168 417 1202 Cam.
441 1169 628 1207 Clamorem,
641 1180 660 1201 o
675 1169 795 1211 Gorgia
809 1174 842 1200 et
852 1170 1007 1209 Socrates,
1022 1170 1132 1199 horum
1145 1167 1252 1199 audire
1265 1167 1458 1209 cupientium
1470 1178 1525 1198 vos
1537 1166 1666 1198 auditis.

198 1221 284 1252 Mihi
299 1233 370 1254 vero
386 1223 506 1255 nullum
521 1224 682 1266 negotium
698 1224 778 1255 tanti
793 1223 845 1261 sit,
862 1228 897 1254 ut
926 1222 1133 1265 disputationi
1155 1222 1229 1254 huic
1250 1232 1269 1252 a
1283 1221 1372 1252 vobis
1398 1221 1552 1253 institutas
1576 1220 1664 1252 aliud

201 1279 402 1317 anteponam.
447 1277 534 1310 Cn..
556 1278 618 1309 Per
629 1278 755 1315 Jovem,
772 1289 790 1308 o
807 1277 1018 1319 Chaerephon,
1033 1287 1094 1319 ego
1118 1286 1245 1318 quoque
1270 1286 1340 1307 cum
1356 1275 1463 1306 multis
1477 1274 1665 1316 (lisputatio-

200 1328 292 1359 nibus
307 1329 510 1368 interfuerim,
525 1331 633 1363 nescio
654 1342 694 1362 an
720 1342 858 1372 unquam
887 1341 976 1373 aeque
1002 1341 1039 1362 ac
1066 1340 1149 1362 nunc
1165 1330 1274 1361 fuerim
1289 1329 1476 1361 delectatus.
1514 1328 1664 1370 Ideoque

200 1382 295 1413 etiam
311 1383 338 1414 si
351 1383 435 1415 diem
451 1390 547 1417 totam
562 1386 722 1427 disputare
739 1386 846 1423 velint,
861 1386 920 1416 erit
935 1386 1008 1417 mihi
1024 1390 1213 1427 pergratum.
1258 1385 1312 1415 So.
1335 1383 1449 1426 Atqui,
1464 1394 1484 1415 o
1506 1382 1666 1421 Callicles,

200 1438 398 1478 quantumin
415 1449 464 1470 me
488 1444 545 1477 est,
571 1440 649 1472 nihil
673 1441 827 1482 prohibet,
845 1440 938 1471 modo
953 1440 1031 1471 velit
1051 1439 1196 1481 Gorgias,
1241 1437 1335 1470 Gon.
1356 1437 1462 1479 Turpe
1484 1437 1624 1479 quidem,
1645 1449 1666 1469 o

201 1489 358 1534 Socrates,
371 1493 523 1536 deinceps
538 1494 613 1525 mihi
628 1495 720 1532 foret,
744 1495 770 1526 si
785 1495 945 1536 disputare
959 1494 1075 1526 nollem
1090 1505 1098 1524 :
1112 1492 1291 1535 lpraesertim
1307 1502 1379 1524 cum
1395 1492 1434 1523 ab
1450 1492 1541 1523 initio
1562 1491 1666 1533 jusse-

202 1543 258 1576 rim
275 1554 393 1583 omnes,
408 1547 449 1578 de
468 1557 531 1589 quo
557 1548 689 1590 quisque
704 1548 810 1589 vellet,
826 1548 1025 1588 interrogare.
1070 1547 1183 1589 Itaque
1209 1547 1235 1577 si
1250 1546 1355 1589 placet
1371 1546 1588 1588 praesentibus,
1602 1545 1667 1577 dis-

204 1601 294 1641 puta,
305 1603 401 1641 atque
415 1606 597 1642 percontare
610 1602 758 1644 quicquid
775 1602 863 1634 libet.
908 1601 965 1634 So.
988 1600 1078 1632 Audi
1089 1600 1168 1642 jam,
1185 1611 1204 1632 o
1220 1600 1349 1642 Gorgia,
1364 1611 1438 1642 quaess
1447 1600 1479 1631 in
1490 1600 1552 1631 tuis
1566 1599 1668 1630 verbis

204 1652 349 1686 admirer.
371 1654 451 1686 forte
472 1656 555 1686 enim
578 1667 648 1687 curn
677 1662 709 1687 tu
725 1661 809 1688 recte
825 1656 922 1693 dicas,
937 1667 996 1698 ego
1021 1666 1085 1686 non
1111 1655 1234 1697 accipio
1256 1659 1351 1686 recte.
1396 1653 1456 1685 Ais
1480 1653 1666 1685 rhetoricum

204 1716 295 1747 posse
311 1712 341 1739 te
357 1708 472 1746 facere,
482 1710 508 1740 si
524 1710 594 1752 quis
608 1720 627 1741 a
642 1715 674 1742 te
689 1711 809 1742 discere
825 1711 922 1741 velit?
969 1710 1060 1742 Gon.
1087 1709 1149 1742 Aio
1164 1710 1323 1751 equidem.
1366 1709 1422 1740 So.
1444 1708 1560 1740 Nonne
1576 1714 1612 1739 ut
1625 1708 1668 1739 de

205 1761 349 1792 omnibus
364 1761 395 1792 in
411 1763 499 1794 turba
510 1764 712 1806 probabiliter
735 1764 839 1796 dicere
855 1763 970 1802 valeat,
986 1774 1049 1795 non
1075 1764 1232 1800 docendo,
1252 1763 1308 1794 sed
1335 1762 1523 1794 suadendo?
1569 1760 1668 1803 [450]

205 1812 296 1846 Gon.
319 1815 369 1847 Ita
384 1827 518 1858 prorsus.
563 1819 620 1850 So.
632 1819 635 1822 “
646 1818 797 1849 Addebas
814 1822 974 1860 praeterea,
987 1818 1174 1849 rhetoricum
1197 1818 1238 1849 de
1254 1817 1387 1848 sanitate
1404 1817 1476 1858 plus
1491 1826 1585 1857 quarn
1600 1826 1669 1846 rne—

205 1867 310 1900 dicum
326 1871 524 1911 persuadere.
570 1872 662 1904 Gon.
685 1872 762 1903 Dixi
788 1872 939 1914 profecto,
956 1872 1010 1903 sed
1034 1871 1069 1902 in
1095 1872 1198 1904 turba.
1243 1871 1300 1902 So.
1322 1871 1440 1902 Nonne
1466 1871 1550 1902 idem
1571 1873 1620 1900 est
1634 1869 1668 1909 in

205 1921 306 1959 turba,
322 1924 406 1964 quod
420 1924 500 1956 inter
514 1925 705 1968 ignorantes.
729 1937 889 1968 nunquam
905 1926 990 1958 enim
1005 1926 1090 1968 apud
1106 1936 1160 1957 eos
1175 1926 1229 1968 qui
1245 1926 1358 1962 sciunt,
1374 1925 1472 1967 magis
1493 1934 1587 1966 quam
1604 1934 1669 1954 me-

205 1974 295 2007 dicus
306 1977 346 2009 de
362 1978 495 2010 sanitate
512 1982 722 2021 persuaderet.
768 1980 860 2012 Gon.
882 1981 967 2012 Vera
981 1991 1094 2013 narras.
1141 1981 1197 2011 So.
1220 1980 1337 2011 Nonne
1358 1979 1464 2021 igitur,
1485 1978 1512 2009 si
1532 1977 1668 2009 suaden-

204 2028 265 2060 tior
279 2030 338 2062 erit
362 2032 497 2071 medico,
512 2034 632 2066 sciente
655 2035 835 2066 suadentior
859 2034 941 2066 erit?
987 2034 1078 2066 Gon.
1100 2034 1252 2066 Omnino.
1297 2034 1355 2066 So.
1379 2033 1454 2076 Ipse
1474 2038 1578 2064 tamen
1604 2042 1669 2063 non

205 2084 356 2118 medicus.
400 2085 489 2119 Gon.
512 2087 599 2120 Non.
644 2089 701 2120 So.
726 2089 774 2121 Ac
789 2089 815 2120 si
830 2100 893 2120 non
912 2088 1064 2126 medicus,
1080 2100 1154 2131 ergo
1170 2094 1203 2120 et
1215 2088 1330 2120 inscius
1343 2098 1450 2119 eorum
1466 2098 1536 2130 quae
1552 2087 1669 2118 intelli-

205 2137 251 2178 git
265 2139 415 2172 medicus.
459 2140 551 2174 Gon.
576 2143 690 2175 Procul
704 2144 813 2175 dubio.
857 2144 910 2175 So.
934 2144 1040 2181 Quare
1054 2144 1108 2186 qui
1122 2144 1222 2175 nescit
1237 2143 1356 2175 sciente
1381 2143 1467 2184 apud
1493 2142 1670 2173 nescientes

206 2192 387 2225 suadentior
400 2194 470 2233 erit,
492 2198 619 2239 quando
642 2199 746 2230 rhetor
769 2198 891 2230 medico
913 2198 1093 2229 suadentior
1107 2198 1176 2230 erit.
1198 2198 1284 2229 itane
1306 2197 1467 2238 sequitur?
1513 2196 1605 2228 Gon.
1628 2194 1668 2226 In

202 2246 255 2277 his
270 2253 353 2279 certe
368 2249 413 2280 ita
435 2250 583 2291 sequitur.
627 2252 685 2283 So.
706 2251 824 2284 Nonne
839 2252 871 2282 in
887 2251 998 2283 ceteris
1014 2262 1140 2294 quoque
1156 2251 1272 2283 artibus
1286 2251 1391 2282 rhetor
1405 2256 1501 2292 atque
1515 2250 1671 2282 rhetorica.

205 2310 239 2331 se
254 2300 394 2334 similiter
408 2304 502 2335 habet
515 2316 522 2336 z
549 2310 583 2335 ut
597 2306 637 2336 ad
654 2306 784 2337 rhetoris
809 2305 991 2337 facultatem
1015 2305 1091 2336 nihil
1118 2305 1250 2336 attineat
1264 2305 1340 2336 scire
1361 2314 1425 2346 qua
1438 2304 1558 2335 ratione
1574 2314 1621 2335 res
1635 2314 1670 2334 se

206 2354 354 2393 habeant,
381 2358 435 2389 sed
462 2359 726 2391 machinationem
754 2361 911 2402 quandam
939 2359 984 2391 sic
1007 2360 1046 2391 ad
1064 2359 1315 2402 persuadendum
1330 2358 1518 2400 excogitare,
1534 2362 1571 2388 ut
1584 2358 1671 2399 apud

205 2408 382 2449 ignorantes
397 2412 493 2453 magis
510 2412 599 2450 scire,
615 2424 708 2455 quam
723 2414 785 2456 ipsi
810 2414 955 2451 scientes,
982 2414 1154 2456 appareat?
1200 2413 1289 2445 Gon.
1313 2412 1430 2444 Nonne
1444 2422 1557 2453 magna
1571 2411 1672 2443 facili·

207 2467 254 2492 tas
268 2464 335 2495 haec
350 2470 408 2503 est,
423 2476 442 2496 o
458 2466 612 2504 Socrates,
627 2478 681 2499 eos
697 2468 847 2499 videlicet
862 2467 917 2509 qui
942 2473 1022 2499 artes
1047 2467 1124 2499 alias
1142 2477 1302 2509 nunquam
1319 2467 1503 2507 didicerint,
1518 2466 1572 2497 sed
1588 2466 1670 2496 hanc

210 2516 320 2558 solam,
334 2518 412 2549 nihil
429 2523 531 2551 tamen
546 2520 615 2551 aliis
629 2522 732 2553 minus
748 2523 861 2553 habere
874 2522 884 2553 ἲ
930 2522 986 2554 So.
1012 2522 1125 2553 Utrum
1145 2526 1247 2552 orator
1273 2522 1314 2552 ob
1329 2522 1411 2552 hanc
1426 2531 1522 2552 unam
1537 2519 1670 2551 faculta-

209 2574 271 2601 tem
287 2571 389 2603 minus
403 2573 518 2605 habeat
531 2575 581 2606 vel
595 2586 660 2606 non
677 2575 778 2607 minus
793 2587 887 2618 quam
903 2576 968 2614 alii,
985 2575 1079 2618 paulo
1098 2580 1172 2618 post
1192 2575 1397 2617 inquiremus,
1414 2575 1438 2606 si
1454 2575 1531 2617 quid
1548 2574 1670 2606 condu-

208 2634 278 2655 cere
292 2625 498 2668 disputationi
512 2627 679 2663 videbitur.
701 2641 786 2662 nunc
802 2637 906 2662 autem
921 2631 982 2662 hoc
997 2630 1082 2672 prius
1096 2630 1343 2667 consideremus,
1360 2640 1400 2661 an
1415 2628 1496 2661 circa
1508 2628 1626 2670 justum
1639 2631 1673 2657 et

207 2677 372 2719 injustum,
387 2680 552 2712 honestum
566 2687 599 2713 et
613 2687 714 2725 turpe,
730 2684 846 2715 bonum
862 2690 895 2715 et
909 2684 1038 2724 malum,
1051 2683 1097 2714 ita
1108 2693 1140 2714 se
1151 2683 1266 2715 habeat
1276 2688 1390 2720 orator,
1405 2681 1670 2725 quemadmodum

207 2731 290 2766 circa
306 2733 438 2765 salubria
453 2739 546 2777 atque
562 2736 635 2774 alia,
652 2747 723 2779 quae
738 2738 776 2768 ad
793 2737 871 2769 alias
896 2742 978 2768 artes
1002 2737 1157 2771 attinent:
1181 2742 1218 2768 ut
1241 2737 1362 2769 scilicet
1384 2737 1507 2778 ignoret
1531 2735 1674 2777 quidem,

207 2790 309 2817 utrum
326 2787 441 2818 bonum
457 2788 612 2822 malumve
634 2790 675 2821 sit
695 2790 828 2833 aliquid,
842 2791 1070 2832 pulchrumque
1085 2790 1134 2821 vel
1161 2794 1266 2832 turpe,
1286 2795 1347 2821 ant
1364 2790 1485 2831 justum
1500 2789 1549 2820 vel
1572 2788 1673 2829 injus-

207 2844 272 2870 tum
288 2851 297 2871 :
320 2841 550 2882 persuasionem
567 2853 638 2874 vero
652 2845 810 2886 quandam
826 2845 871 2875 ita
885 2845 925 2875 de
939 2845 1031 2875 rebus
1046 2843 1227 2886 hujusmodi
1243 2845 1452 2881 machinetur,
1468 2848 1504 2874 ut
1526 2843 1672 2884 ignorans

207 2892 277 2934 ipse
291 2894 370 2926 inter
392 2895 568 2937 ignorantes
591 2897 689 2939 magis
713 2898 791 2930 scire
813 2908 906 2940 quam
930 2898 1064 2930 scientes
1085 2903 1247 2940 appareat.
1292 2897 1347 2929 An
1373 2898 1454 2929 forte
1477 2903 1603 2927 necesse
1626 2899 1675 2925 cst

208 2946 276 2979 haec
290 2957 360 2980 eum
376 2959 479 2988 nosse,
494 2955 680 2994 oportetque
693 2961 764 2984 cum
779 2952 838 2985 hac
852 2952 1002 2984 facultate
1014 2951 1080 2994 jam
1098 2957 1187 2995 parta
1199 2953 1238 2984 ad
1256 2958 1286 2984 te
1302 2951 1463 2993 proficisci
1485 2949 1538 2991 qui
1562 2949 1603 2980 sit
1625 2949 1674 2979 su·

301 3001 390 3035 Prat.
406 3004 462 3037 Tr.
981 3006 1008 3040 1.
1513 3006 1534 3035 2
1558 3003 1586 3033 Β
