1846 3268
191 299 260 350 31]
638 293 918 334 APOLOGIA
948 294 1228 334 SOCRATIS.
1580 296 1655 336 139

195 411 304 434 omnes
323 399 452 432 omnino
470 397 756 441 corrumperentur)
779 398 819 435 si,
842 398 981 440 inquam,
1006 398 1048 429 ad
1072 399 1140 430 haec
1155 408 1210 431 vos
1233 398 1278 429 ita
1300 396 1432 429 dicatis:
1458 407 1477 428 o
1502 396 1657 437 Socrates,

195 455 308 499 Anyto
319 461 384 486 non
398 454 565 491 credimus,
583 458 680 495 teque
695 452 859 484 sententiis
874 452 986 483 nostris
1002 452 1204 490 absolvimus,
1218 453 1278 484 hac
1292 456 1397 483 tamen
1411 451 1607 490 conditione,
1623 457 1659 483 ut

193 519 354 551 nunquam
370 509 501 550 posthac
523 508 557 539 in
572 509 631 538 hac
654 506 862 548 inquisitione
879 506 1139 548 philosophiaque
1155 506 1282 538 verseris
1295 517 1302 537 ε
1326 516 1363 537 ac
1379 505 1405 536 si
1419 505 1451 536 id
1466 506 1569 537 facere
1585 505 1658 546 [de-

194 563 401 605 prehendare,
414 567 543 593 mortem
559 562 681 603 obeas.]
706 561 732 592 si
745 560 850 602 igitur,
865 565 901 591 ut
915 561 1072 601 dIcebam‚
1094 560 1143 591 his
1165 558 1403 591 conditionibus
1428 559 1586 590 dimittere
1607 569 1658 590 me

193 616 305 653 velitis,
331 616 527 658 respondebo
552 616 662 657 utique
687 615 795 645 vobis:
820 625 839 645 o
862 614 917 646 viri
941 613 1164 651 Athenienses,
1191 613 1288 655 diligo
1312 623 1367 644 vos
1389 613 1537 654 equidem
1562 616 1658 654 atque

193 681 263 702 amo
276 681 286 711 ς
309 669 380 702 Deo
395 676 498 702 tamen
515 680 622 713 parere
637 669 732 707 malo,
747 679 840 711 quam
857 669 957 700 vobis.
983 673 1016 699 et
1028 668 1179 710 quamdiu
1189 667 1313 708 spirabo
1321 667 1461 709 viresque
1476 670 1659 708 suppetent,

192 723 406 766 philosophari
434 735 498 755 non
519 725 672 761 desinam,
695 724 861 754 exhortans
883 728 916 753 et
941 722 1059 754 docens
1084 731 1303 764 quemcunque
1324 727 1434 753 nactus
1457 721 1557 758 fuero,
1578 719 1660 751 sicut

189 778 288 816 soleo,
304 779 387 810 hunc
401 778 434 809 in
451 779 577 809 modurn
595 788 603 810 τ
629 776 717 815 Quid
733 782 780 814 tu,
795 788 814 807 ο
829 776 876 808 vir
892 776 1023 817 optime,
1049 786 1121 807 cum
1136 775 1214 806 civis
1230 775 1271 805 sis
1287 774 1503 811 Atheniensis,
1518 773 1656 805 civitatis

191 831 390 873 amplissimae
407 842 444 864 ac
461 832 615 874 sapientia
630 836 663 863 et
679 831 822 872 potentia
847 830 1122 872 praestantissimae,
1147 839 1212 860 non
1235 828 1392 860 erubescis
1413 828 1446 858 in
1469 838 1507 859 eo
1532 837 1657 858 omnem

191 895 317 926 operam
333 896 460 927 ponere,
477 896 539 927 quo
556 885 614 916 tibi
631 884 834 927 pecuniarum
851 889 884 914 et
899 882 1006 924 gloriae
1028 888 1060 914 et
1082 882 1208 913 honoris
1229 892 1323 923 quam
1346 882 1512 924 plurimum
1537 881 1598 912 sit?
1622 884 1659 911 ut

191 943 296 970 autern
312 938 481 980 prudentia
496 943 529 970 et
545 939 672 976 veritas,
687 942 720 970 et
735 938 874 979 optimus
889 937 986 968 animi
1001 937 1126 967 habitus
1141 936 1175 966 in
1189 940 1221 967 te
1244 935 1297 975 sit,
1320 946 1424 977 neque
1445 935 1577 976 cogitas,
1601 943 1658 965 ne-

190 1003 252 1034 que
267 993 379 1024 curas?
424 992 475 1024 Ac
490 993 515 1024 si
531 992 601 1033 quis
616 997 752 1023 vestrum
767 1002 889 1022 mecum
906 990 1115 1026 contenderit,
1131 990 1163 1020 id
1180 1000 1213 1020 se
1228 999 1335 1021 curare
1361 999 1551 1026 asseverans,
1571 987 1657 1018 haud

190 1047 294 1078 statim
320 1046 473 1077 dimittam
499 1046 600 1084 illum,
634 1056 737 1088 neque
762 1045 918 1082 recedam,
946 1045 1001 1076 sed
1027 1044 1218 1081 sciscitabor,
1243 1043 1440 1080 examinabo,
1462 1043 1657 1083 redarguam.

191 1099 287 1137 Quod
304 1100 330 1131 si
345 1100 421 1130 mihi
431 1110 494 1131 non
510 1100 652 1131 videatur
667 1100 825 1141 possidere
840 1099 999 1136 virtutem,
1016 1103 1154 1129 attamen
1178 1097 1317 1139 profiteri
1324 1110 1334 1138 3
1361 1096 1545 1139 objurgabo,
1570 1095 1659 1137 quod

190 1163 240 1194 ea,
252 1164 322 1195 quae
337 1154 463 1196 plurimi
479 1154 570 1196 pretii
584 1159 667 1191 sunt,
693 1154 768 1195 [30]
793 1153 882 1184 nihili
900 1153 1030 1194 pendat,
1044 1151 1193 1182 vilissima
1208 1162 1280 1183 vero
1294 1151 1419 1193 plurimi
1433 1151 1540 1182 faciat.
1583 1148 1657 1180 Hoc

189 1208 335 1249 equidem
351 1207 486 1240 officium
501 1209 653 1250 praestabo
665 1207 784 1248 juniori
799 1212 832 1238 et
847 1207 975 1244 seniori,
991 1216 1212 1248 quemcunque
1235 1211 1345 1236 nactus
1367 1205 1467 1242 fuero,
1489 1213 1656 1244 rursusque

189 1262 352 1302 peregrino
368 1267 401 1292 et
415 1262 502 1302 civi3
524 1262 623 1303 magis
645 1267 747 1293 autem
774 1261 906 1298 civibus,
931 1265 1050 1303 quanto
1074 1259 1150 1290 mihi
1175 1270 1288 1300 genere
1309 1258 1548 1301 propinquiores
1569 1256 1656 1288 estis.

189 1315 262 1346 Hoc
276 1315 359 1346 enirn
374 1315 463 1347 Deus
477 1315 547 1357 ipse
569 1315 673 1357 jubet.
716 1315 802 1346 Reor
816 1320 934 1351 autem,
954 1314 1040 1356 quod
1064 1319 1097 1345 et
1111 1324 1166 1344 vos
1189 1313 1285 1344 latere
1309 1323 1373 1343 non
1399 1312 1505 1349 debet,
1532 1310 1653 1342 nullum

187 1370 290 1400 adhuc
305 1370 422 1400 bonum
437 1370 525 1401 vobis
549 1370 582 1400 in
597 1370 655 1401 hac
672 1370 746 1400 urbe
775 1368 875 1410 majus
897 1368 1079 1410 contigisse,
1102 1378 1195 1410 quam
1220 1368 1280 1398 hoc
1307 1377 1410 1397 meum
1437 1365 1653 1401 ministerium,

188 1423 274 1464 quod
290 1422 363 1454 Deo
378 1434 491 1465 parcns
505 1424 649 1456 exhibeo.
695 1423 784 1455 Nihil
800 1424 882 1454 enirn
898 1423 986 1454 aliud
1003 1433 1098 1464 agens
1112 1422 1280 1459 circumeo,
1295 1431 1388 1463 quam
1401 1421 1535 1451 suadens
1546 1418 1655 1460 junio-

186 1475 271 1508 ribus
286 1476 521 1519 senioribusque
535 1482 683 1515 vestrum,
710 1488 814 1519 neque
835 1488 1013 1519 corporum,
1039 1487 1143 1518 neque
1163 1475 1379 1518 pecuniarum,
1406 1484 1509 1516 neque
1524 1473 1653 1504 aliarum

187 1530 315 1562 omnino
330 1541 430 1562 rerum
446 1542 550 1564 curam
567 1531 652 1573 prius
666 1531 958 1573 vehementiusque,
974 1541 1068 1573 quam
1083 1530 1188 1567 animi,
1204 1530 1380 1561 habendam
1402 1539 1481 1565 esse,
1502 1531 1537 1559 ut
1559 1536 1653 1569 quam

187 1585 325 1626 optimus
347 1586 410 1626 sit3
434 1586 564 1623 docens,
591 1597 654 1617 non
676 1596 714 1617 ex
737 1586 880 1627 pecuniis
895 1586 1051 1623 virtutem,
1078 1585 1132 1616 sed
1155 1595 1193 1615 ex
1208 1583 1322 1615 virtute
1344 1583 1506 1625 pecunias,
1528 1581 1652 1622 aliaque

185 1638 269 1670 bona
283 1640 388 1670 omnia
402 1645 434 1671 et
449 1639 592 1682 privatim
607 1645 639 1671 et
654 1639 781 1681 publice
792 1639 971 1671 hominibus
987 1639 1161 1681 provenire.
1206 1638 1240 1670 Si
1255 1638 1352 1680 igitur
1366 1638 1433 1668 haec
1445 1637 1562 1668 docens
1580 1645 1650 1677 per-

184 1699 271 1725 verto
283 1694 429 1736 juvenes,
444 1700 547 1726 essent
561 1700 645 1726 certe
659 1694 843 1737 perniciosa.
867 1699 899 1725 at
914 1694 939 1726 si
956 1694 1026 1736 quis
1041 1694 1139 1730 dicat,
1158 1704 1209 1724 me
1230 1693 1293 1724 alia
1313 1703 1407 1734 quam
1429 1693 1497 1723 haec
1522 1691 1649 1727 docere,

184 1748 264 1779 nihil
289 1748 377 1780 dicit.
422 1749 543 1780 Horum
566 1749 676 1791 gratia,
700 1759 719 1780 ο
747 1748 803 1779 viri
829 1748 1052 1787 Athenienses,
1073 1747 1221 1789 profiteor
1245 1747 1406 1788 equidem,
1428 1746 1493 1776 sive
1517 1743 1652 1775 credatis

184 1800 310 1844 Anyto,
333 1802 399 1833 sive
422 1813 485 1834 non
501 1803 647 1840 credatis,
670 1803 735 1834 sive
751 1801 930 1833 dimiseritis
947 1812 1008 1840 me,
1033 1801 1099 1832 sive
1124 1811 1188 1832 non
1204 1800 1394 1837 dimiseritis,
1420 1798 1577 1841 profiteor,
1601 1806 1651 1828 me

182 1855 261 1886 nihil
275 1856 361 1886 aliud
376 1867 442 1887 esse
457 1857 622 1893 facturum,
639 1867 699 1888 nec
714 1857 739 1887 si
762 1857 837 1887 mihi
852 1857 894 1887 sit
908 1856 1022 1897 pluries
1038 1855 1243 1887 moriendum.
1288 1853 1340 1886 Ne
1366 1850 1606 1888 conturbemini,
1630 1860 1650 1881 o

184 1909 240 1940 viri
252 1909 461 1941 Athenienses
478 1922 488 1950 3
511 1911 564 1941 sed
580 1911 847 1952 quemadmodum
870 1910 909 1940 ab
931 1909 1023 1941 initio
1049 1909 1167 1951 rogavi,
1193 1920 1244 1940 me
1269 1919 1359 1950 aequo
1375 1908 1479 1938 animo
1492 1904 1648 1937 audiatis:

182 1963 243 1994 erit
253 1964 336 1994 enim
352 1965 451 2001 vobis,
468 1969 503 1995 ut
525 1964 665 2001 arbitror,
691 1965 781 2001 utile,
806 1964 844 2000 si,
872 1974 942 2005 quae
965 1974 1049 1995 nunc
1065 1964 1204 1994 dicturus
1230 1973 1310 2000 sum,
1334 1961 1480 1993 audietis.
1503 1959 1650 2001 equidem

182 2018 273 2048 -vobis
288 2017 439 2049 nonnulla
454 2018 593 2049 dicturus
608 2028 690 2058 sum,
705 2027 775 2059 quae
788 2017 953 2047 audientes
969 2017 1095 2047 forsitan
1112 2018 1151 2047 ad
1167 2017 1332 2048 clamorem
1349 2016 1381 2046 in
1398 2013 1564 2056 praesentia
1579 2023 1651 2054 pro·

181 2071 348 2102 vocemini.
371 2082 430 2113 ego
447 2082 517 2103 vero
534 2071 690 2103 silentium
706 2082 725 2102 a
740 2071 828 2102 vobis
844 2081 991 2112 exposco.
1016 2071 1147 2108 Scitote,
1159 2070 1186 2102 si
1199 2081 1247 2102 me
1263 2069 1439 2102 occideritis
1451 2068 1556 2105 talem,
1572 2077 1650 2109 qua-

182 2125 243 2156 lem
258 2125 346 2156 vobis
360 2125 454 2156 modo
478 2126 632 2162 dicebam,
659 2136 724 2157 non
749 2136 800 2157 me
823 2125 951 2156 laesuros
973 2135 1041 2156 esse
1056 2135 1110 2156 vos
1135 2124 1242 2166 magis,
1266 2134 1359 2166 quam
1375 2133 1430 2154 vos
1451 2122 1547 2164 ipsos.
1592 2121 1651 2151 Me

182 2179 310 2220 quidem
325 2189 428 2221 neque
440 2179 584 2217 Melitus,
598 2190 701 2221 neque
716 2179 844 2222 Anytus
859 2190 997 2221 unquam
1014 2179 1117 2210 laedet.
1134 2189 1236 2220 neque
1248 2179 1332 2209 enim
1343 2182 1470 2218 posset:
1494 2176 1648 2218 siquidem

182 2232 271 2263 nefas
286 2237 345 2269 est,
359 2238 392 2264 ut
415 2233 554 2271 arbitror,
572 2234 730 2265 meliorem
753 2234 853 2264 virum
876 2243 894 2264 a
910 2231 1063 2264 deteriore
1085 2232 1170 2265 laedi.
1215 2231 1395 2263 Interficere
1411 2237 1516 2262 tamen
1534 2236 1648 2273 potest,

181 2285 231 2316 vel
245 2286 374 2328 pellere,
390 2286 439 2319 vel
454 2288 644 2319 contumelia
659 2288 795 2330 quadam
812 2287 946 2319 afficere.
971 2291 1065 2328 atque
1081 2286 1149 2318 haec
1164 2286 1222 2317 iste
1237 2286 1365 2327 quidem
1388 2291 1421 2317 et
1442 2285 1520 2316 alius
1536 2285 1647 2328 aliquis

181 2339 324 2380 ingentia
346 2345 438 2382 putet
457 2351 525 2372 esse
547 2342 651 2373 mala:
677 2353 736 2384 ego
752 2352 825 2374 vero
849 2352 914 2372 non
931 2346 1029 2383 puto;
1055 2340 1109 2371 sed
1134 2340 1232 2371 multo
1248 2339 1338 2382 pejus
1353 2350 1433 2377 esse,
1457 2340 1511 2371 illa
1533 2340 1647 2378 facere,

183 2403 254 2434 quae
278 2404 362 2426 nunc
387 2394 446 2426 iste
471 2395 559 2432 facit,
587 2396 783 2436 aggrediens,
812 2394 928 2437 injuste
954 2394 1052 2425 virum
1077 2394 1232 2425 occidere.
1293 2393 1517 2434 Quamobrem,
1544 2405 1564 2425 ο
1589 2394 1648 2425 viri

184 2445 406 2485 Athenienses,
432 2459 498 2480 non
519 2455 582 2480 tam
606 2450 682 2480 mihi
705 2460 790 2481 nunc
808 2460 887 2490 opus
901 2454 960 2486 est,
983 2448 1198 2480 defensionem
1215 2458 1270 2490 pro
1287 2458 1336 2479 me
1351 2448 1420 2488 ipso
1437 2447 1590 2485 meditari,
1613 2453 1650 2479 ut

183 2500 297 2542 aliquis
311 2503 512 2542 existimaret,
528 2515 621 2546 quam
637 2504 747 2544 vobis;
770 2515 810 2536 ne
824 2504 901 2546 quid
918 2514 969 2534 me
984 2503 1230 2535 condemnantes
1245 2507 1353 2534 contra
1366 2502 1401 2532 id
1423 2513 1546 2540 munus,
1562 2501 1649 2544 quod

184 2555 263 2586 deus
274 2556 362 2586 vobis
378 2556 496 2598 tribuit,
512 2558 715 2600 delinquatis.
760 2559 793 2589 Si
807 2558 892 2589 enim
909 2569 956 2589 me
971 2555 1200 2593 interfeceritis,
1225 2557 1309 2587 haud
1331 2556 1423 2587 facile
1443 2556 1537 2587 alium
1553 2556 1648 2587 talem

182 2608 353 2649 reperietis,
376 2620 448 2641 vere
473 2611 613 2652 quidem,
642 2611 699 2642 etsi
723 2612 803 2642 forte
818 2611 852 2642 id
874 2612 992 2643 dictum
1020 2610 1186 2642 ridiculum
1211 2615 1270 2651 est,
1292 2609 1414 2642 civitati
1429 2615 1537 2641 vestrae
1552 2620 1571 2641 a
1586 2610 1647 2640 deo

182 2662 370 2699 adhibitum,
386 2663 472 2693 velut
495 2674 577 2705 equo
598 2665 721 2696 cuidam
743 2675 856 2707 niagno
877 2670 910 2696 et
929 2674 1091 2705 generoso,
1114 2665 1169 2695 sed
1194 2664 1263 2706 ipsa
1284 2664 1366 2695 mole
1391 2663 1528 2706 pigriori,
1552 2668 1647 2705 atque

183 2717 355 2748 calcaribus
370 2717 497 2748 excitari
511 2716 685 2759 indigenti:
710 2718 834 2759 qualem
850 2718 972 2749 videtur
987 2728 1036 2748 me
1048 2718 1125 2748 deus
1141 2717 1260 2748 civitati
1276 2718 1444 2754 addidisse,
1470 2718 1524 2759 qui
1540 2718 1647 2758 singu·

183 2770 230 2801 los
245 2770 437 2801 exsuscitans
451 2776 484 2801 et
500 2781 643 2808 monens,
659 2777 692 2802 et
706 2771 886 2813 objurgans,
910 2770 985 2812 [31]
1009 2781 1073 2801 non
1088 2781 1176 2802 cesso
1199 2771 1281 2802 diem
1306 2777 1405 2802 totam
1427 2771 1542 2812 ubique
1557 2770 1646 2801 vobis

183 2824 336 2856 assistere.
380 2825 488 2855 Talem
505 2835 576 2855 vero
599 2824 727 2856 alterum
752 2835 816 2856 non
835 2825 928 2857 facile
949 2825 1185 2862 nanciscemini,
1211 2835 1230 2856 ο
1245 2825 1302 2856 viri
1317 2825 1536 2856 Athenienses.
1559 2834 1644 2865 erg0‚

183 2877 209 2908 si
226 2877 301 2908 mihi
315 2878 518 2914 credideritis,
535 2889 583 2908 me
598 2879 704 2910 vestris
719 2879 880 2910 sententiis
897 2878 1075 2910 absolvetis.
1121 2879 1164 2911 At
1181 2889 1251 2910 vero
1277 2879 1302 2909 si
1317 2879 1396 2909 forte
1411 2877 1645 2909 dormitantium

185 2940 280 2968 more,
295 2931 428 2973 graviter
440 2931 572 2963 ferentes
585 2942 639 2963 vos
650 2932 841 2970 exsuscitari,
857 2942 918 2969 me,
945 2941 980 2964 ut
997 2933 1063 2964 vult
1076 2932 1218 2975 Anytus,
1243 2938 1358 2964 temere
1379 2930 1576 2967 occideritis;
1598 2940 1645 2960 re-

182 2983 301 3025 liquum
318 2995 409 3018 omne
425 2990 547 3029 tempus
561 2986 734 3029 dormietis,
760 2986 821 3019 nisi
844 2987 946 3021 forsan
967 2987 1045 3020 deus
1060 2987 1148 3020 vobis
1169 2986 1363 3030 prospiciens
1379 2985 1471 3016 alium
1487 2984 1643 3026 quendam
