1846 3268
232 267 314 306 298
828 262 1095 304 PLATowls
1603 269 1707 323 [290

234 370 374 403 scientias
397 376 446 402 est
470 371 600 409 utilitas,
614 370 678 402 sive
701 369 930 407 nummularios,
947 380 1003 401 seu
1020 370 1200 412 medicin'oe‚
1223 370 1288 402 sive
1315 371 1455 414 cujusvis
1470 371 1607 412 alterius,
1621 384 1710 417 quae-

234 435 360 468 cunque
376 425 478 457 sac'ere
493 425 663 467 quicquam
679 424 784 465 docet,
800 423 847 454 uti
861 429 965 454 autem
981 433 1020 454 eo
1036 423 1122 465 quod
1135 423 1252 455 factum
1266 429 1315 456 est
1327 425 1464 458 minime.
1507 425 1624 459 Nonne
1639 428 1708 460 ita?

234 479 313 512 ΟΜ.
337 479 386 511 Ita
403 490 538 521 prorsus.
584 479 642 511 So.
665 478 767 509 Immo
783 477 877 509 etiam
894 477 994 519 siqua
1009 477 1139 509 scientia
1154 483 1247 517 esset,
1265 489 1336 521 quae
1360 480 1503 512 homines
1517 480 1708 514 immortales

235 534 382 571 efficeret,
399 533 447 566 uti
465 544 536 565 vero
553 532 783 564 immortalitate
799 531 868 573 ipsa
883 540 1094 573 nequaquam,
1110 531 1229 563 inutilis
1244 538 1327 564 esset
1341 544 1476 575 prorsus,
1493 533 1518 566 si
1545 539 1608 577 qua
1627 535 1711 568 fides

237 590 284 620 est
299 588 508 630 superioribus
522 587 712 619 adhibenda.
758 585 836 619 Cu.
858 585 910 617 Sic
925 585 1017 616 uobis
1033 586 1100 617 haec
1113 584 1219 617 omnia
1228 586 1424 621 videbantur.
1469 588 1527 621 So.
1549 588 1598 620 Ea
1610 589 1709 632 igitur

235 643 367 674 scientia
380 653 460 683 opus
474 641 684 683 est,·ingenue
699 651 789 683 puer,
805 640 916 682 inqua
931 645 964 671 et
979 639 1081 681 operis
1107 641 1233 672 effectio
1249 646 1282 672 et
1297 642 1399 684 operis
1414 652 1487 674 usus
1507 643 1711 676 conveniant.

237 697 314 728 Cu.
339 695 495 738 Apparet.
540 696 598 728 So.
622 695 816 727 Permultum
839 694 935 736 igitur
954 694 1044 725 abest
1065 699 1100 725 ut
1122 694 1260 737 lyrarum
1281 696 1384 728 fabros
1407 707 1475 728 esse
1489 701 1552 729 nos*
1562 703 1708 740 oporteat

237 751 396 793 talemque
411 750 574 783 scientiam
589 750 725 792 assequi.
768 749 808 780 In
823 749 871 780 his
886 748 971 780 enim
983 758 1031 779 ars
1044 747 1181 780 efficiens
1196 750 1236 780 ab
1250 754 1315 781 arte
1331 761 1403 792 quae
1418 745 1516 782 utitur
1525 750 1609 783 circa
1623 751 1710 784 idem

237 805 451 847 distinguitur.
495 805 579 836 Nam
605 815 653 836 ars
678 814 749 847 quae
773 804 905 835 fabricat
930 803 1042 846 lyram,
1059 807 1091 835 et
1116 814 1188 846 quae
1213 804 1312 847 lyram
1339 804 1456 846 pulsat,
1471 805 1565 847 longe
1580 805 1709 838 interae

235 859 399 892 differunt.
422 870 463 891 an
478 860 567 890 non?
613 859 692 892 Cu.
715 858 767 890 Sic
781 863 839 890 est.
885 858 942 890 So.
966 857 1081 899 Neque
1096 868 1200 890 rursus
1218 858 1362 890 tibiarum
1386 859 1544 891 effecti-tce
1566 869 1710 901 egemuso

237 924 275 946 ea
290 914 446 956 siquidem
473 915 512 945 ab
538 913 591 944 illa
616 923 688 954 quae
712 913 821 949 utitur,
837 912 1006 953 discrepat.
1051 912 1130 944 Cu.
1153 912 1247 944 Sane.
1291 912 1349 944 So.
1372 912 1458 944 Num
1484 913 1563 945 sorte
1577 924 1712 956 compo-

237 969 352 999 nendae
377 967 526 1000 orationis
551 967 743 1008 exquirenda
766 966 911 1003 facultas,
938 966 965 996 si
991 966 1061 1008 quis
1084 967 1194 998 beatus
1217 977 1285 998 esse
1309 967 1487 998 desiderat?
1533 967 1611 1000 Cm.
1633 967 1711 1000 Non

238 1022 381 1054 arbitror,
427 1021 484 1054 So.
508 1021 663 1058 Quaenam
680 1025 711 1051 te
726 1021 804 1052 ratio
820 1019 948 1051 movet?
996 1019 1076 1052 ΟΜ.
1100 1019 1187 1051 Νυνὶ
1203 1020 1352 1062 equidem
1367 1020 1520 1062 quosdam
1533 1021 1710 1053 orationum

239 1081 394 1112 auctores,
411 1075 466 1118 qui
482 1075 675 1106 orationibus
690 1074 775 1106 hisce
791 1085 869 1116 quas
884 1074 1108 1111 condiderunt,
1125 1074 1169 1105 uti
1188 1075 1318 1114 perinde
1334 1075 1492 1112 nesciunt,
1513 1084 1550 1106 ac
1575 1074 1652 1117 lyris
1665 1075 1714 1108 sa-

238 1131 285 1162 bri
300 1131 363 1172 ipsi
379 1130 530 1173 lyrarum,
546 1129 600 1172 qui
617 1130 656 1160 ad
672 1129 802 1160 aliorum
820 1139 909 1160 usum
926 1129 1010 1171 lyras
1025 1133 1265 1160 construxerunt
1280 1140 1288 1160 2
1311 1139 1388 1171 quas
1414 1134 1446 1160 et
1470 1129 1526 1171 qni
1541 1128 1603 1161 illis
1618 1134 1714 1162 utun-

239 1191 302 1226 tur,
316 1185 420 1217 facere
445 1185 602 1217 nesciunt.
648 1184 782 1216 Constat
807 1183 948 1215 similiter
971 1188 1004 1215 et
1030 1183 1112 1214 circa
1144 1182 1302 1216 orationes
1327 1183 1419 1216 aliam
1446 1194 1514 1216 esse
1529 1189 1626 1217 artem
1641 1195 1714 1228 quae

239 1240 361 1278 condit,
377 1239 469 1271 aliam
493 1250 564 1282 quae
590 1239 726 1271 conditis
742 1238 849 1270 utitur.
894 1238 951 1270 So.
976 1237 1221 1269 Evidentissirno
1244 1238 1382 1280 quodam
1410 1243 1593 1281 argumento
1607 1244 1714 1272 osten·

240 1295 323 1326 disse
339 1294 466 1332 videris,
481 1299 576 1325 artem
591 1293 724 1329 illorum,
741 1292 794 1334 qui
811 1296 1008 1334 componunt
1024 1292 1194 1331 orationes,
1210 1293 1251 1324 ad
1268 1293 1494 1325 beatitudinem
1515 1304 1714 1336 nequaquam

240 1349 394 1381 sufficere.
419 1360 608 1391 quamquam
623 1359 683 1390 ego
699 1348 923 1390 putabam-hoc
941 1346 972 1378 in
990 1357 1103 1388 genere
1119 1358 1176 1379 nos
1189 1358 1258 1379 eam
1274 1346 1450 1386 scientiam,
1471 1357 1566 1390 quam
1574 1347 1643 1390 jam
1658 1348 1715 1380 diu

240 1404 421 1446 quaerimus,
437 1404 632 1435 inventuros.
678 1402 805 1434 Etenim
820 1401 877 1433 viri
904 1401 1098 1443 hujusmodi,
1125 1401 1241 1443 Clinia,
1267 1402 1443 1434 orationum
1466 1406 1716 1444 auctoremque-

241 1458 326 1489 tiens
340 1469 395 1490 eos
412 1458 566 1500 alloquor,
592 1467 686 1498 supra
711 1461 830 1489 ceteros
855 1456 999 1487 homines
1026 1456 1185 1497 sapientes
1199 1456 1277 1488 mibi
1292 1456 1447 1495 videntur,
1461 1456 1592 1499 ipsaque
1607 1466 1715 1489 eorum

241 1521 291 1544 ars
306 1512 414 1543 divina
437 1513 565 1554 penitus
588 1517 684 1554 atque
706 1511 841 1543 excelsa.
885 1510 1002 1552 Neque
1027 1510 1060 1541 id
1082 1509 1206 1544 mirum.
1253 1510 1311 1542 Est
1331 1511 1414 1542 euim
1437 1511 1511 1542 artis
1532 1511 1717 1543 incantandi

241 1566 408 1608 particula,
424 1567 520 1608 paulo
544 1565 598 1597 illa
624 1564 762 1597 inferior.
784 1564 882 1608 [290]
904 1564 1157 1596 incantationum
1183 1575 1275 1607 porro
1301 1565 1434 1596 facultas
1445 1564 1633 1607 viperarum,
1647 1575 1715 1597 ara-

242 1629 384 1658 nearum,
401 1620 602 1663 scorpionum
619 1625 854 1661 ceterarumque
881 1619 1013 1650 ferarum
1042 1624 1137 1661 atque
1163 1620 1340 1650 morborum
1363 1619 1482 1651 illectio
1505 1623 1539 1650 et
1562 1619 1716 1660 mitigatio

242 1679 302 1707 est.
348 1674 494 1706 Oratoria
509 1686 582 1706 vero
602 1674 761 1716 judicum,
777 1673 1034 1705 concionatorum
1051 1674 1244 1716 aliarumque
1269 1674 1425 1705 turbarum
1447 1672 1715 1705 oblectamentum

204 1762 213 1772 ι
243 1729 404 1771 quoddam
419 1735 452 1761 et
468 1729 626 1761 delinitio.
651 1739 691 1760 an
708 1739 779 1760 vero
795 1733 828 1759 tu
841 1727 931 1760 aliter
946 1728 1067 1760 sentis?
1112 1728 1190 1760 Cu.
1213 1727 1289 1759 Non
1306 1728 1396 1760 aliter
1410 1739 1419 1760 :
1444 1728 1499 1759 sed
1519 1727 1565 1759 ita
1579 1737 1718 1770 prorsus,

243 1788 280 1814 ut
295 1784 353 1817 ais.
397 1784 456 1817 So.
480 1785 554 1822 Quo
576 1794 650 1825 ergo
677 1793 735 1814 nos
760 1788 927 1823 vertemus,
942 1783 981 1814 ad
1010 1793 1103 1825 quam
1130 1782 1279 1814 videlicet
1301 1782 1420 1814 artem?
1466 1781 1544 1814 Cm.
1566 1781 1718 1824 Ambigo.

242 1837 299 1869 So.
322 1837 368 1869 At
383 1849 444 1880 ego
457 1838 613 1870 invenisse
629 1838 770 1869 arbitror.
814 1837 891 1871 Cu.
915 1837 1019 1875 Quam
1033 1838 1044 1869 ἓ
1089 1837 1145 1869 So.
1167 1837 1359 1869 Praefectura
1373 1837 1525 1869 exereitus
1538 1847 1577 1868 ea
1591 1836 1719 1879 potissi-—

243 1902 330 1923 mum
345 1903 413 1924 esse
430 1892 506 1924 mihi
521 1893 656 1928 videtur,
673 1903 743 1934 quae
760 1893 885 1923 beatum
907 1892 1078 1934 adeptione
1102 1903 1158 1924 sua
1181 1892 1355 1934 quemlibet:
1380 1891 1487 1923 efficit.
1530 1890 1610 1924 CM.
1631 1890 1718 1923 Mihi

242 1957 318 1978 vero
333 1957 397 1978 non
414 1947 546 1979 videtur.
591 1947 648 1979 So.
672 1947 886 1984 Quamobrem
899 1947 910 1977 ?
957 1947 1036 1979 Cer.
1060 1947 1146 1985 Quia
1158 1947 1320 1978 venatoria
1335 1947 1479 1988 quaedam
1494 1956 1544 1977 ars
1554 1945 1718 1977 bominum

243 2001 312 2032 brec
324 2012 391 2033 esse
405 2002 536 2032 uidetur.
581 2001 634 2033 So.
660 2001 746 2038 Quid
762 2006 828 2032 tum
842 2002 853 2032 ?
900 2001 977 2034 Cur.
1001 2001 1118 2032 Nullus
1133 2012 1208 2033 sane
1224 2000 1400 2033 venationis
1414 2010 1497 2042 opus
1506 1999 1718 2042 ulter-iuspor-

242 2056 327 2098 tigit,
355 2066 448 2098 quam
472 2056 513 2086 ad
541 2055 794 2097 investigandum
816 2055 1092 2097 capiendumque:
1117 2061 1284 2098 postquam
1313 2060 1418 2086 autem
1433 2059 1609 2092 venatores,
1626 2055 1718 2097 quod

243 2110 380 2142 insecuti
401 2115 485 2147 sunt,
502 2110 821 2151 comprehenderunt,
843 2120 882 2141 eo
899 2110 944 2140 uti
960 2115 1124 2151 nequeunt
1138 2121 1146 2140 ι
1170 2110 1225 2141 sed
1241 2114 1274 2141 et
1287 2109 1342 2152 qui
1357 2114 1510 2141 venantur
1523 2109 1666 2146 canibus,
1681 2114 1716 2141 et

245 2166 300 2208 qui
314 2165 487 2207 piscantur,
504 2165 642 2206 praedam
658 2164 767 2206 coquis
781 2164 940 2195 exhibent.
985 2163 1164 2196 Geometrae
1179 2165 1268 2203 item,
1285 2163 1466 2200 astronomi,
1482 2168 1717 2205 computatores

246 2225 411 2251 venatores
425 2220 652 2262 quidamsssunt.
676 2229 779 2260 neque
793 2218 876 2250 enim
900 2219 1014 2260 figuras
1039 2218 1329 2260 descriptionesque
1350 2219 1383 2249 hi
1408 2218 1542 2259 faciunt,
1555 2218 1612 2251 sed
1636 2218 1719 2250 exis-

246 2274 348 2307 tentia
362 2275 430 2306 haec
456 2273 676 2306 adinveniunt.
721 2273 803 2305 Cum
826 2273 934 2316 itaque
956 2273 1004 2305 uti
1025 2273 1087 2305 illis
1109 2274 1172 2316 ipsi
1190 2274 1345 2310 nesciant,
1361 2273 1467 2305 venari
1489 2278 1594 2305 antem
1618 2273 1719 2305 solum

246 2328 391 2376 valeant,
391 2328 582 2370 quicunque
604 2328 727 2360 illorum
745 2332 848 2360 mente
864 2328 951 2370 capti
965 2338 1029 2359 non
1046 2332 1133 2370 sunt,
1135 2339 1204 2359 sua
1227 2329 1354 2359 inventa
1376 2327 1552 2359 dialecticis
1566 2327 1721 2369 prrebent,

204 2390 207 2394 '
241 2380 285 2414 'ut
299 2372 571 2415 11¹1nll1o⁴³utarrtur
579 2383 673 2416 1.So.
696 2382 770 2424 Eja,
794 2382 1003 2425 pulcherrime
1029 2387 1062 2413 et
1079 2382 1310 2423 sapientissime
1325 2381 1443 2420 Clinia,
1458 2386 1514 2413 est
1525 2381 1593 2413 ita?
1637 2381 1720 2414 Cur

247 2436 299 2467 Ita
314 2447 449 2479 prorsus.
493 2436 602 2479 Atque
617 2438 729 2469 eadem
743 2437 863 2469 ratione
878 2437 974 2469 duces
990 2436 1154 2473 exercitus,
1171 2441 1336 2478 postquam
1350 2435 1406 2467 vel
1415 2436 1526 2468 urbem
1533 2435 1582 2468 vel
1598 2436 1718 2469 exerci-

249 2495 316 2522 tum
333 2496 540 2533 occuparunt,
555 2491 626 2522 viris
642 2491 786 2523 civilibus
811 2492 950 2534 praedam
974 2496 1008 2523 et
1029 2491 1131 2533 spolia
1152 2492 1297 2523 tradunt.·
1313 2502 1386 2522 nam
1406 2491 1467 2533 ipsi
1482 2491 1530 2522 his
1545 2500 1616 2533 quae
1629 2501 1718 2524 com-

249 2545 497 2588 prehenderunt,
525 2546 570 2577 uti
598 2547 766 2578 nesciunt:
789 2546 1053 2588 quemadmodum
1077 2556 1228 2587 aucupes,
1242 2546 1298 2587 qui
1314 2550 1477 2588 postquam
1492 2550 1647 2588 ceperunt
1664 2555 1720 2578 co—

249 2599 398 2638 turnices,
414 2600 616 2632 nutritoribus
628 2601 778 2633 tribuunt.
823 2601 858 2632 Si
872 2600 968 2643 igitur
983 2611 1021 2632 ea
1035 2605 1100 2632 arte
1115 2600 1305 2642 indigemus,
1322 2610 1393 2642 quoe
1407 2605 1588 2642 comparata
1612 2610 1668 2633 seu
1686 2600 1721 2633 in

253 2653 419 2686 efficiendo
435 2654 499 2685 sive
513 2654 547 2685 in
563 2656 708 2686 venando
722 2660 872 2697 versetur,
887 2655 967 2687 sciat
979 2660 1014 2687 et
1033 2654 1092 2693 uti,
1106 2655 1242 2698 ideoque
1259 2655 1367 2687 beatos
1381 2655 1497 2687 efficiat
1509 2655 1720 2697 possidentes,

251 2707 346 2740 aliam
368 2709 526 2750 quandam
552 2714 663 2751 praeter
690 2710 854 2742 militarem
878 2715 1005 2752 oportet
1024 2709 1190 2753 inquirere.
1236 2709 1300 2742 Cn.
1323 2709 1410 2747 Quid
1431 2709 1524 2751 ais,o
1551 2709 1721 2741 Socrates?

251 2762 396 2804 nunquid
419 2762 673 2795 adolescentulus
695 2764 750 2796 ille
775 2764 850 2796 talia
874 2764 978 2796 dixit?
1023 2764 1080 2796 So.
1101 2764 1177 2796 Non
1196 2769 1299 2807 putas,
1314 2763 1424 2795 Crito?
1469 2763 1534 2796 Ca.
1555 2762 1645 2801 Non,
1661 2773 1719 2805 per

250 2817 375 2850 Jovem.
397 2826 468 2848 nam
493 2827 562 2848 reor
585 2818 683 2856 illum,
700 2819 726 2850 si
750 2818 826 2850 talia
847 2819 939 2858 dixit,
953 2830 1058 2862 neque
1080 2818 1276 2862 Euthydemi
1291 2829 1394 2861 neque
1407 2817 1535 2850 alterius
1548 2816 1719 2859 cujuslibet

251 2872 387 2904 hominis
399 2870 566 2914 disciplina
583 2872 709 2904 ulterius
722 2873 878 2916 indigere.
922 2874 977 2906 So.
1001 2875 1093 2906 Forte
1107 2885 1180 2906 vero
1197 2873 1368 2916 Ctesippus
1380 2874 1447 2905 haec
1462 2871 1552 2914 dixit,
1566 2882 1627 2914 ego
1643 2882 1718 2904 vero

252 2936 317 2958 non
339 2925 478 2958 memini.
501 2925 599 2969 [291]
623 2927 688 2959 Cn.
712 2927 793 2965 Quis
816 2928 1014 2972 Ctesippus?
1060 2930 1118 2962 So.
1142 2929 1260 2962 Saltem
1287 2929 1348 2960 hoc
1373 2927 1514 2966 memini,
1528 2937 1633 2970 neque
1647 2926 1717 2959 Eu·-

251 2981 437 3024 thydernum
452 2979 592 3014 attulisse
607 2981 674 3016 hoee
689 2991 793 3025 neque
808 2982 1082 3028 Dionysodorum.
1125 2984 1201 3023 Sed,
1224 2994 1243 3015 o
1258 2983 1348 3015 beate
1364 2981 1464 3021 Crito,
1479 2980 1622 3026 suspicor
1635 2990 1720 3024 prae·

743 3143 779 3166 ΑΔ
