<?xml version="1.0" encoding="UTF-8"?>
<!DOCTYPE html PUBLIC "-//W3C//DTD XHTML 1.0 Transitional//EN"
    "http://www.w3.org/TR/xhtml1/DTD/xhtml1-transitional.dtd">
<html xmlns="http://www.w3.org/1999/xhtml" xml:lang="en" lang="en">
 <head>
  <title>
</title>
<meta http-equiv="Content-Type" content="text/html;charset=utf-8" />
  <meta name='ocr-system' content='tesseract 3.04.00' />
  <meta name='ocr-capabilities' content='ocr_page ocr_carea ocr_par ocr_line ocrx_word'/>
</head>
<body>
  <div class='ocr_page' id='page_1' title='image "./platonisetquaeve10plat_0215.png"; bbox 0 0 1846 3268; ppageno 0'>
   <div class='ocr_carea' id='block_1_1' title="bbox 144 289 1609 344">
    <p class='ocr_par' dir='ltr' id='par_1_1' title="bbox 144 289 1609 344">
     <span class='ocr_line' id='line_1_1' title="bbox 144 289 1609 344; baseline -0.003 -12"><span class='ocrx_word' id='word_1_1' title='bbox 144 293 244 344; x_wconf 84' lang='lat'>481]</span> <span class='ocrx_word' id='word_1_2' title='bbox 748 289 1007 329; x_wconf 79' lang='lat' dir='ltr'><strong>GORGrAS.</strong></span> <span class='ocrx_word' id='word_1_3' title='bbox 1067 340 1073 342; x_wconf 36' lang='grc'><strong>,</strong></span> <span class='ocrx_word' id='word_1_4' title='bbox 1530 291 1609 328; x_wconf 82' lang='lat'><strong>205</strong></span> 
     </span>
    </p>
   </div>
   <div class='ocr_carea' id='block_1_2' title="bbox 138 391 1619 3029">
    <p class='ocr_par' dir='ltr' id='par_1_2' title="bbox 138 391 1619 3029">
     <span class='ocr_line' id='line_1_2' title="bbox 140 391 1610 440; baseline -0.005 -10"><span class='ocrx_word' id='word_1_5' title='bbox 140 408 221 435; x_wconf 78' lang='lat' dir='ltr'><strong>eern,</strong></span> <span class='ocrx_word' id='word_1_6' title='bbox 237 397 376 440; x_wconf 89' lang='lat' dir='ltr'><strong>quicum</strong></span> <span class='ocrx_word' id='word_1_7' title='bbox 391 394 540 427; x_wconf 84' lang='lat' dir='ltr'><strong>maximas</strong></span> <span class='ocrx_word' id='word_1_8' title='bbox 551 393 739 436; x_wconf 88' lang='lat' dir='ltr'><strong>perpetrarit</strong></span> <span class='ocrx_word' id='word_1_9' title='bbox 752 392 895 434; x_wconf 84' lang='lat' dir='ltr'><strong>injurias,</strong></span> <span class='ocrx_word' id='word_1_10' title='bbox 911 391 1013 423; x_wconf 82' lang='lat' dir='ltr'><strong>nullas</strong></span> <span class='ocrx_word' id='word_1_11' title='bbox 1029 391 1143 434; x_wconf 83' lang='lat' dir='ltr'><strong>pendit</strong></span> <span class='ocrx_word' id='word_1_12' title='bbox 1160 401 1278 432; x_wconf 84' lang='lat' dir='ltr'><strong>poenas.</strong></span> <span class='ocrx_word' id='word_1_13' title='bbox 1301 400 1360 432; x_wconf 85' lang='lat' dir='ltr'><strong>ego</strong></span> <span class='ocrx_word' id='word_1_14' title='bbox 1383 395 1487 422; x_wconf 82' lang='lat' dir='ltr'><strong>autem</strong></span> <span class='ocrx_word' id='word_1_15' title='bbox 1501 397 1610 422; x_wconf 85' lang='lat' dir='ltr'><strong>contra</strong></span> 
     </span>
     <span class='ocr_line' id='line_1_3' title="bbox 140 443 1610 493; baseline -0.005 -10"><span class='ocrx_word' id='word_1_16' title='bbox 140 452 287 493; x_wconf 81' lang='lat' dir='ltr'><strong>putabam</strong></span> <span class='ocrx_word' id='word_1_17' title='bbox 302 462 310 481; x_wconf 75' lang='lat' dir='ltr'><strong>t</strong></span> <span class='ocrx_word' id='word_1_18' title='bbox 334 449 482 481; x_wconf 84' lang='lat' dir='ltr'><strong>videlicet</strong></span> <span class='ocrx_word' id='word_1_19' title='bbox 496 449 564 480; x_wconf 89' lang='lat' dir='ltr'><strong>sive</strong></span> <span class='ocrx_word' id='word_1_20' title='bbox 579 446 754 479; x_wconf 84' lang='lat' dir='ltr'>Archelaus</span> <span class='ocrx_word' id='word_1_21' title='bbox 770 447 836 478; x_wconf 84' lang='lat' dir='ltr'><strong>sive</strong></span> <span class='ocrx_word' id='word_1_22' title='bbox 851 447 932 477; x_wconf 87' lang='lat' dir='ltr'><strong>alius</strong></span> <span class='ocrx_word' id='word_1_23' title='bbox 951 446 1052 488; x_wconf 82' lang='lat' dir='ltr'><strong>quivis</strong></span> <span class='ocrx_word' id='word_1_24' title='bbox 1078 445 1238 476; x_wconf 89' lang='lat' dir='ltr'><strong>hominum</strong></span> <span class='ocrx_word' id='word_1_25' title='bbox 1256 443 1437 486; x_wconf 85' lang='lat' dir='ltr'><strong>injuriarum</strong></span> <span class='ocrx_word' id='word_1_26' title='bbox 1453 445 1610 486; x_wconf 80' lang='lat' dir='ltr'><strong>supplicIa</strong></span> 
     </span>
     <span class='ocr_line' id='line_1_4' title="bbox 142 498 1611 546; baseline -0.005 -10"><span class='ocrx_word' id='word_1_27' title='bbox 142 515 206 536; x_wconf 89' lang='lat' dir='ltr'><strong>non</strong></span> <span class='ocrx_word' id='word_1_28' title='bbox 223 504 389 546; x_wconf 74' lang='lat' dir='ltr'>rependat,</span> <span class='ocrx_word' id='word_1_29' title='bbox 405 513 477 534; x_wconf 90' lang='lat' dir='ltr'><strong>eum</strong></span> <span class='ocrx_word' id='word_1_30' title='bbox 502 507 575 533; x_wconf 86' lang='lat' dir='ltr'><strong>ante</strong></span> <span class='ocrx_word' id='word_1_31' title='bbox 591 501 668 533; x_wconf 83' lang='lat' dir='ltr'><strong>alios</strong></span> <span class='ocrx_word' id='word_1_32' title='bbox 682 511 751 532; x_wconf 77' lang='lat' dir='ltr'><strong>csse</strong></span> <span class='ocrx_word' id='word_1_33' title='bbox 765 499 970 532; x_wconf 83' lang='lat' dir='ltr'><strong>miserrimum</strong></span> <span class='ocrx_word' id='word_1_34' title='bbox 985 512 992 531; x_wconf 88' lang='lat'>:</span> <span class='ocrx_word' id='word_1_35' title='bbox 1018 511 1054 532; x_wconf 90' lang='lat' dir='ltr'><strong>ac</strong></span> <span class='ocrx_word' id='word_1_36' title='bbox 1071 509 1193 541; x_wconf 82' lang='lat' dir='ltr'>semper</span> <span class='ocrx_word' id='word_1_37' title='bbox 1207 510 1279 530; x_wconf 87' lang='lat' dir='ltr'><strong>eum</strong></span> <span class='ocrx_word' id='word_1_38' title='bbox 1300 498 1354 540; x_wconf 90' lang='lat' dir='ltr'><strong>qui</strong></span> <span class='ocrx_word' id='word_1_39' title='bbox 1369 498 1488 538; x_wconf 85' lang='lat' dir='ltr'><strong>intulit,</strong></span> <span class='ocrx_word' id='word_1_40' title='bbox 1502 509 1539 529; x_wconf 88' lang='lat' dir='ltr'><strong>eo</strong></span> <span class='ocrx_word' id='word_1_41' title='bbox 1555 499 1611 540; x_wconf 87' lang='lat' dir='ltr'><strong>qui</strong></span> 
     </span>
     <span class='ocr_line' id='line_1_5' title="bbox 141 551 1610 601; baseline -0.005 -11"><span class='ocrx_word' id='word_1_42' title='bbox 141 559 279 601; x_wconf 83' lang='lat' dir='ltr'><strong>patiatur</strong></span> <span class='ocrx_word' id='word_1_43' title='bbox 291 556 448 599; x_wconf 88' lang='lat' dir='ltr'><strong>injuriam,</strong></span> <span class='ocrx_word' id='word_1_44' title='bbox 469 566 536 587; x_wconf 88' lang='lat' dir='ltr'><strong>esse</strong></span> <span class='ocrx_word' id='word_1_45' title='bbox 560 555 773 594; x_wconf 85' lang='lat' dir='ltr'><strong>miseriorem3</strong></span> <span class='ocrx_word' id='word_1_46' title='bbox 797 554 935 596; x_wconf 88' lang='lat' dir='ltr'><strong>denique</strong></span> <span class='ocrx_word' id='word_1_47' title='bbox 955 554 1044 585; x_wconf 90' lang='lat' dir='ltr'><strong>illurn</strong></span> <span class='ocrx_word' id='word_1_48' title='bbox 1071 554 1126 596; x_wconf 88' lang='lat' dir='ltr'><strong>qui</strong></span> <span class='ocrx_word' id='word_1_49' title='bbox 1151 563 1215 584; x_wconf 85' lang='lat' dir='ltr'><strong>non</strong></span> <span class='ocrx_word' id='word_1_50' title='bbox 1245 553 1310 584; x_wconf 89' lang='lat' dir='ltr'><strong>luat</strong></span> <span class='ocrx_word' id='word_1_51' title='bbox 1332 562 1454 594; x_wconf 84' lang='lat' dir='ltr'><strong>poenas,</strong></span> <span class='ocrx_word' id='word_1_52' title='bbox 1478 552 1532 582; x_wconf 90' lang='lat' dir='ltr'><strong>illo</strong></span> <span class='ocrx_word' id='word_1_53' title='bbox 1555 551 1610 594; x_wconf 81' lang='lat' dir='ltr'><strong>qui</strong></span> 
     </span>
     <span class='ocr_line' id='line_1_6' title="bbox 139 606 1609 651; baseline -0.005 -8"><span class='ocrx_word' id='word_1_54' title='bbox 139 612 217 645; x_wconf 87' lang='lat' dir='ltr'><strong>luat.</strong></span> <span class='ocrx_word' id='word_1_55' title='bbox 263 611 315 642; x_wconf 85' lang='lat' dir='ltr'><strong>An</strong></span> <span class='ocrx_word' id='word_1_56' title='bbox 337 621 400 642; x_wconf 88' lang='lat' dir='ltr'><strong>non</strong></span> <span class='ocrx_word' id='word_1_57' title='bbox 422 611 490 642; x_wconf 84' lang='lat' dir='ltr'><strong>haec</strong></span> <span class='ocrx_word' id='word_1_58' title='bbox 515 615 604 641; x_wconf 87' lang='lat' dir='ltr'><strong>erant</strong></span> <span class='ocrx_word' id='word_1_59' title='bbox 628 620 699 651; x_wconf 86' lang='lat' dir='ltr'><strong>quae</strong></span> <span class='ocrx_word' id='word_1_60' title='bbox 716 620 734 640; x_wconf 90' lang='lat' dir='ltr'><strong>a</strong></span> <span class='ocrx_word' id='word_1_61' title='bbox 749 620 799 640; x_wconf 88' lang='lat' dir='ltr'><strong>me</strong></span> <span class='ocrx_word' id='word_1_62' title='bbox 814 609 1022 640; x_wconf 80' lang='lat' dir='ltr'>dicebantur?</span> <span class='ocrx_word' id='word_1_63' title='bbox 1070 607 1154 638; x_wconf 81' lang='lat' dir='ltr'><strong>Por..</strong></span> <span class='ocrx_word' id='word_1_64' title='bbox 1178 606 1257 639; x_wconf 84' lang='lat' dir='ltr'><strong>Haec</strong></span> <span class='ocrx_word' id='word_1_65' title='bbox 1286 606 1366 647; x_wconf 84' lang='lat' dir='ltr'><strong>ipsa.</strong></span> <span class='ocrx_word' id='word_1_66' title='bbox 1411 606 1467 637; x_wconf 90' lang='lat' dir='ltr'><strong>So.</strong></span> <span class='ocrx_word' id='word_1_67' title='bbox 1491 606 1609 637; x_wconf 84' lang='lat' dir='ltr'><strong>Nonne</strong></span> 
     </span>
     <span class='ocr_line' id='line_1_7' title="bbox 140 660 1609 703; baseline -0.003 -7"><span class='ocrx_word' id='word_1_68' title='bbox 140 665 384 696; x_wconf 83' lang='lat' dir='ltr'><strong>demonstratum</strong></span> <span class='ocrx_word' id='word_1_69' title='bbox 407 669 466 702; x_wconf 81' lang='lat' dir='ltr'><strong>est,</strong></span> <span class='ocrx_word' id='word_1_70' title='bbox 491 672 564 695; x_wconf 84' lang='lat' dir='ltr'><strong>vere</strong></span> <span class='ocrx_word' id='word_1_71' title='bbox 587 665 655 695; x_wconf 80' lang='lat' dir='ltr'><strong>haec</strong></span> <span class='ocrx_word' id='word_1_72' title='bbox 680 664 764 695; x_wconf 86' lang='lat' dir='ltr'><strong>dicta</strong></span> <span class='ocrx_word' id='word_1_73' title='bbox 790 663 911 694; x_wconf 79' lang='lat' dir='ltr'><strong>fuisse?</strong></span> <span class='ocrx_word' id='word_1_74' title='bbox 957 663 1040 694; x_wconf 75' lang='lat' dir='ltr'><strong>Por..</strong></span> <span class='ocrx_word' id='word_1_75' title='bbox 1065 661 1221 703; x_wconf 80' lang='lat' dir='ltr'><strong>Apparet.</strong></span> <span class='ocrx_word' id='word_1_76' title='bbox 1256 661 1353 703; x_wconf 83' lang='grc'>[480]</span> <span class='ocrx_word' id='word_1_77' title='bbox 1391 660 1447 691; x_wconf 89' lang='lat' dir='ltr'><strong>So.</strong></span> <span class='ocrx_word' id='word_1_78' title='bbox 1470 660 1560 698; x_wconf 90' lang='lat' dir='ltr'><strong>Esto,</strong></span> <span class='ocrx_word' id='word_1_79' title='bbox 1590 671 1609 691; x_wconf 93' lang='lat' dir='ltr'><strong>o</strong></span> 
     </span>
     <span class='ocr_line' id='line_1_8' title="bbox 138 714 1610 759; baseline -0.003 -10"><span class='ocrx_word' id='word_1_80' title='bbox 138 717 229 754; x_wconf 88' lang='lat' dir='ltr'><strong>Pole,</strong></span> <span class='ocrx_word' id='word_1_81' title='bbox 244 718 269 749; x_wconf 72' lang='lat' dir='ltr'><strong>si</strong></span> <span class='ocrx_word' id='word_1_82' title='bbox 292 728 366 759; x_wconf 86' lang='lat' dir='ltr'><strong>ergo</strong></span> <span class='ocrx_word' id='word_1_83' title='bbox 381 719 449 749; x_wconf 84' lang='lat' dir='ltr'><strong>haec</strong></span> <span class='ocrx_word' id='word_1_84' title='bbox 464 727 537 749; x_wconf 88' lang='lat' dir='ltr'><strong>vera</strong></span> <span class='ocrx_word' id='word_1_85' title='bbox 552 718 636 754; x_wconf 84' lang='lat' dir='ltr'><strong>sunt,</strong></span> <span class='ocrx_word' id='word_1_86' title='bbox 652 717 802 759; x_wconf 80' lang='lat' dir='ltr'><strong>quidnam</strong></span> <span class='ocrx_word' id='word_1_87' title='bbox 826 727 906 758; x_wconf 86' lang='lat' dir='ltr'><strong>opus</strong></span> <span class='ocrx_word' id='word_1_88' title='bbox 929 721 978 747; x_wconf 91' lang='lat' dir='ltr'><strong>est</strong></span> <span class='ocrx_word' id='word_1_89' title='bbox 998 715 1176 747; x_wconf 83' lang='lat' dir='ltr'><strong>rhetorica?</strong></span> <span class='ocrx_word' id='word_1_90' title='bbox 1202 725 1317 756; x_wconf 85' lang='lat' dir='ltr'><strong>nempe</strong></span> <span class='ocrx_word' id='word_1_91' title='bbox 1341 725 1379 745; x_wconf 87' lang='lat' dir='ltr'><strong>ex</strong></span> <span class='ocrx_word' id='word_1_92' title='bbox 1403 714 1610 756; x_wconf 83' lang='lat' dir='ltr'><strong>superioribus</strong></span> 
     </span>
     <span class='ocr_line' id='line_1_9' title="bbox 139 767 1611 813; baseline -0.002 -11"><span class='ocrx_word' id='word_1_93' title='bbox 139 771 289 813; x_wconf 84' lang='lat' dir='ltr'><strong>sequitur,</strong></span> <span class='ocrx_word' id='word_1_94' title='bbox 300 775 444 812; x_wconf 86' lang='lat' dir='ltr'><strong>oportere</strong></span> <span class='ocrx_word' id='word_1_95' title='bbox 457 771 696 813; x_wconf 74' lang='lat' dir='ltr'><strong>diligentissime</strong></span> <span class='ocrx_word' id='word_1_96' title='bbox 717 771 875 802; x_wconf 84' lang='lat' dir='ltr'><strong>custodire</strong></span> <span class='ocrx_word' id='word_1_97' title='bbox 900 769 1057 811; x_wconf 79' lang='lat' dir='ltr'><strong>nosipsos,</strong></span> <span class='ocrx_word' id='word_1_98' title='bbox 1083 768 1217 811; x_wconf 88' lang='lat' dir='ltr'><strong>primum</strong></span> <span class='ocrx_word' id='word_1_99' title='bbox 1244 768 1386 810; x_wconf 89' lang='lat' dir='ltr'><strong>quidem,</strong></span> <span class='ocrx_word' id='word_1_100' title='bbox 1401 779 1442 799; x_wconf 87' lang='lat' dir='ltr'><strong>ne</strong></span> <span class='ocrx_word' id='word_1_101' title='bbox 1459 768 1510 800; x_wconf 90' lang='lat' dir='ltr'><strong>cui</strong></span> <span class='ocrx_word' id='word_1_102' title='bbox 1525 767 1611 810; x_wconf 89' lang='lat' dir='ltr'><strong>inju-</strong></span> 
     </span>
     <span class='ocr_line' id='line_1_10' title="bbox 138 821 1610 866; baseline -0.002 -11"><span class='ocrx_word' id='word_1_103' title='bbox 138 824 215 855; x_wconf 87' lang='lat' dir='ltr'><strong>riam</strong></span> <span class='ocrx_word' id='word_1_104' title='bbox 239 824 420 862; x_wconf 87' lang='lat' dir='ltr'><strong>inferamus,</strong></span> <span class='ocrx_word' id='word_1_105' title='bbox 447 829 594 866; x_wconf 82' lang='lat' dir='ltr'><strong>tanquam</strong></span> <span class='ocrx_word' id='word_1_106' title='bbox 614 825 688 855; x_wconf 84' lang='lat' dir='ltr'><strong>satis</strong></span> <span class='ocrx_word' id='word_1_107' title='bbox 712 824 786 855; x_wconf 88' lang='lat' dir='ltr'><strong>mali</strong></span> <span class='ocrx_word' id='word_1_108' title='bbox 810 825 851 855; x_wconf 93' lang='lat' dir='ltr'><strong>ob</strong></span> <span class='ocrx_word' id='word_1_109' title='bbox 878 825 939 855; x_wconf 89' lang='lat' dir='ltr'><strong>hoc</strong></span> <span class='ocrx_word' id='word_1_110' title='bbox 955 823 1057 865; x_wconf 85' lang='lat' dir='ltr'><strong>ipsum</strong></span> <span class='ocrx_word' id='word_1_111' title='bbox 1081 822 1254 853; x_wconf 82' lang='lat' dir='ltr'><strong>habituros.</strong></span> <span class='ocrx_word' id='word_1_112' title='bbox 1278 832 1383 853; x_wconf 89' lang='lat' dir='ltr'><strong>nonne</strong></span> <span class='ocrx_word' id='word_1_113' title='bbox 1409 821 1477 853; x_wconf 87' lang='lat' dir='ltr'><strong>ita?</strong></span> <span class='ocrx_word' id='word_1_114' title='bbox 1524 822 1610 853; x_wconf 89' lang='lat' dir='ltr'><strong>Por..</strong></span> 
     </span>
     <span class='ocr_line' id='line_1_11' title="bbox 140 875 1610 920; baseline -0.003 -11"><span class='ocrx_word' id='word_1_115' title='bbox 140 877 192 909; x_wconf 86' lang='lat' dir='ltr'><strong>Ita</strong></span> <span class='ocrx_word' id='word_1_116' title='bbox 206 883 301 911; x_wconf 85' lang='lat' dir='ltr'><strong>certe.</strong></span> <span class='ocrx_word' id='word_1_117' title='bbox 346 878 403 910; x_wconf 85' lang='lat' dir='ltr'><strong>So.</strong></span> <span class='ocrx_word' id='word_1_118' title='bbox 427 878 554 910; x_wconf 84' lang='lat' dir='ltr'><strong>Deinde</strong></span> <span class='ocrx_word' id='word_1_119' title='bbox 568 889 655 920; x_wconf 87' lang='lat' dir='ltr'><strong>vero,</strong></span> <span class='ocrx_word' id='word_1_120' title='bbox 671 879 737 910; x_wconf 85' lang='lat' dir='ltr'><strong>sive</strong></span> <span class='ocrx_word' id='word_1_121' title='bbox 759 889 814 920; x_wconf 81' lang='lat' dir='ltr'><strong>per</strong></span> <span class='ocrx_word' id='word_1_122' title='bbox 836 888 894 909; x_wconf 85' lang='lat' dir='ltr'><strong>nos</strong></span> <span class='ocrx_word' id='word_1_123' title='bbox 918 878 983 909; x_wconf 87' lang='lat' dir='ltr'><strong>sive</strong></span> <span class='ocrx_word' id='word_1_124' title='bbox 1007 887 1063 919; x_wconf 86' lang='lat' dir='ltr'><strong>per</strong></span> <span class='ocrx_word' id='word_1_125' title='bbox 1085 877 1181 908; x_wconf 90' lang='lat' dir='ltr'><strong>alium</strong></span> <span class='ocrx_word' id='word_1_126' title='bbox 1204 875 1384 918; x_wconf 87' lang='lat' dir='ltr'><strong>quempiam</strong></span> <span class='ocrx_word' id='word_1_127' title='bbox 1399 875 1490 907; x_wconf 82' lang='lat' dir='ltr'><strong>nobis</strong></span> <span class='ocrx_word' id='word_1_128' title='bbox 1505 886 1610 907; x_wconf 88' lang='lat' dir='ltr'><strong>carum</strong></span> 
     </span>
     <span class='ocr_line' id='line_1_12' title="bbox 140 930 1612 975; baseline -0.002 -12"><span class='ocrx_word' id='word_1_129' title='bbox 140 931 290 963; x_wconf 85' lang='lat' dir='ltr'><strong>inferatur</strong></span> <span class='ocrx_word' id='word_1_130' title='bbox 305 932 429 974; x_wconf 86' lang='lat' dir='ltr'><strong>injuria,</strong></span> <span class='ocrx_word' id='word_1_131' title='bbox 451 937 565 974; x_wconf 79' lang='lat' dir='ltr'><strong>sponte</strong></span> <span class='ocrx_word' id='word_1_132' title='bbox 585 937 691 964; x_wconf 88' lang='lat' dir='ltr'><strong>nostra</strong></span> <span class='ocrx_word' id='word_1_133' title='bbox 714 933 754 964; x_wconf 88' lang='lat' dir='ltr'><strong>ad</strong></span> <span class='ocrx_word' id='word_1_134' title='bbox 772 932 915 975; x_wconf 85' lang='lat' dir='ltr'><strong>judicem</strong></span> <span class='ocrx_word' id='word_1_135' title='bbox 931 931 1127 974; x_wconf 80' lang='lat' dir='ltr'><strong>puniturum,</strong></span> <span class='ocrx_word' id='word_1_136' title='bbox 1143 936 1291 972; x_wconf 87' lang='lat' dir='ltr'><strong>tanquam</strong></span> <span class='ocrx_word' id='word_1_137' title='bbox 1307 930 1347 961; x_wconf 83' lang='lat' dir='ltr'><strong>ad</strong></span> <span class='ocrx_word' id='word_1_138' title='bbox 1362 930 1520 961; x_wconf 87' lang='lat' dir='ltr'><strong>medicum</strong></span> <span class='ocrx_word' id='word_1_139' title='bbox 1536 940 1612 971; x_wconf 92' lang='lat' dir='ltr'><strong>pro-</strong></span> 
     </span>
     <span class='ocr_line' id='line_1_13' title="bbox 142 983 1612 1029; baseline -0.003 -12"><span class='ocrx_word' id='word_1_140' title='bbox 142 996 271 1028; x_wconf 84' lang='lat' dir='ltr'><strong>perare3</strong></span> <span class='ocrx_word' id='word_1_141' title='bbox 293 997 334 1018; x_wconf 90' lang='lat' dir='ltr'><strong>ne</strong></span> <span class='ocrx_word' id='word_1_142' title='bbox 349 987 528 1029; x_wconf 85' lang='lat' dir='ltr'><strong>antiquatus</strong></span> <span class='ocrx_word' id='word_1_143' title='bbox 548 986 673 1029; x_wconf 85' lang='lat' dir='ltr'><strong>injuriae</strong></span> <span class='ocrx_word' id='word_1_144' title='bbox 698 988 822 1018; x_wconf 88' lang='lat' dir='ltr'><strong>morbus</strong></span> <span class='ocrx_word' id='word_1_145' title='bbox 847 987 892 1019; x_wconf 86' lang='lat' dir='ltr'><strong>sic</strong></span> <span class='ocrx_word' id='word_1_146' title='bbox 920 986 1040 1017; x_wconf 85' lang='lat' dir='ltr'><strong>inficiat</strong></span> <span class='ocrx_word' id='word_1_147' title='bbox 1054 985 1204 1021; x_wconf 85' lang='lat' dir='ltr'><strong>animum,</strong></span> <span class='ocrx_word' id='word_1_148' title='bbox 1219 989 1254 1015; x_wconf 90' lang='lat' dir='ltr'><strong>ut</strong></span> <span class='ocrx_word' id='word_1_149' title='bbox 1267 983 1475 1015; x_wconf 79' lang='lat' dir='ltr'><strong>insanabilem</strong></span> <span class='ocrx_word' id='word_1_150' title='bbox 1490 983 1612 1014; x_wconf 85' lang='lat' dir='ltr'><strong>reddat.</strong></span> 
     </span>
     <span class='ocr_line' id='line_1_14' title="bbox 143 1036 1612 1083; baseline -0.003 -12"><span class='ocrx_word' id='word_1_151' title='bbox 143 1040 291 1077; x_wconf 87' lang='lat' dir='ltr'><strong>Quonam</strong></span> <span class='ocrx_word' id='word_1_152' title='bbox 313 1041 375 1072; x_wconf 82' lang='lat' dir='ltr'><strong>alio</strong></span> <span class='ocrx_word' id='word_1_153' title='bbox 399 1047 494 1083; x_wconf 85' lang='lat' dir='ltr'><strong>pacto</strong></span> <span class='ocrx_word' id='word_1_154' title='bbox 520 1041 675 1079; x_wconf 77' lang='lat' dir='ltr'><strong>dicemus,</strong></span> <span class='ocrx_word' id='word_1_155' title='bbox 689 1053 708 1073; x_wconf 93' lang='lat' dir='ltr'><strong>o</strong></span> <span class='ocrx_word' id='word_1_156' title='bbox 733 1041 824 1079; x_wconf 89' lang='lat' dir='ltr'><strong>Pole,</strong></span> <span class='ocrx_word' id='word_1_157' title='bbox 841 1041 868 1072; x_wconf 78' lang='lat' dir='ltr'><strong>si</strong></span> <span class='ocrx_word' id='word_1_158' title='bbox 894 1045 1041 1072; x_wconf 86' lang='lat' dir='ltr'><strong>maneant</strong></span> <span class='ocrx_word' id='word_1_159' title='bbox 1056 1039 1157 1081; x_wconf 87' lang='lat' dir='ltr'><strong>priora</strong></span> <span class='ocrx_word' id='word_1_160' title='bbox 1178 1039 1234 1070; x_wconf 87' lang='lat' dir='ltr'><strong>illa</strong></span> <span class='ocrx_word' id='word_1_161' title='bbox 1261 1038 1341 1069; x_wconf 87' lang='lat' dir='ltr'><strong>inter</strong></span> <span class='ocrx_word' id='word_1_162' title='bbox 1360 1048 1418 1069; x_wconf 82' lang='lat' dir='ltr'><strong>nos</strong></span> <span class='ocrx_word' id='word_1_163' title='bbox 1439 1036 1612 1068; x_wconf 73' lang='lat' dir='ltr'><strong>concessa?</strong></span> 
     </span>
     <span class='ocr_line' id='line_1_15' title="bbox 143 1091 1612 1135; baseline -0.003 -10"><span class='ocrx_word' id='word_1_164' title='bbox 143 1105 249 1127; x_wconf 86' lang='lat' dir='ltr'><strong>nonne</strong></span> <span class='ocrx_word' id='word_1_165' title='bbox 260 1095 327 1126; x_wconf 88' lang='lat' dir='ltr'><strong>haec</strong></span> <span class='ocrx_word' id='word_1_166' title='bbox 339 1095 383 1126; x_wconf 85' lang='lat' dir='ltr'><strong>ita</strong></span> <span class='ocrx_word' id='word_1_167' title='bbox 394 1095 455 1126; x_wconf 86' lang='lat' dir='ltr'><strong>illis</strong></span> <span class='ocrx_word' id='word_1_168' title='bbox 467 1097 642 1127; x_wconf 83' lang='lat' dir='ltr'><strong>necessario</strong></span> <span class='ocrx_word' id='word_1_169' title='bbox 655 1101 842 1133; x_wconf 79' lang='lat' dir='ltr'><strong>consonant,</strong></span> <span class='ocrx_word' id='word_1_170' title='bbox 853 1095 942 1127; x_wconf 84' lang='lat' dir='ltr'><strong>aliter</strong></span> <span class='ocrx_word' id='word_1_171' title='bbox 954 1105 1026 1126; x_wconf 87' lang='lat' dir='ltr'><strong>vero</strong></span> <span class='ocrx_word' id='word_1_172' title='bbox 1042 1103 1239 1135; x_wconf 85' lang='lat' dir='ltr'><strong>nequaquam</strong></span> <span class='ocrx_word' id='word_1_173' title='bbox 1254 1093 1265 1123; x_wconf 88' lang='lat'>?</span> <span class='ocrx_word' id='word_1_174' title='bbox 1310 1092 1393 1124; x_wconf 79' lang='lat' dir='ltr'><strong>Por..</strong></span> <span class='ocrx_word' id='word_1_175' title='bbox 1418 1091 1503 1128; x_wconf 87' lang='lat' dir='ltr'><strong>Quid</strong></span> <span class='ocrx_word' id='word_1_176' title='bbox 1515 1091 1612 1128; x_wconf 91' lang='lat' dir='ltr'><strong>enim,</strong></span> 
     </span>
     <span class='ocr_line' id='line_1_16' title="bbox 145 1144 1612 1191; baseline -0.003 -12"><span class='ocrx_word' id='word_1_177' title='bbox 145 1159 164 1179; x_wconf 89' lang='lat' dir='ltr'><strong>o</strong></span> <span class='ocrx_word' id='word_1_178' title='bbox 179 1148 333 1186; x_wconf 77' lang='lat' dir='ltr'><strong>Socrates,</strong></span> <span class='ocrx_word' id='word_1_179' title='bbox 349 1149 453 1181; x_wconf 83' lang='lat' dir='ltr'><strong>dicere</strong></span> <span class='ocrx_word' id='word_1_180' title='bbox 477 1150 664 1191; x_wconf 87' lang='lat' dir='ltr'><strong>possumus?</strong></span> <span class='ocrx_word' id='word_1_181' title='bbox 708 1150 765 1183; x_wconf 87' lang='lat' dir='ltr'><strong>So.</strong></span> <span class='ocrx_word' id='word_1_182' title='bbox 788 1150 841 1181; x_wconf 89' lang='lat' dir='ltr'><strong>Ad</strong></span> <span class='ocrx_word' id='word_1_183' title='bbox 859 1149 1090 1181; x_wconf 82' lang='lat' dir='ltr'><strong>defendendam</strong></span> <span class='ocrx_word' id='word_1_184' title='bbox 1107 1148 1202 1189; x_wconf 84' lang='lat' dir='ltr'><strong>igitur</strong></span> <span class='ocrx_word' id='word_1_185' title='bbox 1217 1151 1272 1178; x_wconf 85' lang='lat' dir='ltr'><strong>aut</strong></span> <span class='ocrx_word' id='word_1_186' title='bbox 1286 1146 1495 1177; x_wconf 82' lang='lat' dir='ltr'><strong>excusandam</strong></span> <span class='ocrx_word' id='word_1_187' title='bbox 1512 1144 1612 1185; x_wconf 88' lang='lat' dir='ltr'><strong>injus-</strong></span> 
     </span>
     <span class='ocr_line' id='line_1_17' title="bbox 143 1199 1613 1245; baseline -0.002 -13"><span class='ocrx_word' id='word_1_188' title='bbox 143 1202 243 1233; x_wconf 80' lang='lat' dir='ltr'><strong>titiam</strong></span> <span class='ocrx_word' id='word_1_189' title='bbox 269 1209 417 1241; x_wconf 85' lang='lat' dir='ltr'><strong>nostram,</strong></span> <span class='ocrx_word' id='word_1_190' title='bbox 442 1203 492 1235; x_wconf 88' lang='lat' dir='ltr'><strong>vel</strong></span> <span class='ocrx_word' id='word_1_191' title='bbox 518 1209 685 1245; x_wconf 87' lang='lat' dir='ltr'><strong>parentum</strong></span> <span class='ocrx_word' id='word_1_192' title='bbox 701 1204 750 1235; x_wconf 87' lang='lat' dir='ltr'><strong>vel</strong></span> <span class='ocrx_word' id='word_1_193' title='bbox 776 1204 947 1235; x_wconf 84' lang='lat' dir='ltr'><strong>amicorum</strong></span> <span class='ocrx_word' id='word_1_194' title='bbox 974 1208 1029 1233; x_wconf 89' lang='lat' dir='ltr'><strong>aut</strong></span> <span class='ocrx_word' id='word_1_195' title='bbox 1054 1202 1187 1232; x_wconf 84' lang='lat' dir='ltr'><strong>filiorum</strong></span> <span class='ocrx_word' id='word_1_196' title='bbox 1215 1205 1269 1231; x_wconf 89' lang='lat' dir='ltr'><strong>aut</strong></span> <span class='ocrx_word' id='word_1_197' title='bbox 1289 1199 1398 1241; x_wconf 82' lang='lat' dir='ltr'><strong>patriae</strong></span> <span class='ocrx_word' id='word_1_198' title='bbox 1422 1199 1613 1240; x_wconf 83' lang='lat' dir='ltr'><strong>injuriantis,</strong></span> 
     </span>
     <span class='ocr_line' id='line_1_18' title="bbox 145 1254 1613 1297; baseline -0.002 -11"><span class='ocrx_word' id='word_1_199' title='bbox 145 1256 272 1294; x_wconf 82' lang='lat' dir='ltr'><strong>nullius,</strong></span> <span class='ocrx_word' id='word_1_200' title='bbox 288 1268 308 1288; x_wconf 92' lang='lat' dir='ltr'><strong>o</strong></span> <span class='ocrx_word' id='word_1_201' title='bbox 329 1257 420 1294; x_wconf 88' lang='lat' dir='ltr'><strong>Pole,</strong></span> <span class='ocrx_word' id='word_1_202' title='bbox 436 1257 582 1288; x_wconf 81' lang='lat' dir='ltr'><strong>utilitatis</strong></span> <span class='ocrx_word' id='word_1_203' title='bbox 597 1258 689 1289; x_wconf 88' lang='lat' dir='ltr'><strong>nobis</strong></span> <span class='ocrx_word' id='word_1_204' title='bbox 710 1262 758 1289; x_wconf 85' lang='lat' dir='ltr'><strong>est</strong></span> <span class='ocrx_word' id='word_1_205' title='bbox 780 1257 945 1288; x_wconf 85' lang='lat' dir='ltr'><strong>rhetorica.</strong></span> <span class='ocrx_word' id='word_1_206' title='bbox 968 1256 1031 1287; x_wconf 85' lang='lat' dir='ltr'><strong>nisi</strong></span> <span class='ocrx_word' id='word_1_207' title='bbox 1046 1255 1116 1297; x_wconf 87' lang='lat' dir='ltr'><strong>quis</strong></span> <span class='ocrx_word' id='word_1_208' title='bbox 1127 1254 1252 1296; x_wconf 86' lang='lat' dir='ltr'><strong>judicet</strong></span> <span class='ocrx_word' id='word_1_209' title='bbox 1264 1258 1373 1285; x_wconf 82' lang='lat' dir='ltr'><strong>contra</strong></span> <span class='ocrx_word' id='word_1_210' title='bbox 1387 1258 1528 1294; x_wconf 87' lang='lat' dir='ltr'><strong>oportere</strong></span> <span class='ocrx_word' id='word_1_211' title='bbox 1543 1254 1613 1284; x_wconf 91' lang='lat' dir='ltr'><strong>rhe-</strong></span> 
     </span>
     <span class='ocr_line' id='line_1_19' title="bbox 144 1307 1613 1352; baseline -0.001 -11"><span class='ocrx_word' id='word_1_212' title='bbox 144 1311 243 1342; x_wconf 84' lang='lat' dir='ltr'><strong>torica</strong></span> <span class='ocrx_word' id='word_1_213' title='bbox 266 1311 324 1347; x_wconf 89' lang='lat' dir='ltr'><strong>uti,</strong></span> <span class='ocrx_word' id='word_1_214' title='bbox 347 1312 387 1342; x_wconf 87' lang='lat' dir='ltr'><strong>ad</strong></span> <span class='ocrx_word' id='word_1_215' title='bbox 414 1312 626 1343; x_wconf 87' lang='lat' dir='ltr'><strong>accusandum</strong></span> <span class='ocrx_word' id='word_1_216' title='bbox 643 1311 804 1348; x_wconf 86' lang='lat' dir='ltr'><strong>videlicet,</strong></span> <span class='ocrx_word' id='word_1_217' title='bbox 830 1311 930 1352; x_wconf 88' lang='lat' dir='ltr'><strong>primo</strong></span> <span class='ocrx_word' id='word_1_218' title='bbox 955 1309 1083 1351; x_wconf 85' lang='lat' dir='ltr'><strong>quidem</strong></span> <span class='ocrx_word' id='word_1_219' title='bbox 1111 1308 1267 1349; x_wconf 86' lang='lat' dir='ltr'><strong>nosipsos,</strong></span> <span class='ocrx_word' id='word_1_220' title='bbox 1283 1307 1399 1338; x_wconf 87' lang='lat' dir='ltr'><strong>deinde</strong></span> <span class='ocrx_word' id='word_1_221' title='bbox 1425 1307 1613 1339; x_wconf 84' lang='lat' dir='ltr'><strong>domesticos</strong></span> 
     </span>
     <span class='ocr_line' id='line_1_20' title="bbox 146 1360 1613 1407; baseline -0.001 -13"><span class='ocrx_word' id='word_1_222' title='bbox 146 1363 378 1406; x_wconf 78' lang='lat' dir='ltr'><strong>familiaresque</strong></span> <span class='ocrx_word' id='word_1_223' title='bbox 393 1370 427 1396; x_wconf 92' lang='lat' dir='ltr'><strong>et</strong></span> <span class='ocrx_word' id='word_1_224' title='bbox 441 1365 530 1402; x_wconf 86' lang='lat' dir='ltr'><strong>alios,</strong></span> <span class='ocrx_word' id='word_1_225' title='bbox 547 1365 573 1395; x_wconf 90' lang='lat' dir='ltr'><strong>si</strong></span> <span class='ocrx_word' id='word_1_226' title='bbox 588 1365 659 1407; x_wconf 89' lang='lat' dir='ltr'><strong>quis</strong></span> <span class='ocrx_word' id='word_1_227' title='bbox 673 1375 779 1396; x_wconf 90' lang='lat' dir='ltr'><strong>eorum</strong></span> <span class='ocrx_word' id='word_1_228' title='bbox 795 1364 849 1406; x_wconf 92' lang='lat' dir='ltr'><strong>qui</strong></span> <span class='ocrx_word' id='word_1_229' title='bbox 865 1363 956 1394; x_wconf 84' lang='lat' dir='ltr'><strong>nobis</strong></span> <span class='ocrx_word' id='word_1_230' title='bbox 971 1362 1034 1394; x_wconf 84' lang='lat' dir='ltr'><strong>cari</strong></span> <span class='ocrx_word' id='word_1_231' title='bbox 1057 1366 1140 1398; x_wconf 78' lang='lat' dir='ltr'><strong>sunt,</strong></span> <span class='ocrx_word' id='word_1_232' title='bbox 1157 1360 1287 1403; x_wconf 84' lang='lat' dir='ltr'><strong>injurias</strong></span> <span class='ocrx_word' id='word_1_233' title='bbox 1303 1362 1548 1403; x_wconf 76' lang='lat' dir='ltr'><strong>perpetraverit:</strong></span> <span class='ocrx_word' id='word_1_234' title='bbox 1572 1373 1613 1393; x_wconf 89' lang='lat' dir='ltr'><strong>ne</strong></span> 
     </span>
     <span class='ocr_line' id='line_1_21' title="bbox 149 1415 1614 1460; baseline -0.001 -11"><span class='ocrx_word' id='word_1_235' title='bbox 149 1416 271 1449; x_wconf 82' lang='lat' dir='ltr'><strong>lateant</strong></span> <span class='ocrx_word' id='word_1_236' title='bbox 295 1428 400 1449; x_wconf 87' lang='lat' dir='ltr'><strong>eorum</strong></span> <span class='ocrx_word' id='word_1_237' title='bbox 417 1419 557 1455; x_wconf 86' lang='lat' dir='ltr'><strong>crimina,</strong></span> <span class='ocrx_word' id='word_1_238' title='bbox 583 1419 637 1450; x_wconf 86' lang='lat' dir='ltr'><strong>sed</strong></span> <span class='ocrx_word' id='word_1_239' title='bbox 654 1419 867 1460; x_wconf 82' lang='lat' dir='ltr'><strong>producantur</strong></span> <span class='ocrx_word' id='word_1_240' title='bbox 881 1418 913 1448; x_wconf 91' lang='lat' dir='ltr'><strong>in</strong></span> <span class='ocrx_word' id='word_1_241' title='bbox 930 1417 1031 1448; x_wconf 87' lang='lat' dir='ltr'><strong>lucem</strong></span> <span class='ocrx_word' id='word_1_242' title='bbox 1047 1427 1056 1455; x_wconf 89' lang='lat'>;</span> <span class='ocrx_word' id='word_1_243' title='bbox 1079 1416 1165 1447; x_wconf 86' lang='lat' dir='ltr'><strong>unde</strong></span> <span class='ocrx_word' id='word_1_244' title='bbox 1181 1425 1287 1457; x_wconf 87' lang='lat' dir='ltr'><strong>poenas</strong></span> <span class='ocrx_word' id='word_1_245' title='bbox 1303 1415 1348 1445; x_wconf 89' lang='lat' dir='ltr'><strong>illi</strong></span> <span class='ocrx_word' id='word_1_246' title='bbox 1365 1415 1545 1456; x_wconf 86' lang='lat' dir='ltr'><strong>persolvant</strong></span> <span class='ocrx_word' id='word_1_247' title='bbox 1565 1426 1614 1447; x_wconf 84' lang='lat' dir='ltr'><strong>sa-</strong></span> 
     </span>
     <span class='ocr_line' id='line_1_22' title="bbox 145 1469 1611 1514; baseline 0 -13"><span class='ocrx_word' id='word_1_248' title='bbox 145 1470 243 1513; x_wconf 90' lang='lat' dir='ltr'><strong>nique</strong></span> <span class='ocrx_word' id='word_1_249' title='bbox 258 1473 406 1504; x_wconf 86' lang='lat' dir='ltr'><strong>evadant.</strong></span> <span class='ocrx_word' id='word_1_250' title='bbox 430 1477 582 1514; x_wconf 85' lang='lat' dir='ltr'><strong>praeterea</strong></span> <span class='ocrx_word' id='word_1_251' title='bbox 597 1473 636 1504; x_wconf 88' lang='lat' dir='ltr'><strong>ad</strong></span> <span class='ocrx_word' id='word_1_252' title='bbox 654 1472 907 1514; x_wconf 89' lang='lat' dir='ltr'><strong>compellendum</strong></span> <span class='ocrx_word' id='word_1_253' title='bbox 922 1482 955 1503; x_wconf 88' lang='lat' dir='ltr'><strong>se</strong></span> <span class='ocrx_word' id='word_1_254' title='bbox 969 1471 1073 1512; x_wconf 85' lang='lat' dir='ltr'><strong>ipsum</strong></span> <span class='ocrx_word' id='word_1_255' title='bbox 1090 1475 1121 1501; x_wconf 90' lang='lat' dir='ltr'><strong>et</strong></span> <span class='ocrx_word' id='word_1_256' title='bbox 1136 1469 1227 1512; x_wconf 86' lang='lat' dir='ltr'><strong>alios,</strong></span> <span class='ocrx_word' id='word_1_257' title='bbox 1242 1480 1283 1501; x_wconf 91' lang='lat' dir='ltr'><strong>ne</strong></span> <span class='ocrx_word' id='word_1_258' title='bbox 1308 1474 1532 1510; x_wconf 79' lang='lat' dir='ltr'><strong>expavescant,</strong></span> <span class='ocrx_word' id='word_1_259' title='bbox 1555 1471 1611 1501; x_wconf 84' lang='lat' dir='ltr'><strong>sed</strong></span> 
     </span>
     <span class='ocr_line' id='line_1_23' title="bbox 147 1523 1615 1569; baseline 0 -14"><span class='ocrx_word' id='word_1_260' title='bbox 147 1524 221 1556; x_wconf 81' lang='lat' dir='ltr'><strong>sorti</strong></span> <span class='ocrx_word' id='word_1_261' title='bbox 237 1526 341 1557; x_wconf 83' lang='lat' dir='ltr'><strong>animo</strong></span> <span class='ocrx_word' id='word_1_262' title='bbox 356 1531 389 1558; x_wconf 87' lang='lat' dir='ltr'><strong>et</strong></span> <span class='ocrx_word' id='word_1_263' title='bbox 404 1527 492 1569; x_wconf 80' lang='lat' dir='ltr'><strong>quasi</strong></span> <span class='ocrx_word' id='word_1_264' title='bbox 503 1527 746 1559; x_wconf 79' lang='lat' dir='ltr'><strong>conniventibus</strong></span> <span class='ocrx_word' id='word_1_265' title='bbox 761 1527 862 1558; x_wconf 87' lang='lat' dir='ltr'><strong>oculis</strong></span> <span class='ocrx_word' id='word_1_266' title='bbox 876 1526 978 1568; x_wconf 87' lang='lat' dir='ltr'><strong>judici</strong></span> <span class='ocrx_word' id='word_1_267' title='bbox 993 1531 1142 1566; x_wconf 85' lang='lat' dir='ltr'><strong>tanquam</strong></span> <span class='ocrx_word' id='word_1_268' title='bbox 1159 1523 1281 1555; x_wconf 90' lang='lat' dir='ltr'><strong>medico</strong></span> <span class='ocrx_word' id='word_1_269' title='bbox 1294 1524 1447 1555; x_wconf 83' lang='lat' dir='ltr'><strong>secandos</strong></span> <span class='ocrx_word' id='word_1_270' title='bbox 1463 1525 1615 1555; x_wconf 86' lang='lat' dir='ltr'><strong>urendos-</strong></span> 
     </span>
     <span class='ocr_line' id='line_1_24' title="bbox 146 1578 1616 1624; baseline 0 -14"><span class='ocrx_word' id='word_1_271' title='bbox 146 1589 209 1621; x_wconf 85' lang='lat' dir='ltr'><strong>que</strong></span> <span class='ocrx_word' id='word_1_272' title='bbox 225 1590 258 1611; x_wconf 85' lang='lat' dir='ltr'><strong>se</strong></span> <span class='ocrx_word' id='word_1_273' title='bbox 273 1581 408 1618; x_wconf 86' lang='lat' dir='ltr'><strong>tradant,</strong></span> <span class='ocrx_word' id='word_1_274' title='bbox 425 1581 542 1613; x_wconf 90' lang='lat' dir='ltr'><strong>bonum</strong></span> <span class='ocrx_word' id='word_1_275' title='bbox 557 1582 659 1624; x_wconf 89' lang='lat' dir='ltr'><strong>ipsum</strong></span> <span class='ocrx_word' id='word_1_276' title='bbox 682 1583 911 1623; x_wconf 84' lang='lat' dir='ltr'><strong>honestumque</strong></span> <span class='ocrx_word' id='word_1_277' title='bbox 935 1584 1102 1622; x_wconf 85' lang='lat' dir='ltr'><strong>sequentes</strong></span> <span class='ocrx_word' id='word_1_278' title='bbox 1123 1579 1231 1610; x_wconf 87' lang='lat' dir='ltr'><strong>dolore</strong></span> <span class='ocrx_word' id='word_1_279' title='bbox 1246 1582 1441 1619; x_wconf 87' lang='lat' dir='ltr'><strong>contempto.</strong></span> <span class='ocrx_word' id='word_1_280' title='bbox 1464 1578 1570 1620; x_wconf 87' lang='lat' dir='ltr'><strong>itaque</strong></span> <span class='ocrx_word' id='word_1_281' title='bbox 1587 1579 1616 1610; x_wconf 87' lang='lat' dir='ltr'><strong>si</strong></span> 
     </span>
     <span class='ocr_line' id='line_1_25' title="bbox 144 1632 1613 1676; baseline 0.001 -13"><span class='ocrx_word' id='word_1_282' title='bbox 144 1633 323 1665; x_wconf 79' lang='lat' dir='ltr'><strong>verberibus</strong></span> <span class='ocrx_word' id='word_1_283' title='bbox 338 1634 436 1676; x_wconf 82' lang='lat' dir='ltr'><strong>digna</strong></span> <span class='ocrx_word' id='word_1_284' title='bbox 462 1636 682 1674; x_wconf 87' lang='lat' dir='ltr'><strong>commiserint,</strong></span> <span class='ocrx_word' id='word_1_285' title='bbox 708 1636 917 1667; x_wconf 82' lang='lat' dir='ltr'><strong>verberandos</strong></span> <span class='ocrx_word' id='word_1_286' title='bbox 934 1645 1002 1666; x_wconf 86' lang='lat' dir='ltr'><strong>sese</strong></span> <span class='ocrx_word' id='word_1_287' title='bbox 1019 1634 1160 1665; x_wconf 84' lang='lat' dir='ltr'><strong>tradant:</strong></span> <span class='ocrx_word' id='word_1_288' title='bbox 1185 1633 1211 1664; x_wconf 84' lang='lat' dir='ltr'><strong>si</strong></span> <span class='ocrx_word' id='word_1_289' title='bbox 1238 1633 1382 1670; x_wconf 86' lang='lat' dir='ltr'><strong>vinculis,</strong></span> <span class='ocrx_word' id='word_1_290' title='bbox 1405 1632 1613 1665; x_wconf 79' lang='lat' dir='ltr'><strong>vinciendos:</strong></span> 
     </span>
     <span class='ocr_line' id='line_1_26' title="bbox 147 1686 1615 1731; baseline 0 -13"><span class='ocrx_word' id='word_1_291' title='bbox 147 1686 174 1718; x_wconf 73' lang='lat' dir='ltr'><strong>si</strong></span> <span class='ocrx_word' id='word_1_292' title='bbox 190 1687 319 1730; x_wconf 85' lang='lat' dir='ltr'><strong>mulcta,</strong></span> <span class='ocrx_word' id='word_1_293' title='bbox 335 1688 532 1720; x_wconf 80' lang='lat' dir='ltr'><strong>mulctandos</strong></span> <span class='ocrx_word' id='word_1_294' title='bbox 547 1700 555 1720; x_wconf 71' lang='grc' dir='ltr'>ι</span> <span class='ocrx_word' id='word_1_295' title='bbox 578 1690 604 1721; x_wconf 86' lang='lat' dir='ltr'><strong>si</strong></span> <span class='ocrx_word' id='word_1_296' title='bbox 619 1689 742 1731; x_wconf 86' lang='lat' dir='ltr'><strong>exsilio,</strong></span> <span class='ocrx_word' id='word_1_297' title='bbox 758 1689 983 1731; x_wconf 87' lang='lat' dir='ltr'><strong>expellendos:</strong></span> <span class='ocrx_word' id='word_1_298' title='bbox 1008 1688 1034 1719; x_wconf 85' lang='lat' dir='ltr'><strong>si</strong></span> <span class='ocrx_word' id='word_1_299' title='bbox 1057 1698 1147 1724; x_wconf 85' lang='lat' dir='ltr'><strong>nece,</strong></span> <span class='ocrx_word' id='word_1_300' title='bbox 1163 1687 1335 1718; x_wconf 85' lang='lat' dir='ltr'><strong>necandos.</strong></span> <span class='ocrx_word' id='word_1_301' title='bbox 1358 1697 1421 1728; x_wconf 88' lang='lat' dir='ltr'><strong>qua</strong></span> <span class='ocrx_word' id='word_1_302' title='bbox 1436 1687 1564 1729; x_wconf 83' lang='lat' dir='ltr'><strong>quidem</strong></span> <span class='ocrx_word' id='word_1_303' title='bbox 1580 1688 1615 1719; x_wconf 87' lang='lat' dir='ltr'><strong>in</strong></span> 
     </span>
     <span class='ocr_line' id='line_1_27' title="bbox 146 1741 1614 1785; baseline 0.001 -13"><span class='ocrx_word' id='word_1_304' title='bbox 146 1751 179 1772; x_wconf 87' lang='lat' dir='ltr'><strong>re</strong></span> <span class='ocrx_word' id='word_1_305' title='bbox 193 1742 409 1784; x_wconf 84' lang='lat' dir='ltr'><strong>unusquisque</strong></span> <span class='ocrx_word' id='word_1_306' title='bbox 424 1743 471 1774; x_wconf 87' lang='lat' dir='ltr'><strong>sui</strong></span> <span class='ocrx_word' id='word_1_307' title='bbox 487 1743 583 1785; x_wconf 86' lang='lat' dir='ltr'><strong>ipsius</strong></span> <span class='ocrx_word' id='word_1_308' title='bbox 604 1744 644 1774; x_wconf 86' lang='lat' dir='ltr'><strong>sit</strong></span> <span class='ocrx_word' id='word_1_309' title='bbox 659 1754 848 1785; x_wconf 78' lang='lat' dir='ltr'><strong>suorumque</strong></span> <span class='ocrx_word' id='word_1_310' title='bbox 864 1747 1025 1775; x_wconf 86' lang='lat' dir='ltr'><strong>accusator</strong></span> <span class='ocrx_word' id='word_1_311' title='bbox 1039 1754 1046 1773; x_wconf 91' lang='lat'><strong>:</strong></span> <span class='ocrx_word' id='word_1_312' title='bbox 1070 1747 1165 1784; x_wconf 83' lang='lat' dir='ltr'><strong>atque</strong></span> <span class='ocrx_word' id='word_1_313' title='bbox 1181 1743 1220 1772; x_wconf 90' lang='lat' dir='ltr'><strong>ad</strong></span> <span class='ocrx_word' id='word_1_314' title='bbox 1237 1742 1297 1772; x_wconf 89' lang='lat' dir='ltr'><strong>hoc</strong></span> <span class='ocrx_word' id='word_1_315' title='bbox 1312 1741 1446 1772; x_wconf 82' lang='lat' dir='ltr'><strong>oratoria</strong></span> <span class='ocrx_word' id='word_1_316' title='bbox 1463 1741 1614 1773; x_wconf 83' lang='lat' dir='ltr'><strong>facultate</strong></span> 
     </span>
     <span class='ocr_line' id='line_1_28' title="bbox 146 1794 1614 1839; baseline 0.001 -13"><span class='ocrx_word' id='word_1_317' title='bbox 146 1800 262 1833; x_wconf 84' lang='lat' dir='ltr'><strong>utatur,</strong></span> <span class='ocrx_word' id='word_1_318' title='bbox 279 1802 314 1827; x_wconf 90' lang='lat' dir='ltr'><strong>ut</strong></span> <span class='ocrx_word' id='word_1_319' title='bbox 328 1797 493 1838; x_wconf 84' lang='lat' dir='ltr'><strong>patefactis</strong></span> <span class='ocrx_word' id='word_1_320' title='bbox 518 1797 639 1839; x_wconf 82' lang='lat' dir='ltr'><strong>injuriis</strong></span> <span class='ocrx_word' id='word_1_321' title='bbox 665 1808 684 1829; x_wconf 86' lang='lat' dir='ltr'><strong>a</strong></span> <span class='ocrx_word' id='word_1_322' title='bbox 708 1798 841 1829; x_wconf 84' lang='lat' dir='ltr'><strong>maximo</strong></span> <span class='ocrx_word' id='word_1_323' title='bbox 856 1796 1021 1839; x_wconf 68' lang='lat' dir='ltr'><strong>injustitiae</strong></span> <span class='ocrx_word' id='word_1_324' title='bbox 1038 1796 1120 1827; x_wconf 87' lang='lat' dir='ltr'><strong>malo</strong></span> <span class='ocrx_word' id='word_1_325' title='bbox 1143 1795 1313 1827; x_wconf 80' lang='lat' dir='ltr'><strong>solvantur.</strong></span> <span class='ocrx_word' id='word_1_326' title='bbox 1358 1794 1462 1832; x_wconf 84' lang='lat' dir='ltr'><strong>Itane,</strong></span> <span class='ocrx_word' id='word_1_327' title='bbox 1485 1806 1504 1826; x_wconf 90' lang='lat' dir='ltr'><strong>o</strong></span> <span class='ocrx_word' id='word_1_328' title='bbox 1522 1795 1614 1833; x_wconf 86' lang='lat' dir='ltr'><strong>Pole,</strong></span> 
     </span>
     <span class='ocr_line' id='line_1_29' title="bbox 147 1849 1614 1894; baseline 0 -14"><span class='ocrx_word' id='word_1_329' title='bbox 147 1859 187 1880; x_wconf 82' lang='lat' dir='ltr'><strong>an</strong></span> <span class='ocrx_word' id='word_1_330' title='bbox 202 1849 292 1882; x_wconf 86' lang='lat' dir='ltr'><strong>aliter</strong></span> <span class='ocrx_word' id='word_1_331' title='bbox 305 1850 462 1882; x_wconf 81' lang='lat' dir='ltr'><strong>dicimus?</strong></span> <span class='ocrx_word' id='word_1_332' title='bbox 507 1852 592 1884; x_wconf 80' lang='lat' dir='ltr'><strong>Por..</strong></span> <span class='ocrx_word' id='word_1_333' title='bbox 615 1851 761 1884; x_wconf 88' lang='lat' dir='ltr'><strong>Absurda</strong></span> <span class='ocrx_word' id='word_1_334' title='bbox 777 1853 904 1894; x_wconf 88' lang='lat' dir='ltr'><strong>quidem</strong></span> <span class='ocrx_word' id='word_1_335' title='bbox 922 1852 992 1889; x_wconf 83' lang='lat' dir='ltr'><strong>ista,</strong></span> <span class='ocrx_word' id='word_1_336' title='bbox 1008 1862 1027 1882; x_wconf 92' lang='grc' dir='ltr'>ο</span> <span class='ocrx_word' id='word_1_337' title='bbox 1054 1851 1211 1891; x_wconf 80' lang='lat' dir='ltr'><strong>Socrates,</strong></span> <span class='ocrx_word' id='word_1_338' title='bbox 1224 1849 1301 1880; x_wconf 82' lang='lat' dir='ltr'><strong>milri</strong></span> <span class='ocrx_word' id='word_1_339' title='bbox 1315 1849 1477 1880; x_wconf 86' lang='lat' dir='ltr'><strong>videntur:</strong></span> <span class='ocrx_word' id='word_1_340' title='bbox 1503 1860 1614 1880; x_wconf 85' lang='lat' dir='ltr'><strong>verun-</strong></span> 
     </span>
     <span class='ocr_line' id='line_1_30' title="bbox 147 1903 1616 1948; baseline 0 -15"><span class='ocrx_word' id='word_1_341' title='bbox 147 1907 251 1934; x_wconf 85' lang='lat' dir='ltr'><strong>tamen</strong></span> <span class='ocrx_word' id='word_1_342' title='bbox 267 1904 324 1935; x_wconf 82' lang='lat' dir='ltr'><strong>tibi</strong></span> <span class='ocrx_word' id='word_1_343' title='bbox 339 1905 418 1936; x_wconf 80' lang='lat' dir='ltr'><strong>forte</strong></span> <span class='ocrx_word' id='word_1_344' title='bbox 433 1906 642 1948; x_wconf 87' lang='lat' dir='ltr'><strong>superioribus</strong></span> <span class='ocrx_word' id='word_1_345' title='bbox 658 1911 843 1938; x_wconf 83' lang='lat' dir='ltr'><strong>consonant.</strong></span> <span class='ocrx_word' id='word_1_346' title='bbox 888 1905 945 1936; x_wconf 91' lang='lat' dir='ltr'><strong>So.</strong></span> <span class='ocrx_word' id='word_1_347' title='bbox 970 1904 1086 1936; x_wconf 84' lang='lat' dir='ltr'><strong>Nonne</strong></span> <span class='ocrx_word' id='word_1_348' title='bbox 1102 1908 1156 1935; x_wconf 87' lang='lat' dir='ltr'><strong>aut</strong></span> <span class='ocrx_word' id='word_1_349' title='bbox 1170 1903 1328 1945; x_wconf 84' lang='lat' dir='ltr'><strong>superiora</strong></span> <span class='ocrx_word' id='word_1_350' title='bbox 1338 1903 1394 1934; x_wconf 86' lang='lat' dir='ltr'><strong>illa</strong></span> <span class='ocrx_word' id='word_1_351' title='bbox 1406 1903 1616 1934; x_wconf 86' lang='lat' dir='ltr'><strong>dissolvantur</strong></span> 
     </span>
     <span class='ocr_line' id='line_1_31' title="bbox 147 1956 1616 2001; baseline 0.001 -14"><span class='ocrx_word' id='word_1_352' title='bbox 147 1962 283 1998; x_wconf 80' lang='lat' dir='ltr'><strong>oportet,</strong></span> <span class='ocrx_word' id='word_1_353' title='bbox 314 1963 369 1989; x_wconf 84' lang='lat' dir='ltr'><strong>aut</strong></span> <span class='ocrx_word' id='word_1_354' title='bbox 393 1959 461 1991; x_wconf 82' lang='lat' dir='ltr'><strong>haec</strong></span> <span class='ocrx_word' id='word_1_355' title='bbox 485 1959 649 2001; x_wconf 82' lang='lat' dir='ltr'><strong>sequentia</strong></span> <span class='ocrx_word' id='word_1_356' title='bbox 671 1959 908 1991; x_wconf 82' lang='lat' dir='ltr'><strong>concedantur?</strong></span> <span class='ocrx_word' id='word_1_357' title='bbox 954 1958 1039 1990; x_wconf 86' lang='lat' dir='ltr'><strong>P01..</strong></span> <span class='ocrx_word' id='word_1_358' title='bbox 1063 1958 1115 1989; x_wconf 81' lang='lat' dir='ltr'><strong>Ita</strong></span> <span class='ocrx_word' id='word_1_359' title='bbox 1138 1968 1171 1989; x_wconf 88' lang='lat' dir='ltr'><strong>se</strong></span> <span class='ocrx_word' id='word_1_360' title='bbox 1196 1968 1244 1989; x_wconf 83' lang='lat' dir='ltr'><strong>res</strong></span> <span class='ocrx_word' id='word_1_361' title='bbox 1265 1958 1370 1989; x_wconf 87' lang='lat' dir='ltr'><strong>habet.</strong></span> <span class='ocrx_word' id='word_1_362' title='bbox 1417 1956 1474 1988; x_wconf 83' lang='lat' dir='ltr'><strong>So.</strong></span> <span class='ocrx_word' id='word_1_363' title='bbox 1498 1958 1616 1989; x_wconf 81' lang='lat' dir='ltr'><strong>Contra</strong></span> 
     </span>
     <span class='ocr_line' id='line_1_32' title="bbox 146 2010 1616 2055; baseline 0.001 -14"><span class='ocrx_word' id='word_1_364' title='bbox 146 2021 218 2042; x_wconf 87' lang='lat' dir='ltr'><strong>vero</strong></span> <span class='ocrx_word' id='word_1_365' title='bbox 232 2013 419 2053; x_wconf 82' lang='lat' dir='ltr'><strong>reputando,</strong></span> <span class='ocrx_word' id='word_1_366' title='bbox 437 2013 462 2044; x_wconf 85' lang='lat' dir='ltr'><strong>si</strong></span> <span class='ocrx_word' id='word_1_367' title='bbox 477 2014 571 2045; x_wconf 83' lang='lat' dir='ltr'><strong>alicui</strong></span> <span class='ocrx_word' id='word_1_368' title='bbox 587 2013 772 2045; x_wconf 80' lang='lat' dir='ltr'><strong>malefacere</strong></span> <span class='ocrx_word' id='word_1_369' title='bbox 788 2017 925 2055; x_wconf 83' lang='lat' dir='ltr'><strong>oportet,</strong></span> <span class='ocrx_word' id='word_1_370' title='bbox 941 2012 1005 2044; x_wconf 88' lang='lat' dir='ltr'><strong>sive</strong></span> <span class='ocrx_word' id='word_1_371' title='bbox 1018 2012 1144 2044; x_wconf 86' lang='lat' dir='ltr'><strong>inimico</strong></span> <span class='ocrx_word' id='word_1_372' title='bbox 1161 2012 1225 2042; x_wconf 90' lang='lat' dir='ltr'><strong>sive</strong></span> <span class='ocrx_word' id='word_1_373' title='bbox 1241 2011 1292 2042; x_wconf 81' lang='lat' dir='ltr'><strong>alii</strong></span> <span class='ocrx_word' id='word_1_374' title='bbox 1307 2010 1457 2052; x_wconf 80' lang='lat' dir='ltr'><strong>cuipiam,</strong></span> <span class='ocrx_word' id='word_1_375' title='bbox 1473 2011 1505 2042; x_wconf 93' lang='lat' dir='ltr'><strong>id</strong></span> <span class='ocrx_word' id='word_1_376' title='bbox 1524 2012 1616 2043; x_wconf 90' lang='lat' dir='ltr'><strong>dum-</strong></span> 
     </span>
     <span class='ocr_line' id='line_1_33' title="bbox 145 2064 1612 2109; baseline -0.001 -14"><span class='ocrx_word' id='word_1_377' title='bbox 145 2068 231 2096; x_wconf 82' lang='lat' dir='ltr'><strong>taxat</strong></span> <span class='ocrx_word' id='word_1_378' title='bbox 243 2067 419 2098; x_wconf 83' lang='lat' dir='ltr'><strong>cavendum</strong></span> <span class='ocrx_word' id='word_1_379' title='bbox 434 2072 493 2105; x_wconf 85' lang='lat' dir='ltr'><strong>est,</strong></span> <span class='ocrx_word' id='word_1_380' title='bbox 509 2079 548 2099; x_wconf 85' lang='lat' dir='ltr'><strong>ne</strong></span> <span class='ocrx_word' id='word_1_381' title='bbox 564 2068 632 2109; x_wconf 86' lang='lat' dir='ltr'><strong>ipse</strong></span> <span class='ocrx_word' id='word_1_382' title='bbox 647 2068 687 2099; x_wconf 89' lang='lat' dir='ltr'><strong>ab</strong></span> <span class='ocrx_word' id='word_1_383' title='bbox 703 2068 879 2099; x_wconf 85' lang='lat' dir='ltr'><strong>adversario</strong></span> <span class='ocrx_word' id='word_1_384' title='bbox 895 2066 1040 2108; x_wconf 87' lang='lat' dir='ltr'><strong>injuriam</strong></span> <span class='ocrx_word' id='word_1_385' title='bbox 1069 2066 1226 2108; x_wconf 85' lang='lat' dir='ltr'><strong>patiatur:</strong></span> <span class='ocrx_word' id='word_1_386' title='bbox 1251 2076 1288 2097; x_wconf 90' lang='lat' dir='ltr'><strong>ac</strong></span> <span class='ocrx_word' id='word_1_387' title='bbox 1317 2066 1343 2096; x_wconf 90' lang='lat' dir='ltr'><strong>si</strong></span> <span class='ocrx_word' id='word_1_388' title='bbox 1371 2065 1440 2096; x_wconf 85' lang='lat' dir='ltr'><strong>aliis</strong></span> <span class='ocrx_word' id='word_1_389' title='bbox 1467 2064 1612 2106; x_wconf 86' lang='lat' dir='ltr'><strong>injuriam</strong></span> 
     </span>
     <span class='ocr_line' id='line_1_34' title="bbox 145 2118 1615 2163; baseline 0 -14"><span class='ocrx_word' id='word_1_390' title='bbox 145 2118 242 2150; x_wconf 79' lang='lat' dir='ltr'><strong>feceri</strong></span> <span class='ocrx_word' id='word_1_391' title='bbox 265 2119 424 2163; x_wconf 85' lang='lat' dir='ltr'><strong>inimicus,</strong></span> <span class='ocrx_word' id='word_1_392' title='bbox 448 2121 536 2152; x_wconf 89' lang='lat' dir='ltr'><strong>omni</strong></span> <span class='ocrx_word' id='word_1_393' title='bbox 557 2121 661 2153; x_wconf 89' lang='lat' dir='ltr'><strong>studio</strong></span> <span class='ocrx_word' id='word_1_394' title='bbox 678 2121 907 2163; x_wconf 85' lang='lat' dir='ltr'><strong>providendum</strong></span> <span class='ocrx_word' id='word_1_395' title='bbox 922 2128 970 2152; x_wconf 86' lang='lat' dir='ltr'><strong>est</strong></span> <span class='ocrx_word' id='word_1_396' title='bbox 985 2126 1017 2152; x_wconf 89' lang='lat' dir='ltr'><strong>et</strong></span> <span class='ocrx_word' id='word_1_397' title='bbox 1030 2120 1130 2151; x_wconf 85' lang='lat' dir='ltr'><strong>verbis</strong></span> <span class='ocrx_word' id='word_1_398' title='bbox 1145 2125 1178 2151; x_wconf 90' lang='lat' dir='ltr'><strong>et</strong></span> <span class='ocrx_word' id='word_1_399' title='bbox 1193 2120 1351 2161; x_wconf 87' lang='lat' dir='ltr'><strong>operibus,</strong></span> <span class='ocrx_word' id='word_1_400' title='bbox 1367 2130 1408 2150; x_wconf 89' lang='lat' dir='ltr'><strong>ne</strong></span> <span class='ocrx_word' id='word_1_401' title='bbox 1424 2120 1491 2150; x_wconf 85' lang='lat' dir='ltr'><strong>luat</strong></span> <span class='ocrx_word' id='word_1_402' title='bbox 1507 2129 1615 2160; x_wconf 84' lang='lat' dir='ltr'><strong>poenas</strong></span> 
     </span>
     <span class='ocr_line' id='line_1_35' title="bbox 147 2171 1614 2217; baseline -0.001 -13"><span class='ocrx_word' id='word_1_403' title='bbox 147 2171 245 2215; x_wconf 74' lang='lat'>[481]</span> <span class='ocrx_word' id='word_1_404' title='bbox 268 2184 348 2205; x_wconf 82' lang='lat' dir='ltr'><strong>neve</strong></span> <span class='ocrx_word' id='word_1_405' title='bbox 364 2175 501 2206; x_wconf 82' lang='lat' dir='ltr'><strong>trahatur</strong></span> <span class='ocrx_word' id='word_1_406' title='bbox 524 2176 564 2207; x_wconf 88' lang='lat' dir='ltr'><strong>ad</strong></span> <span class='ocrx_word' id='word_1_407' title='bbox 581 2175 745 2217; x_wconf 85' lang='lat' dir='ltr'><strong>judicem:</strong></span> <span class='ocrx_word' id='word_1_408' title='bbox 769 2186 806 2207; x_wconf 89' lang='lat' dir='ltr'><strong>ac</strong></span> <span class='ocrx_word' id='word_1_409' title='bbox 829 2175 854 2206; x_wconf 83' lang='lat' dir='ltr'><strong>si</strong></span> <span class='ocrx_word' id='word_1_410' title='bbox 878 2176 1026 2212; x_wconf 85' lang='lat' dir='ltr'><strong>trahatur,</strong></span> <span class='ocrx_word' id='word_1_411' title='bbox 1053 2175 1310 2207; x_wconf 79' lang='lat' dir='ltr'><strong>contendendum</strong></span> <span class='ocrx_word' id='word_1_412' title='bbox 1336 2178 1395 2210; x_wconf 87' lang='lat' dir='ltr'><strong>est,</strong></span> <span class='ocrx_word' id='word_1_413' title='bbox 1410 2177 1446 2204; x_wconf 90' lang='lat' dir='ltr'><strong>ut</strong></span> <span class='ocrx_word' id='word_1_414' title='bbox 1468 2173 1614 2204; x_wconf 83' lang='lat' dir='ltr'><strong>inimicus</strong></span> 
     </span>
     <span class='ocr_line' id='line_1_36' title="bbox 149 2227 1616 2271; baseline 0 -14"><span class='ocrx_word' id='word_1_415' title='bbox 149 2227 264 2258; x_wconf 76' lang='lat' dir='ltr'><strong>evadat</strong></span> <span class='ocrx_word' id='word_1_416' title='bbox 279 2238 338 2260; x_wconf 84' lang='lat' dir='ltr'><strong>nec</strong></span> <span class='ocrx_word' id='word_1_417' title='bbox 353 2228 501 2270; x_wconf 85' lang='lat' dir='ltr'><strong>puniatur</strong></span> <span class='ocrx_word' id='word_1_418' title='bbox 517 2241 526 2262; x_wconf 72' lang='grc' dir='ltr'>ι</span> <span class='ocrx_word' id='word_1_419' title='bbox 548 2230 643 2262; x_wconf 86' lang='lat' dir='ltr'><strong>immo</strong></span> <span class='ocrx_word' id='word_1_420' title='bbox 658 2230 722 2262; x_wconf 86' lang='lat' dir='ltr'><strong>sive</strong></span> <span class='ocrx_word' id='word_1_421' title='bbox 737 2241 846 2261; x_wconf 88' lang='lat' dir='ltr'><strong>aurum</strong></span> <span class='ocrx_word' id='word_1_422' title='bbox 863 2230 995 2260; x_wconf 88' lang='lat' dir='ltr'><strong>multum</strong></span> <span class='ocrx_word' id='word_1_423' title='bbox 1009 2230 1158 2271; x_wconf 81' lang='lat' dir='ltr'><strong>rapuerit,</strong></span> <span class='ocrx_word' id='word_1_424' title='bbox 1172 2233 1208 2260; x_wconf 88' lang='lat' dir='ltr'><strong>ut</strong></span> <span class='ocrx_word' id='word_1_425' title='bbox 1223 2238 1287 2259; x_wconf 88' lang='lat' dir='ltr'><strong>non</strong></span> <span class='ocrx_word' id='word_1_426' title='bbox 1302 2227 1454 2264; x_wconf 80' lang='lat' dir='ltr'><strong>restituat,</strong></span> <span class='ocrx_word' id='word_1_427' title='bbox 1470 2227 1523 2258; x_wconf 90' lang='lat' dir='ltr'><strong>sed</strong></span> <span class='ocrx_word' id='word_1_428' title='bbox 1542 2238 1616 2269; x_wconf 89' lang='lat' dir='ltr'><strong>pos-</strong></span> 
     </span>
     <span class='ocr_line' id='line_1_37' title="bbox 148 2278 1617 2326; baseline 0.001 -16"><span class='ocrx_word' id='word_1_429' title='bbox 148 2278 252 2311; x_wconf 83' lang='lat' dir='ltr'><strong>sidens</strong></span> <span class='ocrx_word' id='word_1_430' title='bbox 267 2280 334 2323; x_wconf 83' lang='lat' dir='ltr'><strong>ipse</strong></span> <span class='ocrx_word' id='word_1_431' title='bbox 349 2281 381 2312; x_wconf 87' lang='lat' dir='ltr'><strong>in</strong></span> <span class='ocrx_word' id='word_1_432' title='bbox 397 2292 430 2313; x_wconf 88' lang='lat' dir='ltr'><strong>se</strong></span> <span class='ocrx_word' id='word_1_433' title='bbox 444 2287 540 2324; x_wconf 86' lang='lat' dir='ltr'><strong>atque</strong></span> <span class='ocrx_word' id='word_1_434' title='bbox 564 2293 637 2314; x_wconf 88' lang='lat' dir='ltr'><strong>suos</strong></span> <span class='ocrx_word' id='word_1_435' title='bbox 659 2282 778 2325; x_wconf 88' lang='lat' dir='ltr'><strong>injuste</strong></span> <span class='ocrx_word' id='word_1_436' title='bbox 793 2284 952 2326; x_wconf 86' lang='lat' dir='ltr'><strong>impieque</strong></span> <span class='ocrx_word' id='word_1_437' title='bbox 967 2283 1152 2325; x_wconf 88' lang='lat' dir='ltr'><strong>dispertiat:</strong></span> <span class='ocrx_word' id='word_1_438' title='bbox 1177 2282 1243 2313; x_wconf 86' lang='lat' dir='ltr'><strong>sive</strong></span> <span class='ocrx_word' id='word_1_439' title='bbox 1259 2285 1357 2312; x_wconf 85' lang='lat' dir='ltr'><strong>morte</strong></span> <span class='ocrx_word' id='word_1_440' title='bbox 1373 2281 1470 2322; x_wconf 85' lang='lat' dir='ltr'><strong>digna</strong></span> <span class='ocrx_word' id='word_1_441' title='bbox 1484 2280 1617 2311; x_wconf 87' lang='lat' dir='ltr'><strong>commi·-</strong></span> 
     </span>
     <span class='ocr_line' id='line_1_38' title="bbox 148 2334 1613 2380; baseline 0.001 -16"><span class='ocrx_word' id='word_1_442' title='bbox 148 2334 233 2372; x_wconf 68' lang='lat' dir='ltr'><strong>uerit,</strong></span> <span class='ocrx_word' id='word_1_443' title='bbox 258 2345 299 2366; x_wconf 86' lang='lat' dir='ltr'><strong>ne</strong></span> <span class='ocrx_word' id='word_1_444' title='bbox 322 2337 468 2368; x_wconf 84' lang='lat' dir='ltr'><strong>moriatur</strong></span> <span class='ocrx_word' id='word_1_445' title='bbox 491 2348 641 2380; x_wconf 90' lang='lat' dir='ltr'><strong>unquam,</strong></span> <span class='ocrx_word' id='word_1_446' title='bbox 657 2338 683 2369; x_wconf 87' lang='lat' dir='ltr'><strong>si</strong></span> <span class='ocrx_word' id='word_1_447' title='bbox 709 2338 775 2370; x_wconf 87' lang='lat' dir='ltr'><strong>fieri</strong></span> <span class='ocrx_word' id='word_1_448' title='bbox 796 2342 912 2379; x_wconf 87' lang='lat' dir='ltr'><strong>potest,</strong></span> <span class='ocrx_word' id='word_1_449' title='bbox 941 2337 995 2368; x_wconf 86' lang='lat' dir='ltr'><strong>sed</strong></span> <span class='ocrx_word' id='word_1_450' title='bbox 1013 2336 1194 2367; x_wconf 87' lang='lat' dir='ltr'><strong>immortalis</strong></span> <span class='ocrx_word' id='word_1_451' title='bbox 1222 2335 1263 2366; x_wconf 88' lang='lat' dir='ltr'><strong>sit</strong></span> <span class='ocrx_word' id='word_1_452' title='bbox 1288 2335 1407 2366; x_wconf 85' lang='lat' dir='ltr'><strong>malus:</strong></span> <span class='ocrx_word' id='word_1_453' title='bbox 1431 2334 1481 2365; x_wconf 85' lang='lat' dir='ltr'><strong>sin</strong></span> <span class='ocrx_word' id='word_1_454' title='bbox 1507 2341 1613 2366; x_wconf 84' lang='lat' dir='ltr'><strong>autem</strong></span> 
     </span>
     <span class='ocr_line' id='line_1_39' title="bbox 149 2387 1616 2433; baseline -0.001 -14"><span class='ocrx_word' id='word_1_455' title='bbox 149 2387 250 2420; x_wconf 85' lang='lat' dir='ltr'><strong>minus</strong></span> <span class='ocrx_word' id='word_1_456' title='bbox 266 2389 299 2420; x_wconf 89' lang='lat' dir='ltr'><strong>id</strong></span> <span class='ocrx_word' id='word_1_457' title='bbox 314 2389 380 2421; x_wconf 88' lang='lat' dir='ltr'><strong>fieri</strong></span> <span class='ocrx_word' id='word_1_458' title='bbox 402 2395 518 2432; x_wconf 83' lang='lat' dir='ltr'><strong>potest,</strong></span> <span class='ocrx_word' id='word_1_459' title='bbox 540 2392 650 2423; x_wconf 87' lang='lat' dir='ltr'><strong>saltem</strong></span> <span class='ocrx_word' id='word_1_460' title='bbox 675 2397 709 2423; x_wconf 90' lang='lat' dir='ltr'><strong>ut</strong></span> <span class='ocrx_word' id='word_1_461' title='bbox 730 2393 775 2424; x_wconf 87' lang='lat' dir='ltr'><strong>sic</strong></span> <span class='ocrx_word' id='word_1_462' title='bbox 800 2392 932 2424; x_wconf 82' lang='lat' dir='ltr'><strong>affectus</strong></span> <span class='ocrx_word' id='word_1_463' title='bbox 960 2391 1129 2433; x_wconf 86' lang='lat' dir='ltr'><strong>plurimum</strong></span> <span class='ocrx_word' id='word_1_464' title='bbox 1155 2395 1279 2431; x_wconf 83' lang='lat' dir='ltr'><strong>tempus</strong></span> <span class='ocrx_word' id='word_1_465' title='bbox 1294 2389 1388 2420; x_wconf 86' lang='lat' dir='ltr'><strong>vivat.</strong></span> <span class='ocrx_word' id='word_1_466' title='bbox 1432 2388 1484 2420; x_wconf 90' lang='lat' dir='ltr'><strong>Ad</strong></span> <span class='ocrx_word' id='word_1_467' title='bbox 1502 2389 1567 2419; x_wconf 83' lang='lat' dir='ltr'><strong>liaec</strong></span> <span class='ocrx_word' id='word_1_468' title='bbox 1583 2393 1616 2420; x_wconf 82' lang='lat' dir='ltr'><strong>et</strong></span> 
     </span>
     <span class='ocr_line' id='line_1_40' title="bbox 148 2441 1614 2488; baseline 0.001 -16"><span class='ocrx_word' id='word_1_469' title='bbox 148 2441 330 2482; x_wconf 82' lang='lat' dir='ltr'><strong>hujusmodi</strong></span> <span class='ocrx_word' id='word_1_470' title='bbox 345 2444 421 2475; x_wconf 82' lang='lat' dir='ltr'><strong>mihi</strong></span> <span class='ocrx_word' id='word_1_471' title='bbox 435 2444 570 2488; x_wconf 83' lang='lat' dir='ltr'><strong>videtur,</strong></span> <span class='ocrx_word' id='word_1_472' title='bbox 586 2456 605 2477; x_wconf 91' lang='grc' dir='ltr'>ο</span> <span class='ocrx_word' id='word_1_473' title='bbox 621 2445 711 2483; x_wconf 90' lang='lat' dir='ltr'><strong>Pole,</strong></span> <span class='ocrx_word' id='word_1_474' title='bbox 726 2446 866 2477; x_wconf 83' lang='lat' dir='ltr'><strong>conferre</strong></span> <span class='ocrx_word' id='word_1_475' title='bbox 884 2446 1046 2476; x_wconf 83' lang='lat' dir='ltr'><strong>rhetorica.</strong></span> <span class='ocrx_word' id='word_1_476' title='bbox 1070 2444 1116 2474; x_wconf 88' lang='lat' dir='ltr'><strong>illi</strong></span> <span class='ocrx_word' id='word_1_477' title='bbox 1132 2454 1216 2482; x_wconf 88' lang='lat' dir='ltr'><strong>vero,</strong></span> <span class='ocrx_word' id='word_1_478' title='bbox 1236 2443 1293 2485; x_wconf 89' lang='lat' dir='ltr'><strong>qui</strong></span> <span class='ocrx_word' id='word_1_479' title='bbox 1318 2453 1382 2475; x_wconf 86' lang='lat' dir='ltr'><strong>non</strong></span> <span class='ocrx_word' id='word_1_480' title='bbox 1409 2443 1450 2474; x_wconf 84' lang='lat' dir='ltr'><strong>sit</strong></span> <span class='ocrx_word' id='word_1_481' title='bbox 1473 2443 1614 2474; x_wconf 83' lang='lat' dir='ltr'><strong>illaturus</strong></span> 
     </span>
     <span class='ocr_line' id='line_1_41' title="bbox 149 2494 1614 2540; baseline 0.001 -15"><span class='ocrx_word' id='word_1_482' title='bbox 149 2494 308 2535; x_wconf 83' lang='lat' dir='ltr'><strong>injuriam,</strong></span> <span class='ocrx_word' id='word_1_483' title='bbox 323 2497 408 2529; x_wconf 86' lang='lat' dir='ltr'><strong>haud</strong></span> <span class='ocrx_word' id='word_1_484' title='bbox 433 2507 546 2540; x_wconf 76' lang='lat' dir='ltr'><strong>magua</strong></span> <span class='ocrx_word' id='word_1_485' title='bbox 567 2498 637 2540; x_wconf 86' lang='lat' dir='ltr'><strong>ejus</strong></span> <span class='ocrx_word' id='word_1_486' title='bbox 662 2509 730 2530; x_wconf 87' lang='lat' dir='ltr'><strong>esse</strong></span> <span class='ocrx_word' id='word_1_487' title='bbox 745 2499 870 2530; x_wconf 89' lang='lat' dir='ltr'><strong>videtur</strong></span> <span class='ocrx_word' id='word_1_488' title='bbox 890 2498 1020 2534; x_wconf 76' lang='lat' dir='ltr'><strong>utilitas,</strong></span> <span class='ocrx_word' id='word_1_489' title='bbox 1036 2498 1062 2528; x_wconf 84' lang='lat' dir='ltr'><strong>si</strong></span> <span class='ocrx_word' id='word_1_490' title='bbox 1087 2498 1181 2528; x_wconf 88' lang='lat' dir='ltr'><strong>modo</strong></span> <span class='ocrx_word' id='word_1_491' title='bbox 1197 2498 1228 2528; x_wconf 88' lang='lat' dir='ltr'><strong>in</strong></span> <span class='ocrx_word' id='word_1_492' title='bbox 1243 2508 1281 2529; x_wconf 87' lang='lat' dir='ltr'><strong>ea</strong></span> <span class='ocrx_word' id='word_1_493' title='bbox 1295 2502 1344 2528; x_wconf 90' lang='lat' dir='ltr'><strong>est</strong></span> <span class='ocrx_word' id='word_1_494' title='bbox 1363 2497 1482 2528; x_wconf 81' lang='lat' dir='ltr'><strong>utilitas</strong></span> <span class='ocrx_word' id='word_1_495' title='bbox 1496 2495 1614 2537; x_wconf 89' lang='lat' dir='ltr'><strong>aliqua.</strong></span> 
     </span>
     <span class='ocr_line' id='line_1_42' title="bbox 149 2549 1616 2594; baseline 0 -15"><span class='ocrx_word' id='word_1_496' title='bbox 149 2559 222 2580; x_wconf 83' lang='lat' dir='ltr'><strong>nam</strong></span> <span class='ocrx_word' id='word_1_497' title='bbox 238 2549 270 2580; x_wconf 91' lang='lat' dir='ltr'><strong>in</strong></span> <span class='ocrx_word' id='word_1_498' title='bbox 285 2550 346 2592; x_wconf 87' lang='lat' dir='ltr'><strong>his,</strong></span> <span class='ocrx_word' id='word_1_499' title='bbox 361 2560 432 2592; x_wconf 78' lang='lat' dir='ltr'><strong>quae</strong></span> <span class='ocrx_word' id='word_1_500' title='bbox 456 2552 597 2593; x_wconf 86' lang='lat' dir='ltr'><strong>superius</strong></span> <span class='ocrx_word' id='word_1_501' title='bbox 612 2553 698 2584; x_wconf 87' lang='lat' dir='ltr'><strong>dicta</strong></span> <span class='ocrx_word' id='word_1_502' title='bbox 718 2558 803 2590; x_wconf 84' lang='lat' dir='ltr'><strong>sunt,</strong></span> <span class='ocrx_word' id='word_1_503' title='bbox 819 2553 906 2583; x_wconf 88' lang='lat' dir='ltr'><strong>nulla</strong></span> <span class='ocrx_word' id='word_1_504' title='bbox 934 2562 1056 2594; x_wconf 84' lang='lat' dir='ltr'><strong>prorsus</strong></span> <span class='ocrx_word' id='word_1_505' title='bbox 1072 2552 1254 2594; x_wconf 82' lang='lat' dir='ltr'><strong>apparebat.</strong></span> <span class='ocrx_word' id='word_1_506' title='bbox 1299 2551 1386 2584; x_wconf 69' lang='lat' dir='ltr'><strong>Cn..</strong></span> <span class='ocrx_word' id='word_1_507' title='bbox 1411 2551 1477 2583; x_wconf 89' lang='lat' dir='ltr'><strong>Dic</strong></span> <span class='ocrx_word' id='word_1_508' title='bbox 1493 2550 1579 2587; x_wconf 81' lang='lat' dir='ltr'><strong>mihi,</strong></span> <span class='ocrx_word' id='word_1_509' title='bbox 1595 2560 1616 2580; x_wconf 88' lang='lat' dir='ltr'><strong>o</strong></span> 
     </span>
     <span class='ocr_line' id='line_1_43' title="bbox 151 2601 1617 2648; baseline 0.001 -15"><span class='ocrx_word' id='word_1_510' title='bbox 151 2601 361 2644; x_wconf 80' lang='lat' dir='ltr'><strong>Chaerephon,</strong></span> <span class='ocrx_word' id='word_1_511' title='bbox 376 2604 497 2636; x_wconf 83' lang='lat' dir='ltr'><strong>serione</strong></span> <span class='ocrx_word' id='word_1_512' title='bbox 512 2606 581 2637; x_wconf 84' lang='lat' dir='ltr'><strong>haec</strong></span> <span class='ocrx_word' id='word_1_513' title='bbox 595 2605 734 2648; x_wconf 88' lang='lat' dir='ltr'><strong>loquitur</strong></span> <span class='ocrx_word' id='word_1_514' title='bbox 747 2606 902 2644; x_wconf 79' lang='lat' dir='ltr'><strong>Socrates,</strong></span> <span class='ocrx_word' id='word_1_515' title='bbox 918 2617 958 2637; x_wconf 84' lang='lat' dir='ltr'><strong>an</strong></span> <span class='ocrx_word' id='word_1_516' title='bbox 967 2606 1117 2648; x_wconf 85' lang='lat' dir='ltr'><strong>jocatur?</strong></span> <span class='ocrx_word' id='word_1_517' title='bbox 1163 2605 1260 2637; x_wconf 60' lang='lat' dir='ltr'><strong>Cum.</strong></span> <span class='ocrx_word' id='word_1_518' title='bbox 1282 2605 1368 2637; x_wconf 88' lang='lat' dir='ltr'><strong>Mihi</strong></span> <span class='ocrx_word' id='word_1_519' title='bbox 1383 2606 1512 2647; x_wconf 85' lang='lat' dir='ltr'><strong>quidem</strong></span> <span class='ocrx_word' id='word_1_520' title='bbox 1529 2605 1617 2635; x_wconf 89' lang='lat' dir='ltr'><strong>vide-</strong></span> 
     </span>
     <span class='ocr_line' id='line_1_44' title="bbox 150 2657 1616 2703; baseline 0.001 -16"><span class='ocrx_word' id='word_1_521' title='bbox 150 2661 213 2697; x_wconf 89' lang='lat' dir='ltr'><strong>tur,</strong></span> <span class='ocrx_word' id='word_1_522' title='bbox 228 2668 247 2688; x_wconf 94' lang='lat' dir='ltr'><strong>o</strong></span> <span class='ocrx_word' id='word_1_523' title='bbox 264 2657 423 2700; x_wconf 84' lang='lat' dir='ltr'><strong>Callicles,</strong></span> <span class='ocrx_word' id='word_1_524' title='bbox 447 2658 557 2690; x_wconf 89' lang='lat' dir='ltr'><strong>mirum</strong></span> <span class='ocrx_word' id='word_1_525' title='bbox 581 2660 614 2691; x_wconf 86' lang='lat' dir='ltr'><strong>in</strong></span> <span class='ocrx_word' id='word_1_526' title='bbox 637 2661 764 2692; x_wconf 89' lang='lat' dir='ltr'><strong>modum</strong></span> <span class='ocrx_word' id='word_1_527' title='bbox 789 2660 876 2703; x_wconf 89' lang='lat' dir='ltr'><strong>loqui</strong></span> <span class='ocrx_word' id='word_1_528' title='bbox 901 2660 994 2694; x_wconf 82' lang='lat' dir='ltr'><strong>serio.</strong></span> <span class='ocrx_word' id='word_1_529' title='bbox 1017 2660 1099 2691; x_wconf 86' lang='lat' dir='ltr'><strong>haud</strong></span> <span class='ocrx_word' id='word_1_530' title='bbox 1118 2664 1222 2691; x_wconf 81' lang='lat' dir='ltr'><strong>tamen</strong></span> <span class='ocrx_word' id='word_1_531' title='bbox 1238 2660 1451 2702; x_wconf 88' lang='lat' dir='ltr'><strong>importunum</strong></span> <span class='ocrx_word' id='word_1_532' title='bbox 1466 2658 1562 2690; x_wconf 87' lang='lat' dir='ltr'><strong>fuerit</strong></span> <span class='ocrx_word' id='word_1_533' title='bbox 1576 2658 1616 2688; x_wconf 87' lang='lat' dir='ltr'><strong>ab</strong></span> 
     </span>
     <span class='ocr_line' id='line_1_45' title="bbox 149 2711 1618 2756; baseline 0.002 -15"><span class='ocrx_word' id='word_1_534' title='bbox 149 2711 219 2752; x_wconf 82' lang='lat' dir='ltr'><strong>ipso</strong></span> <span class='ocrx_word' id='word_1_535' title='bbox 245 2712 410 2754; x_wconf 86' lang='lat' dir='ltr'><strong>requirere.</strong></span> <span class='ocrx_word' id='word_1_536' title='bbox 455 2713 542 2746; x_wconf 75' lang='lat' dir='ltr'><strong>Cn..</strong></span> <span class='ocrx_word' id='word_1_537' title='bbox 566 2714 671 2756; x_wconf 85' lang='lat' dir='ltr'><strong>Cupio</strong></span> <span class='ocrx_word' id='word_1_538' title='bbox 687 2725 743 2756; x_wconf 90' lang='lat' dir='ltr'><strong>per</strong></span> <span class='ocrx_word' id='word_1_539' title='bbox 757 2716 844 2748; x_wconf 88' lang='lat' dir='ltr'><strong>deos.</strong></span> <span class='ocrx_word' id='word_1_540' title='bbox 869 2716 921 2748; x_wconf 88' lang='lat' dir='ltr'><strong>dic</strong></span> <span class='ocrx_word' id='word_1_541' title='bbox 938 2715 1026 2752; x_wconf 87' lang='lat' dir='ltr'><strong>mihi,</strong></span> <span class='ocrx_word' id='word_1_542' title='bbox 1041 2726 1060 2747; x_wconf 88' lang='grc' dir='ltr'>ο</span> <span class='ocrx_word' id='word_1_543' title='bbox 1076 2715 1230 2753; x_wconf 87' lang='lat' dir='ltr'><strong>Socrates,</strong></span> <span class='ocrx_word' id='word_1_544' title='bbox 1245 2719 1348 2746; x_wconf 90' lang='lat' dir='ltr'><strong>utrum</strong></span> <span class='ocrx_word' id='word_1_545' title='bbox 1364 2714 1538 2746; x_wconf 84' lang='lat' dir='ltr'><strong>existimare</strong></span> <span class='ocrx_word' id='word_1_546' title='bbox 1561 2714 1618 2744; x_wconf 86' lang='lat' dir='ltr'><strong>de-</strong></span> 
     </span>
     <span class='ocr_line' id='line_1_46' title="bbox 148 2765 1615 2810; baseline 0.001 -14"><span class='ocrx_word' id='word_1_547' title='bbox 148 2765 276 2796; x_wconf 84' lang='lat' dir='ltr'><strong>beamus</strong></span> <span class='ocrx_word' id='word_1_548' title='bbox 292 2771 322 2797; x_wconf 89' lang='lat' dir='ltr'><strong>te</strong></span> <span class='ocrx_word' id='word_1_549' title='bbox 338 2777 422 2798; x_wconf 88' lang='lat' dir='ltr'><strong>nunc</strong></span> <span class='ocrx_word' id='word_1_550' title='bbox 437 2766 516 2798; x_wconf 90' lang='lat' dir='ltr'><strong>serio</strong></span> <span class='ocrx_word' id='word_1_551' title='bbox 531 2767 631 2809; x_wconf 85' lang='lat' dir='ltr'><strong>loqui,</strong></span> <span class='ocrx_word' id='word_1_552' title='bbox 644 2779 682 2798; x_wconf 82' lang='lat' dir='ltr'><strong>an</strong></span> <span class='ocrx_word' id='word_1_553' title='bbox 694 2768 805 2810; x_wconf 83' lang='lat' dir='ltr'><strong>jocari.</strong></span> <span class='ocrx_word' id='word_1_554' title='bbox 829 2769 853 2800; x_wconf 87' lang='lat' dir='ltr'><strong>si</strong></span> <span class='ocrx_word' id='word_1_555' title='bbox 869 2769 952 2800; x_wconf 88' lang='lat' dir='ltr'><strong>enim</strong></span> <span class='ocrx_word' id='word_1_556' title='bbox 969 2768 1048 2800; x_wconf 87' lang='lat' dir='ltr'><strong>serio</strong></span> <span class='ocrx_word' id='word_1_557' title='bbox 1063 2768 1199 2810; x_wconf 83' lang='lat' dir='ltr'><strong>loqueris</strong></span> <span class='ocrx_word' id='word_1_558' title='bbox 1216 2773 1248 2800; x_wconf 89' lang='lat' dir='ltr'><strong>et</strong></span> <span class='ocrx_word' id='word_1_559' title='bbox 1263 2774 1337 2800; x_wconf 87' lang='lat' dir='ltr'><strong>sunt</strong></span> <span class='ocrx_word' id='word_1_560' title='bbox 1353 2779 1423 2799; x_wconf 72' lang='lat' dir='ltr'><strong>vera</strong></span> <span class='ocrx_word' id='word_1_561' title='bbox 1438 2779 1508 2810; x_wconf 87' lang='lat' dir='ltr'><strong>quae</strong></span> <span class='ocrx_word' id='word_1_562' title='bbox 1525 2767 1615 2803; x_wconf 82' lang='lat' dir='ltr'><strong>dicis,</strong></span> 
     </span>
     <span class='ocr_line' id='line_1_47' title="bbox 150 2821 1616 2865; baseline 0.002 -15"><span class='ocrx_word' id='word_1_563' title='bbox 150 2829 294 2860; x_wconf 82' lang='lat' dir='ltr'><strong>perversa</strong></span> <span class='ocrx_word' id='word_1_564' title='bbox 308 2821 416 2861; x_wconf 84' lang='lat' dir='ltr'><strong>procul</strong></span> <span class='ocrx_word' id='word_1_565' title='bbox 433 2821 531 2852; x_wconf 89' lang='lat' dir='ltr'><strong>dubio</strong></span> <span class='ocrx_word' id='word_1_566' title='bbox 546 2821 637 2853; x_wconf 85' lang='lat' dir='ltr'><strong>nobis</strong></span> <span class='ocrx_word' id='word_1_567' title='bbox 652 2827 701 2853; x_wconf 87' lang='lat' dir='ltr'><strong>est</strong></span> <span class='ocrx_word' id='word_1_568' title='bbox 717 2822 793 2864; x_wconf 85' lang='lat' dir='ltr'><strong>vita,</strong></span> <span class='ocrx_word' id='word_1_569' title='bbox 811 2828 905 2865; x_wconf 85' lang='lat' dir='ltr'><strong>atque</strong></span> <span class='ocrx_word' id='word_1_570' title='bbox 921 2823 1027 2854; x_wconf 87' lang='lat' dir='ltr'><strong>omnia</strong></span> <span class='ocrx_word' id='word_1_571' title='bbox 1042 2823 1163 2865; x_wconf 84' lang='lat' dir='ltr'><strong>agimus</strong></span> <span class='ocrx_word' id='word_1_572' title='bbox 1178 2828 1287 2855; x_wconf 87' lang='lat' dir='ltr'><strong>contra</strong></span> <span class='ocrx_word' id='word_1_573' title='bbox 1303 2834 1396 2865; x_wconf 87' lang='lat' dir='ltr'><strong>quam</strong></span> <span class='ocrx_word' id='word_1_574' title='bbox 1413 2824 1516 2854; x_wconf 80' lang='lat' dir='ltr'><strong>decet.</strong></span> <span class='ocrx_word' id='word_1_575' title='bbox 1562 2821 1616 2853; x_wconf 87' lang='lat' dir='ltr'><strong>So.</strong></span> 
     </span>
     <span class='ocr_line' id='line_1_48' title="bbox 149 2872 1617 2920; baseline 0.001 -16"><span class='ocrx_word' id='word_1_576' title='bbox 149 2872 178 2904; x_wconf 90' lang='lat'>0</span> <span class='ocrx_word' id='word_1_577' title='bbox 195 2873 357 2912; x_wconf 71' lang='lat' dir='ltr'><strong>Callicles,</strong></span> <span class='ocrx_word' id='word_1_578' title='bbox 368 2875 429 2906; x_wconf 85' lang='lat' dir='ltr'><strong>nisi</strong></span> <span class='ocrx_word' id='word_1_579' title='bbox 445 2875 535 2907; x_wconf 86' lang='lat' dir='ltr'><strong>nobis</strong></span> <span class='ocrx_word' id='word_1_580' title='bbox 551 2876 669 2908; x_wconf 84' lang='lat' dir='ltr'><strong>inesset</strong></span> <span class='ocrx_word' id='word_1_581' title='bbox 683 2877 829 2918; x_wconf 81' lang='lat' dir='ltr'><strong>affectus,</strong></span> <span class='ocrx_word' id='word_1_582' title='bbox 843 2878 902 2909; x_wconf 84' lang='lat' dir='ltr'><strong>etsi</strong></span> <span class='ocrx_word' id='word_1_583' title='bbox 925 2878 995 2909; x_wconf 86' lang='lat' dir='ltr'><strong>aliis</strong></span> <span class='ocrx_word' id='word_1_584' title='bbox 1020 2878 1147 2920; x_wconf 89' lang='lat' dir='ltr'><strong>quidem</strong></span> <span class='ocrx_word' id='word_1_585' title='bbox 1164 2878 1256 2918; x_wconf 80' lang='lat' dir='ltr'><strong>alius,</strong></span> <span class='ocrx_word' id='word_1_586' title='bbox 1272 2884 1377 2909; x_wconf 83' lang='lat' dir='ltr'><strong>tamen</strong></span> <span class='ocrx_word' id='word_1_587' title='bbox 1401 2877 1435 2908; x_wconf 86' lang='lat' dir='ltr'><strong>in</strong></span> <span class='ocrx_word' id='word_1_588' title='bbox 1463 2875 1617 2918; x_wconf 83' lang='lat' dir='ltr'><strong>plerisque</strong></span> 
     </span>
     <span class='ocr_line' id='line_1_49' title="bbox 148 2928 1617 2974; baseline 0 -16"><span class='ocrx_word' id='word_1_589' title='bbox 148 2928 347 2968; x_wconf 75' lang='lat' dir='ltr'><strong>communis3</strong></span> <span class='ocrx_word' id='word_1_590' title='bbox 371 2930 425 2961; x_wconf 87' lang='lat' dir='ltr'><strong>sed</strong></span> <span class='ocrx_word' id='word_1_591' title='bbox 442 2930 555 2972; x_wconf 83' lang='lat' dir='ltr'><strong>aliquis</strong></span> <span class='ocrx_word' id='word_1_592' title='bbox 570 2935 711 2962; x_wconf 84' lang='lat' dir='ltr'><strong>nostrum</strong></span> <span class='ocrx_word' id='word_1_593' title='bbox 727 2932 886 2974; x_wconf 88' lang='lat' dir='ltr'><strong>proprium</strong></span> <span class='ocrx_word' id='word_1_594' title='bbox 903 2932 1060 2974; x_wconf 81' lang='lat' dir='ltr'><strong>quendam</strong></span> <span class='ocrx_word' id='word_1_595' title='bbox 1084 2932 1335 2974; x_wconf 83' lang='lat' dir='ltr'><strong>singularemque</strong></span> <span class='ocrx_word' id='word_1_596' title='bbox 1362 2936 1473 2972; x_wconf 86' lang='lat' dir='ltr'><strong>praeter</strong></span> <span class='ocrx_word' id='word_1_597' title='bbox 1497 2933 1617 2960; x_wconf 86' lang='lat' dir='ltr'><strong>ceteros</strong></span> 
     </span>
     <span class='ocr_line' id='line_1_50' title="bbox 148 2981 1619 3029; baseline 0.001 -17"><span class='ocrx_word' id='word_1_598' title='bbox 148 2981 275 3015; x_wconf 75' lang='lat' dir='ltr'><strong>haberet</strong></span> <span class='ocrx_word' id='word_1_599' title='bbox 299 2983 445 3017; x_wconf 83' lang='lat' dir='ltr'><strong>affectum</strong></span> <span class='ocrx_word' id='word_1_600' title='bbox 462 2995 470 3017; x_wconf 92' lang='lat'>:</span> <span class='ocrx_word' id='word_1_601' title='bbox 495 2985 736 3029; x_wconf 83' lang='lat' dir='ltr'><strong>haudquaquam</strong></span> <span class='ocrx_word' id='word_1_602' title='bbox 755 2986 846 3020; x_wconf 82' lang='lat' dir='ltr'><strong>facile</strong></span> <span class='ocrx_word' id='word_1_603' title='bbox 872 2986 964 3029; x_wconf 78' lang='lat' dir='ltr'><strong>soret,</strong></span> <span class='ocrx_word' id='word_1_604' title='bbox 979 2987 1064 3029; x_wconf 89' lang='lat' dir='ltr'><strong>quod</strong></span> <span class='ocrx_word' id='word_1_605' title='bbox 1081 2987 1113 3018; x_wconf 89' lang='lat' dir='ltr'><strong>in</strong></span> <span class='ocrx_word' id='word_1_606' title='bbox 1129 2997 1162 3020; x_wconf 83' lang='lat' dir='ltr'><strong>se</strong></span> <span class='ocrx_word' id='word_1_607' title='bbox 1178 2986 1309 3029; x_wconf 74' lang='lat' dir='ltr'><strong>quisque</strong></span> <span class='ocrx_word' id='word_1_608' title='bbox 1326 2984 1465 3021; x_wconf 73' lang='lat' dir='ltr'><strong>sentiret,</strong></span> <span class='ocrx_word' id='word_1_609' title='bbox 1482 2982 1551 3014; x_wconf 86' lang='lat' dir='ltr'><strong>aliis</strong></span> <span class='ocrx_word' id='word_1_610' title='bbox 1564 2993 1619 3014; x_wconf 80' lang='lat' dir='ltr'><strong>ex·</strong></span> 
     </span>
    </p>
   </div>
  </div>
 </body>
</html>
