1846 3268
167 223 266 275 341]
709 220 1092 268 PROTAGQRAS.
1582 223 1632 262 57

168 334 286 362 catum.
320 325 464 360 Tenesne
478 325 654 357 memoriter
668 324 817 361 carmina,
838 323 887 356 vei
906 329 940 355 ut
952 324 1080 356 reseram
1103 323 1246 366 expetis?
1291 325 1347 358 So.
1370 324 1459 358 Nihil
1480 337 1560 369 opus
1574 333 1632 361 est.

169 389 262 415 teneo
278 392 424 423 namque,
438 385 471 413 et
485 379 621 421 diligens
636 379 712 411 mihi
727 379 835 410 horum
851 378 1023 410 carminum
1039 390 1114 410 cura
1127 379 1200 411 fuit.
1246 379 1356 412 Pnor.
1378 379 1467 413 Bene
1484 381 1631 423 loqueris.

167 438 279 470 Utrum
296 437 375 467 bene
391 439 536 476 recteque
551 433 667 466 dixisse
678 432 738 465 tibi
753 433 876 464 videtur
890 433 1080 475 Simonides,
1105 444 1144 464 an
1171 444 1233 465 non
1247 434 1257 465 ?
1303 434 1360 466 So.
1384 434 1485 466 Immo
1501 436 1632 476 optime.

167 492 277 524 Pnor.
299 489 475 522 Videturne
489 492 575 520 recte
590 487 676 530 loqui
693 486 799 529 poeta,
827 487 866 521 sk
875 486 944 528 ipse
965 487 1091 519 sibimet
1110 488 1355 520 contradixerit?
1400 489 1457 521 So.
1482 488 1629 523 Minime.

167 545 276 577 Paor.
299 542 437 575 Attende
450 543 558 584 itaque
570 541 763 584 diligentius.
807 541 864 575 Sd.
888 542 983 583 Satis,
1004 552 1023 573 o
1040 543 1121 574 bone
1136 543 1193 580 vir,
1209 543 1411 576 attendimus.
1457 543 1566 575 Ριιοτ.
1590 543 1630 574 In

164 598 282 630 eisdem
301 597 489 630 carminibus
515 601 625 638 postes
649 596 739 632 dicit,
763 595 893 637 Pittaci,
918 595 993 627 licet
1013 596 1167 638 sapientis
1184 596 1254 638 viri,
1280 596 1466 637 sententiam
1481 597 1631 629 absonam

163 652 222 684 sibi
236 653 345 689 videri,
361 662 423 693 qua
438 651 553 692 inquit,
580 650 721 682 Difficile
736 655 785 681 est
799 650 916 682 bonum
941 660 1078 682 manere.
1123 650 1245 689 Cernis,
1272 651 1408 683 eundem
1433 650 1629 683 Simonidem

163 708 232 739 haec
246 711 279 739 et
292 706 451 748 superiora
472 705 613 737 dixisse?
659 705 716 737 So.
739 703 909 747 Equidem.
932 704 1043 737 Prior.
1068 704 1234 748 Numquid
1249 705 1359 737 eadem
1376 711 1485 747 postea
1505 715 1576 747 quae
1599 711 1632 739 et

164 766 259 793 antea
281 760 432 803 protulit?
478 759 610 797 Eadem,
623 750 777 802 “inquann
804 764 839 790 ut
863 758 939 790 mihi
955 759 1088 790 videtur.
1133 759 1174 790 Et
1199 759 1291 790 simul
1319 764 1472 800 metuens,
1498 770 1538 791 ne
1553 760 1630 802 quid

165 815 245 848 ultra
258 814 420 857 adjiceret,
435 814 635 855 interrogavi,
654 824 694 845 an
718 824 782 845 non
797 813 857 845 sibi
878 823 1005 855 quoque
1021 813 1189 845 videretur.
1235 813 1361 855 Rogas,
1387 814 1500 855 inquit,
1527 819 1630 845 utrum

161 874 304 903 constare
318 869 444 900 sibimet
458 868 545 899 illum
570 873 689 910 putem,
709 868 765 910 qui
787 868 854 900 haec
872 873 1002 910 utraque
1017 867 1116 899 dixit?
1142 873 1174 900 et
1194 867 1294 910 primo
1310 867 1630 910 quidemproposuit,

162 925 279 956 bonum
294 923 392 955 virum
409 922 475 955 fieri
489 932 560 954 vere
571 922 698 954 difficile
712 932 780 954 esse
796 933 805 955 ς
831 922 926 964 paulo
941 926 1045 954 autem
1063 927 1145 964 post,
1161 927 1310 965 tanquam
1326 922 1375 954 sui
1389 922 1487 964 ipsius
1499 922 1627 961 oblitus,

162 978 322 1010 Pittacum
332 978 443 1009 eadem
457 987 528 1008 cum
543 976 598 1009 illo
614 977 784 1015 dicentem,
799 976 927 1009 difficile
942 976 1064 1009 scilicet
1077 987 1146 1009 esse
1161 977 1258 1008 virum
1276 977 1392 1008 bonum
1406 987 1543 1014 manere,
1559 987 1626 1009 ear-

164 1032 223 1074 pit,
238 1031 307 1074 ejus
319 1031 404 1063 dicta
419 1041 579 1073 respuens,
595 1031 650 1073 qui
665 1031 775 1063 eadem
791 1031 923 1063 dixerat.
967 1031 1150 1069 Enimvero,
1165 1042 1236 1063 cum
1258 1030 1415 1072 opinionis
1429 1030 1571 1073 ejusdem
1589 1042 1627 1064 ao

163 1097 228 1118 suae
243 1090 401 1119 auctorem
415 1085 571 1118 Pittacum
586 1090 724 1123 accusat,
751 1085 888 1128 seipsum
904 1086 1044 1119 damnat.
1091 1086 1292 1128 Quapropter
1313 1090 1368 1117 aut
1383 1085 1466 1127 prius
1481 1091 1537 1117 aut
1552 1097 1625 1128 pos-

166 1140 262 1173 terius
277 1148 339 1171 non
355 1145 438 1171 recte
459 1140 548 1172 dicit.
592 1139 652 1172 His
675 1140 769 1172 dictis
794 1140 1007 1172 acclamarunt
1021 1140 1178 1172 auditores
1206 1139 1343 1181 plurimi,
1365 1145 1398 1171 et
1423 1139 1624 1182 Protagoram

162 1195 390 1227 collaudarunt·
434 1194 504 1236 Ego
518 1199 621 1225 autem
637 1195 783 1236 primum,
799 1199 948 1236 tanquam
964 1206 982 1226 a
998 1194 1099 1236 pugili
1114 1195 1240 1225 robusto
1262 1204 1438 1236 percussus,
1462 1194 1628 1236 caliganti-

165 1249 222 1280 bus
236 1259 299 1290 prae
310 1248 463 1289 vertigine
478 1248 577 1279 oculis
592 1248 748 1280 vacillavi.
769 1258 841 1279 nam
866 1255 900 1280 et
923 1248 992 1290 ejus
1009 1259 1067 1279 vox
1094 1253 1127 1280 et
1152 1248 1283 1279 aliorum
1305 1248 1422 1279 clamor
1441 1258 1489 1280 me
1506 1259 1627 1290 prorsus

161 1303 339 1334 obruerant.
383 1301 510 1333 Deinde
523 1311 608 1338 vero,
622 1301 675 1344 (ut
689 1305 792 1332 tecum
818 1302 954 1343 ingenue
971 1313 1076 1333 verum
1099 1301 1226 1343 fatear,)
1249 1313 1312 1344 quo
1333 1312 1448 1333 moram
1464 1302 1503 1333 ad
1519 1303 1628 1344 poeta

162 1361 298 1388 mentem
312 1356 558 1396 investigandam
574 1360 745 1396 captarem,
761 1355 801 1386 ad
818 1355 986 1387 Prodicum
1003 1366 1171 1387 conversus
1185 1356 1326 1398 inquam,
1341 1356 1490 1388 Concivis
1507 1364 1591 1399 tuus,
1608 1370 1628 1390 o

162 1410 309 1452 Prodice,
323 1410 499 1442 Simonides
514 1409 644 1440 exstitit.
666 1419 740 1450 ergo
757 1414 811 1440 tua
824 1409 954 1441 interest
969 1409 1013 1440 illi
1029 1421 1122 1452 opem
1138 1410 1226 1442 ferre.
1273 1410 1393 1442 Videor
1407 1411 1554 1453 equidem
1570 1412 1627 1443 ad·

159 1475 270 1497 vocare
282 1469 326 1502 te,
341 1464 438 1507 [340]
461 1464 724 1506 quemadmodum
741 1464 843 1506 inquit
869 1463 1042 1496 Homerum
1058 1465 1281 1496 Scamandrum
1309 1466 1349 1497 ab
1370 1465 1496 1498 Achille
1519 1467 1626 1498 obses·

159 1529 227 1550 sum
242 1519 436 1551 Simoe'ntem
450 1519 621 1550 advocasse
634 1530 641 1549 :
670 1519 699 1551 Ο
714 1519 940 1558 dulcissmter,
948 1519 1012 1551 viri
1023 1519 1116 1560 'enjus
1125 1529 1188 1552 unu
1199 1519 1288 1551 ambo
1299 1521 1365 1552 vim
1375 1521 1624 1562 comprimamus.

162 1572 258 1604 Haud
284 1583 373 1605 secus
397 1583 457 1614 ego
483 1578 515 1605 te
535 1583 619 1604 nunc
634 1583 772 1613 accersn,
798 1583 839 1605 ne
865 1573 1051 1615 Protagoras
1075 1573 1272 1605 Simonidem
1299 1579 1438 1606 nostrum
1452 1581 1625 1617 expugnet.

161 1628 350 1661 Emendatio
364 1638 439 1659 sane
453 1627 535 1659 circa
549 1625 719 1658 Simonidis
733 1627 827 1659 verba
849 1631 903 1659 tua
923 1627 1047 1670 indiget
1069 1628 1198 1670 musica,
1225 1639 1288 1670 qua
1303 1628 1383 1660 velle
1408 1628 1578 1672 distinguis
1592 1635 1626 1662 et

160 1692 288 1726 cupere,
303 1688 336 1714 et
350 1692 421 1724 quae
436 1681 530 1713 modo
542 1680 683 1722 dicebas,
708 1681 806 1713 multa
822 1686 916 1724 atque
932 1681 1089 1723 praeclara.
1135 1681 1177 1713 Et
1200 1692 1284 1714 nunc
1306 1682 1433 1725 quidem
1448 1682 1531 1720 vide,
1548 1694 1623 1716 num

159 1738 218 1769 tibi
230 1737 316 1769 idem
326 1735 412 1778 quod
430 1735 505 1767 mihi
521 1734 682 1766 videaturz
706 1745 808 1778 neque
824 1736 908 1767 enim
934 1746 1108 1778 repugnare
1133 1736 1192 1768 sibi
1218 1737 1251 1768 in
1277 1737 1413 1768 dicendo
1428 1737 1551 1769 videtur
1574 1738 1624 1770 Si-

162 1792 315 1824 monides.
360 1790 446 1832 Ipse,
471 1800 490 1821 o
514 1789 664 1828 Prodico,
686 1790 872 1822 sententiam
899 1795 985 1822 tuam
1011 1791 1094 1833 prior
1118 1791 1268 1833 exprime.
1314 1791 1403 1823 Idem
1427 1791 1486 1825 tibi
1501 1792 1624 1824 videtur

158 1847 226 1878 fieri
239 1851 334 1888 atque
348 1855 428 1886 esse,
452 1853 494 1876 an
509 1844 619 1876 aliud?
664 1844 774 1886 Aliud,
797 1844 901 1887 inquit
923 1845 1087 1877 Prodicus.
1133 1845 1251 1877 Nonne
1276 1845 1308 1876 in
1337 1845 1455 1887 primis,
1477 1845 1622 1888 inquam,

159 1900 337 1932 Simonides
353 1904 489 1931 mentem
503 1909 591 1931 suam
619 1899 752 1941 aperuit,
767 1900 854 1942 quod
874 1899 972 1931 virum
989 1910 1058 1931 vere
1075 1900 1191 1931 bonum
1207 1899 1274 1930 fieri
1288 1899 1415 1932 difficile
1428 1899 1491 1932 sit?
1537 1900 1623 1932 Vera

159 1965 275 1993 narras,
300 1953 454 1986 Prodicus
466 1953 521 1986 ait.
567 1952 727 1985 Pittacum
742 1960 846 1985 autern
863 1954 1030 1996 improbat,
1042 1964 1119 1991 non,
1144 1960 1178 1985 ut
1191 1959 1300 1986 censet
1316 1954 1513 1996 Protagoras,
1537 1953 1622 1986 idem

158 2009 329 2046 dicentem,
344 2008 400 2040 sed
415 2008 513 2040 aliud.
536 2018 602 2039 non
615 2007 699 2039 enim
720 2007 803 2040 dixit
817 2008 970 2046 Pittacus.
996 2008 1124 2040 difficile
1138 2018 1207 2040 esse
1225 2008 1321 2039 virum
1342 2008 1410 2039 fleri
1435 2009 1563 2045 bonum,
1587 2013 1622 2039 ut

157 2063 347 2105 Simonides,
361 2062 415 2095 sed
430 2063 547 2094 bonum
562 2072 770 2104 perseverare.
815 2062 874 2094 Est
887 2069 993 2095 autem
1008 2072 1071 2094 non
1086 2062 1186 2102 idem,
1201 2073 1220 2094 ο
1236 2062 1420 2104 Protagora,
1444 2062 1526 2094 sicut
1539 2062 1622 2094 exis-

158 2117 249 2149 tinat
262 2117 414 2149 Prodicus
428 2116 499 2154 iste,
513 2125 582 2148 esse
597 2121 630 2147 et
644 2116 721 2148 fieri.
745 2116 770 2148 si
785 2123 889 2149 autem
906 2128 970 2149 non
985 2117 1070 2150 idem
1085 2122 1134 2148 est
1155 2127 1222 2149 esse
1246 2117 1332 2159 quod
1360 2122 1393 2149 et
1418 2116 1497 2158 fieri,
1520 2118 1621 2149 haud-

157 2182 314 2215 quaquam
329 2171 391 2203 sibi
405 2170 466 2213 ipsi
479 2170 656 2203 Simonides
670 2171 825 2203 contraria
849 2171 950 2214 ponit.
994 2170 1045 2204 Ac
1069 2171 1198 2203 forsitan
1214 2170 1333 2203 diceret
1347 2169 1499 2202 Prodicus
1514 2171 1572 2203 iste
1587 2177 1620 2203 et

158 2226 212 2258 alii
227 2225 316 2257 multi
331 2225 503 2257 secundum
518 2224 707 2263 Hesiodum,
724 2225 816 2258 Effici
830 2226 948 2258 bonum
963 2237 1032 2258 esse
1054 2225 1200 2259 difficile:
1224 2236 1297 2257 nam
1320 2230 1394 2257 ante
1408 2225 1552 2257 virtutem
1567 2237 1619 2258 su-

156 2282 264 2312 dorem
277 2291 298 2312 a
310 2280 372 2312 diis
385 2280 520 2322 positum
537 2280 582 2312 sit
594 2291 604 2320 ;
625 2285 658 2311 at
672 2291 744 2312 cum
759 2281 799 2312 ad
814 2291 968 2312 summum
979 2280 1125 2312 verticem
1138 2285 1321 2323 perventum
1331 2284 1393 2320 est,
1402 2279 1528 2312 facilem
1539 2291 1619 2317 esse,

155 2334 298 2378 quamvis
311 2340 492 2377 comparatu
516 2334 650 2366 difficilis
673 2334 778 2367 fuerit.
824 2335 979 2367 Prodicus
994 2335 1088 2377 igitur
1112 2345 1184 2367 cum
1199 2335 1266 2366 haec
1281 2333 1432 2375 audisset,
1448 2345 1495 2366 me
1509 2334 1619 2366 lauda-

157 2390 212 2421 vit.
255 2389 441 2432 Protagoras
455 2394 571 2428 autem,
597 2388 798 2427 Emendatio,
824 2389 937 2432 inquit,
957 2390 1029 2431 ista,
1054 2400 1074 2421 o
1089 2389 1244 2431 Socrates,
1269 2388 1430 2420 absurdior
1451 2393 1499 2420 est
1523 2399 1618 2430 quam

156 2443 244 2486 quod
258 2444 416 2476 emendas.
458 2443 539 2475 Tum
554 2454 625 2486 ego,
640 2454 661 2475 o
676 2443 859 2486 Protagora,
885 2444 1024 2487 inquam,
1049 2443 1131 2476 male
1153 2453 1275 2475 mecum
1291 2448 1395 2474 actum
1409 2447 1467 2481 est,
1483 2447 1518 2474 ut
1531 2443 1619 2475 vide-

156 2503 226 2537 tur3
248 2508 379 2540 sumque
389 2497 540 2530 ridiculus
553 2498 715 2530 medicus:
738 2499 858 2541 quippe
881 2498 937 2541 qui
959 2499 1034 2530 dum
1059 2508 1166 2530 curare
1181 2498 1352 2535 contendo,
1367 2498 1508 2529 morbum
1523 2509 1618 2530 exau-

157 2562 229 2594 geo.
273 2551 383 2584 Prior.
406 2551 457 2584 Sie
472 2556 577 2584 tamen
591 2563 639 2584 res
658 2563 691 2584 se
716 2552 823 2585 habet.
868 2552 925 2584 So.
950 2552 1024 2590 Qua
1045 2552 1192 2584 ratione?
1238 2551 1348 2584 Pnor.
1371 2550 1474 2582 Nimis
1500 2550 1618 2583 inscius

158 2605 256 2648 poeta
266 2605 319 2637 ille
334 2604 454 2644 fuisset,
468 2607 494 2638 si
508 2607 588 2638 adeo
604 2606 750 2639 virtutem
766 2607 853 2649 parvi
867 2607 1005 2645 fecisset,
1031 2612 1067 2638 ut
1081 2606 1206 2638 facilem
1222 2617 1290 2638 esse
1304 2605 1373 2647 ejus
1389 2605 1616 2648 possessionem

156 2659 374 2698 existimasset,
393 2670 466 2692 cum
480 2660 522 2691 sit
534 2660 672 2692 omnium
696 2660 892 2699 difficillima,
913 2661 1001 2694 velut
1020 2661 1166 2699 omnibus
1181 2660 1304 2692 videtur
1325 2659 1514 2692 bominibus.
1559 2659 1616 2694 Se.

155 2713 357 2756 Opportune,
372 2724 428 2756 per
440 2713 567 2756 Jovem,
581 2714 694 2747 nostris
708 2715 766 2747 iste
778 2714 930 2748 Prodicus
945 2716 1138 2747 sermonibus
1152 2714 1334 2747 intervenit.
1379 2713 1515 2746 Videtur
1528 2725 1616 2753 sane,

155 2778 176 2799 o
190 2767 374 2810 Protagora,
387 2768 494 2800 divina
507 2779 575 2801 esse
589 2769 718 2802 Prodici
730 2769 886 2812 sapientia
894 2769 1095 2812 jamdudum,
1111 2770 1160 2801 vel
1177 2770 1301 2801 trahens
1312 2767 1464 2810 originem
1480 2778 1498 2798 a
1513 2768 1616 2800 Simo-

154 2821 244 2864 nide,
254 2822 306 2854 vel
321 2823 415 2855 etiam
431 2823 471 2855 ab
486 2823 712 2866 antiquioribus
725 2829 803 2857 orta.
827 2824 924 2867 [341]
948 2823 997 2855 Tu
1014 2829 1130 2862 autem,
1157 2834 1254 2867 quum
1278 2822 1442 2854 multarum
1458 2832 1559 2853 rerum
1575 2823 1616 2854 sis

155 2876 286 2908 aliarum
304 2878 434 2920 peritus,
449 2877 543 2920 hujus
559 2883 663 2909 tamen
679 2877 840 2921 imperitus
856 2888 1001 2922 appares.
1025 2889 1084 2921 ego
1101 2886 1175 2911 vero
1192 2888 1261 2910 eam
1277 2881 1422 2919 expertus
1438 2886 1518 2913 sum,
1542 2886 1613 2907 cum

154 2931 264 2963 fuerim
279 2931 404 2964 Prodici
419 2931 509 2964 istius
525 2932 710 2974 discipulus.
756 2932 854 2974 Atqui
868 2933 899 2964 in
910 2933 1073 2974 praesentia
1089 2933 1172 2965 haud
1192 2932 1266 2965 satis
1282 2931 1524 2963 animadvertere
1540 2929 1614 2960 milri

243 2985 332 3017 Plae.
350 2987 406 3019 Tr.
929 2986 958 3020 Ι.
1454 2984 1483 3013 H
