1846 3268
219 270 315 324 101]
765 238 770 241 ⁷
837 266 1056 310 PHAEDO.
1598 272 1677 311 453

213 375 336 408 eludas.
381 375 437 408 So.
460 374 632 407 Considera
651 372 731 415 jam,
747 383 818 415 quae
845 379 1018 416 sequuntur
1043 371 1204 415 deinceps,
1228 377 1328 405 utrum
1343 373 1376 405 in
1391 374 1439 405 his
1455 373 1528 406 mihi
1542 385 1674 407 consen-

215 430 286 462 tias.
332 428 475 461 Arbitror
488 429 583 466 enim,
599 428 625 459 si
650 428 725 470 quid
753 433 800 460 est
824 428 909 459 aliud
926 428 1088 470 pulchrum
1105 432 1214 469 praeter
1230 426 1332 470 ipsum
1358 428 1531 471 pulchrum,
1548 440 1611 461 non
1633 429 1674 461 ob

216 483 303 514 aliud
318 483 480 525 quippiam
496 493 564 514 esse
579 482 755 525 pulchrum,
770 493 863 524 quam
880 482 953 523 quia
969 481 1088 523 pulchri
1102 481 1202 522 ipsius
1217 486 1264 513 est
1279 482 1447 524 partIceps.
1462 487 1556 525 atque
1572 483 1677 515 omnia

216 537 290 568 dico
306 537 456 568 similiter.
479 536 622 577 nunquid
637 537 718 568 hanc
743 546 867 568 causam
890 535 1025 576 recipis?
1071 534 1133 566 Cn.
1157 534 1293 576 Recipio
1308 535 1468 578 equidem.
1513 535 1570 568 So.
1593 537 1676 579 Ergo

215 591 356 622 nondum
373 590 452 621 ultra
465 590 620 632 percipio,
636 600 738 632 neque
754 599 880 632 possum
895 594 1013 620 ceteras
1029 589 1104 619 istas
1122 589 1282 630 praeclaras
1297 600 1406 620 causas
1423 600 1620 632 cognoscere.
1644 591 1678 622 Si

216 644 287 686 quis
301 648 405 675 autem
434 644 510 675 mibi
533 644 655 681 dixerit,
672 654 767 686 quare
790 643 954 685 pulchrum
975 642 1016 672 sit
1040 642 1216 684 quodlibet,
1233 642 1378 674 videlicet
1393 643 1467 685 quia
1481 643 1530 674 vel
1546 644 1680 675 colorem

218 697 333 728 habeat
345 697 489 728 floridum
506 697 553 728 vel
569 698 699 739 figuram
715 697 762 728 vel
781 696 865 727 aliud
890 695 1022 738 quodvis
1042 696 1161 732 talium,
1177 701 1279 727 cetera
1301 696 1446 738 equidem
1462 697 1563 729 valere
1586 698 1654 729 sino
1669 710 1677 729 z

220 750 271 794 (in
288 750 399 782 ceteris
411 751 493 782 enim
509 751 655 782 omnibus
676 750 761 781 soleo
778 749 947 791 perturbari
963 748 990 791 :)
1013 748 1046 780 id
1063 760 1134 780 vero
1150 760 1244 780 uuum
1261 750 1441 792 simpliciter
1455 756 1549 792 atque
1573 752 1680 794 procul

219 804 328 842 dubio,
343 809 376 843 et
391 805 470 837 forte
489 805 555 846 jam
582 805 702 846 inepte,
719 814 816 846 penes
838 814 887 835 me
915 808 1020 841 teneo,
1035 803 1112 834 nihil
1138 803 1223 835 aliud
1249 814 1329 842 esse,
1344 805 1429 846 quod
1445 804 1562 846 aliquid
1586 805 1681 837 faciat

217 859 392 901 pulchrum,
404 869 498 902 quam
515 858 614 901 ipsius
630 858 751 900 pulchri
767 858 833 889 sive
856 857 1052 900 praesentiam
1077 857 1143 889 sive
1158 858 1420 898 communionem,
1437 858 1500 889 sive
1516 858 1678 900 qualicun-

217 923 280 954 que
302 913 424 944 ratione
443 919 476 944 et
494 923 682 955 quocunque
695 912 790 944 modo
804 912 835 943 id
858 912 1030 953 proveniat.
1075 911 1189 954 Neque
1213 912 1295 943 enim
1310 911 1342 943 id
1358 912 1460 943 adhuc
1475 912 1652 944 affirmarem
1668 924 1676 943 :

219 966 275 998 sed
291 967 422 1009 pulchro
439 967 566 1009 pulchra
581 966 687 998 omnia
701 977 770 998 esse
785 966 925 1008 pulchra,
937 966 970 998 id
988 966 1061 997 milri
1077 965 1198 998 videtur
1211 965 1410 1003 tutissimum,
1425 971 1487 996 tam
1502 966 1575 997 mihi
1585 977 1679 1008 quam

217 1020 286 1052 aliis
300 1021 510 1063 respondere:
536 1026 631 1063 atque
653 1020 727 1052 huic
753 1020 958 1052 fundamento
979 1020 1116 1057 innixus,
1132 1025 1209 1062 puto
1234 1029 1393 1061 nunquam
1417 1020 1553 1059 cadere3
1575 1021 1628 1051 sed
1646 1025 1678 1052 et

217 1085 267 1106 me
282 1079 315 1106 et
328 1075 469 1117 quemvis
482 1074 576 1106 alium
593 1079 661 1106 tuto
677 1075 864 1117 respondere
879 1085 983 1117 posse,
999 1085 1195 1118 quaecunque
1220 1073 1349 1116 pulchra
1364 1078 1447 1112 sunt,
1463 1074 1531 1115 ipso
1547 1074 1676 1115 pulchro

216 1128 284 1160 fieri
309 1129 450 1171 pulchra.
472 1139 580 1161 nonne
606 1133 639 1160 et
660 1129 727 1171 ipse
750 1129 932 1162 consentis?
977 1129 1037 1162 Cz.
1062 1128 1233 1160 Consentio
1256 1127 1415 1170 equidem.
1459 1127 1517 1159 So.
1539 1127 1623 1170 Ergo
1647 1133 1680 1160 et

216 1193 288 1225 quae
305 1193 416 1225 magna
432 1188 516 1221 sunt,
531 1183 602 1225 ipsa
617 1183 833 1224 magnitudine
848 1193 915 1214 esse
928 1193 1060 1224 magna:
1085 1187 1118 1214 et
1132 1193 1202 1225 quae
1222 1182 1340 1224 majora
1355 1186 1440 1223 sunt,
1454 1181 1595 1214 similiter
1608 1193 1676 1214 esse

216 1236 336 1279 majora
349 1249 357 1269 ε
381 1242 414 1268 et
428 1247 498 1279 quae
514 1237 645 1279 minora,
659 1237 811 1279 parvitate
826 1247 893 1268 esse
908 1236 1038 1268 minora.
1083 1236 1144 1270 Cn.
1166 1236 1217 1268 Ita
1231 1242 1289 1269 est.
1334 1236 1390 1268 So.
1414 1236 1514 1278 Igitur
1527 1247 1629 1278 neque
1642 1242 1677 1268 tu

216 1291 345 1334 quidem
372 1291 559 1329 assentieris,
585 1291 611 1323 si
634 1292 703 1334 quis
728 1291 864 1333 aliquem
892 1291 1004 1324 dixerit
1030 1291 1091 1322 alio
1117 1291 1254 1333 quodam
1280 1290 1384 1333 capite
1407 1301 1475 1322 esse
1502 1290 1673 1332 majorem;

220 1350 315 1388 atque
328 1356 413 1388 eum,
424 1346 480 1388 qui
497 1346 597 1377 minor
613 1351 671 1383 est,
687 1346 798 1378 eodem
820 1345 923 1386 capite
939 1356 1005 1377 esse
1022 1346 1171 1377 minorem
1186 1359 1193 1376 :
1219 1345 1315 1386 [101]
1341 1345 1394 1375 sed
1412 1343 1634 1381 testificaberis,
1650 1350 1680 1376 te

216 1399 343 1442 quidem
360 1400 438 1431 nihil
455 1400 541 1431 aliud
567 1410 635 1431 esse
656 1400 824 1437 dicturum,
839 1410 932 1441 quam
957 1411 1049 1432 omne
1072 1399 1172 1441 majus
1194 1400 1256 1430 alio
1276 1409 1340 1429 non
1362 1398 1422 1429 alia
1445 1409 1476 1429 re
1500 1398 1563 1430 ulla
1584 1409 1677 1440 quam

217 1454 433 1496 magnitudine
456 1465 523 1486 esse
547 1453 669 1495 majus;
693 1459 787 1495 atque
815 1455 856 1485 ob
881 1454 940 1486 hoc
964 1453 1076 1495 majus,
1092 1455 1132 1485 ob
1155 1453 1256 1496 ipsam
1272 1453 1391 1484 scilicet
1406 1453 1674 1495 magnitudinem:

216 1509 320 1539 minus
335 1513 451 1545 autem,
467 1508 554 1539 nullo
571 1508 710 1539 similiter
725 1508 787 1539 alio
804 1519 896 1550 quam
914 1508 1122 1551 parvitate,et
1138 1513 1263 1549 propter
1277 1508 1336 1538 hoc
1349 1518 1415 1538 esse
1425 1507 1538 1543 minus,
1549 1513 1675 1549 propter

215 1561 316 1604 ipsam
331 1562 479 1593 videlicet
495 1562 677 1604 parvitatem
691 1573 698 1592 ι
724 1567 875 1598 metuens,
893 1567 927 1593 ut
942 1567 1031 1604 puto,
1047 1573 1099 1599 ue,
1115 1562 1140 1592 si
1155 1571 1246 1604 quem
1262 1561 1374 1592 dixeris
1398 1561 1502 1602 capite
1524 1561 1672 1603 majorem

215 1627 283 1648 esse
307 1616 355 1647 vel
379 1615 539 1654 minorem,
554 1616 707 1658 quispiam
733 1616 789 1647 tibi
811 1616 855 1648 sic
881 1616 1030 1658 objiciat:
1056 1616 1187 1657 primum
1212 1615 1339 1657 quidem
1355 1615 1464 1646 eadem
1481 1625 1512 1646 re
1526 1620 1559 1646 et
1573 1615 1673 1657 majus

216 1670 283 1702 fore
299 1669 398 1712 majus
414 1675 446 1702 et
461 1670 562 1702 minus
577 1671 643 1702 fore
659 1670 759 1701 minus
773 1681 781 1702 ε
807 1671 937 1713 deinde,
953 1671 1038 1713 quod
1061 1670 1178 1712 capite,
1194 1680 1264 1711 quae
1279 1680 1326 1700 res
1343 1679 1436 1711 parva
1451 1673 1509 1710 est,
1522 1668 1672 1711 majorem

215 1724 346 1756 affirmes
369 1735 436 1756 esse
453 1724 611 1767 majorem.
635 1725 695 1756 hoc
717 1729 821 1756 autem
847 1725 933 1757 dicet
956 1729 1091 1756 monstro
1116 1734 1182 1755 esse
1205 1722 1372 1766 persimile,
1388 1728 1423 1754 ut
1445 1733 1539 1764 parvo
1567 1723 1673 1765 aliquo

219 1788 365 1820 magnum
387 1777 539 1820 quiddam
574 1788 642 1810 esse
668 1778 766 1810 dicas.
799 1789 905 1810 nonne
931 1779 997 1810 haec
1031 1783 1183 1810 metueres
1197 1778 1208 1808 ?
1262 1777 1351 1808 Tunc
1376 1776 1478 1808 Cebes
1501 1777 1675 1815 subridens,

216 1832 386 1875 ErJuidem,
400 1832 517 1875 inquit.
563 1831 620 1864 So.
643 1832 761 1864 Nonne
777 1833 917 1865 similiter
931 1843 1057 1875 quoque
1068 1837 1218 1864 metueres
1233 1831 1348 1872 dicere,
1362 1831 1470 1863 decem
1483 1831 1571 1872 plura
1581 1841 1674 1873 quarn

215 1892 288 1918 octo
304 1897 371 1919 esse
386 1887 520 1923 duobus,
536 1891 631 1929 atque
647 1887 687 1917 ob
703 1887 784 1919 hanc
799 1897 923 1918 causam
937 1897 1093 1929 superare,
1110 1886 1213 1928 potius
1238 1895 1331 1927 quam
1353 1884 1554 1916 multitudine
1579 1890 1674 1927 atque

214 1946 343 1983 propter
356 1940 615 1972 multitudinem?
638 1951 675 1972 ac
691 1940 830 1972 similiter
845 1941 1019 1973 bicubitum
1043 1940 1171 1972 cubitali
1197 1938 1296 1981 majus
1319 1949 1386 1970 esse
1411 1938 1555 1976 dimidio,
1570 1939 1675 1980 potius

215 2004 308 2037 quam
324 1994 567 2036 magnitudine?
590 1994 623 2026 id
639 1995 722 2026 enim
739 1995 881 2027 similiter
900 2000 949 2026 est
976 1995 1188 2026 metuendum.
1231 1993 1292 2025 Cr:-
1316 1992 1466 2024 Omnino.
1510 1992 1565 2023 So.
1588 1993 1675 2030 Quid

215 2059 300 2086 vero,
316 2048 342 2079 si
358 2049 412 2080 uni
428 2050 561 2081 addatur
585 2061 691 2087 unum,
710 2051 958 2082 additamentum
985 2052 1086 2093 ipsum
1109 2061 1176 2082 esse
1199 2060 1336 2092 causam,
1352 2053 1387 2080 ut
1400 2049 1463 2080 duo
1479 2049 1567 2087 fiant,
1583 2049 1632 2080 vel
1649 2048 1674 2080 si

213 2102 381 2140 dividatur,
398 2102 582 2135 divisionem
599 2104 695 2146 ipsam
712 2104 844 2135 duorum
859 2115 926 2136 esse
942 2115 1078 2141 causam.
1094 2104 1197 2135 dicere
1212 2114 1277 2135 non
1291 2103 1471 2134 formidares
1484 2103 1495 2133 ?
1518 2103 1673 2144 altiusque

213 2155 412 2193 exclamares,
427 2157 545 2188 nescire
562 2162 605 2199 te,
619 2168 754 2200 quonam
770 2158 832 2188 alio
848 2163 940 2200 pacto
958 2158 1126 2200 quicquam
1140 2157 1206 2194 fiat,
1218 2157 1276 2187 nisi
1290 2155 1525 2198 participatione
1537 2157 1670 2198 quadam

214 2210 359 2241 essentiae
375 2210 546 2252 unicuique
563 2211 707 2254 propriae.
724 2211 815 2253 cujus
840 2212 881 2242 sit
906 2212 1082 2254 particeps?
1105 2216 1200 2253 atque
1215 2211 1247 2242 in
1263 2210 1310 2241 his
1325 2210 1441 2241 nullam
1456 2209 1547 2241 aliam
1562 2211 1674 2241 habere

214 2268 246 2294 te
261 2259 398 2302 causam,
413 2274 468 2296 cur
481 2265 545 2296 duo
561 2265 648 2306 fiant,
664 2270 774 2306 praeter
789 2265 917 2297 duitatis
927 2265 1026 2306 ipsius
1038 2263 1310 2307 participationem
1324 2275 1331 2293 ι
1356 2264 1410 2295 sed
1427 2267 1571 2305 oportere
1581 2263 1674 2305 hujus

215 2317 381 2360 participia
394 2317 472 2355 sore,
482 2328 679 2360 quaecunque
693 2320 798 2351 futura
813 2324 887 2350 sunt
901 2319 964 2350 duo
978 2331 985 2350 ι
1010 2323 1042 2350 et
1056 2318 1196 2350 similiter
1211 2318 1351 2359 unitatis,
1366 2318 1576 2359 quodcunque
1588 2318 1674 2349 futu-

215 2381 282 2402 rum
297 2370 337 2402 sit
353 2381 448 2403 unum
462 2371 474 2403 ἓ
519 2371 585 2403 Has
600 2383 671 2403 vero
687 2371 855 2404 divisiones
878 2372 1161 2414 adjunctionesque
1185 2377 1218 2403 et
1240 2377 1356 2403 ceteras
1372 2371 1526 2413 ejusmodi
1540 2371 1675 2413 argutias

218 2424 319 2456 valere
333 2425 470 2465 sineres3
493 2425 746 2469 relinqueresque
771 2426 1012 2468 sapientioribus
1035 2431 1077 2463 te,
1093 2437 1146 2468 per
1168 2436 1220 2457 eas
1246 2436 1301 2468 pro
1321 2426 1446 2457 arbitrio
1461 2426 1672 2467 responsuris:

215 2483 251 2510 tu
267 2489 339 2510 vero
355 2484 453 2517 tuam,
466 2480 732 2521 quemadmodum
747 2479 811 2512 dici
826 2480 918 2523 solet,
933 2485 1074 2511 metuens
1089 2480 1225 2510 umbram
1240 2484 1273 2510 et
1297 2479 1496 2520 imperitiam,
1518 2484 1612 2521 atque
1629 2480 1676 2510 in·

215 2532 307 2564 nixus
322 2533 481 2564 tutissimae
496 2533 542 2565 illi
556 2534 718 2576 positioni,
734 2534 778 2566 sic
796 2534 904 2577 utique
927 2534 1151 2576 responderes?
1175 2538 1208 2565 at
1222 2544 1306 2575 vero,
1321 2533 1346 2564 si
1361 2534 1430 2576 quis
1445 2534 1576 2565 eandem
1592 2534 1674 2576 posi-

217 2585 334 2617 tionem
357 2587 537 2628 complexus
562 2587 701 2626 instaret,
723 2588 824 2620 valere
849 2589 985 2628 sineres;
1009 2599 1111 2630 neque
1137 2588 1220 2629 prius
1246 2588 1448 2629 responderes
1471 2598 1575 2630 quam,
1601 2598 1672 2629 quae

214 2638 290 2671 inde
313 2645 452 2676 manant,
468 2640 707 2679 considerasses,
733 2647 835 2672 utrum
861 2647 1036 2673 consonent
1060 2642 1194 2673 invicem
1217 2646 1271 2673 aut
1294 2642 1479 2673 dissonent?
1523 2642 1586 2673 Ubi
1601 2652 1671 2672 vero

215 2691 300 2723 illius
314 2692 413 2734 ipsius
428 2693 579 2725 rationem
592 2700 751 2736 oporteret
765 2695 886 2733 afferre,
901 2696 1012 2727 eodem
1030 2696 1122 2726 modo
1139 2695 1273 2733 afferres,
1286 2701 1379 2737 atque
1394 2694 1486 2725 aliam
1500 2705 1600 2725 rursus
1616 2705 1673 2735 po-

216 2744 363 2776 sitionem
379 2746 562 2785 adduceres,
577 2758 649 2788 quae
674 2747 866 2789 superiorum
890 2748 1009 2789 optima
1025 2749 1190 2786 videretur,
1206 2749 1310 2791 quoad
1333 2750 1372 2779 ad
1387 2749 1504 2789 aliquid
1520 2748 1675 2780 sufficiens

217 2799 417 2840 pervenires?
463 2800 635 2843 Nunquam
653 2811 724 2832 vero
749 2801 840 2832 simul
864 2802 1072 2834 confunderes
1097 2803 1359 2834 contentiosorum
1383 2795 1478 2841 more,
1504 2802 1558 2832 ubi
1581 2807 1613 2832 et
1633 2803 1674 2833 de

216 2853 374 2895 principio
390 2858 423 2884 et
437 2854 477 2886 de
503 2854 562 2892 his,
586 2865 657 2896 quae
672 2866 691 2886 a
713 2855 868 2897 principio
895 2857 1104 2895 deducuntur,
1120 2857 1259 2898 disputas
1273 2868 1281 2896 3
1305 2857 1331 2888 si
1347 2857 1439 2887 modo
1454 2854 1549 2887 velles
1567 2866 1674 2887 eorum

218 2906 351 2950 aliquid,
367 2918 437 2950 quae
452 2919 522 2940 vere
544 2913 628 2946 sunt,
644 2909 805 2940 invenire?
830 2919 902 2940 nam
927 2910 991 2941 inis
1013 2910 1142 2942 sortasse
1166 2911 1270 2942 nullus
1293 2911 1352 2942 hac
1379 2910 1418 2941 de
1443 2920 1475 2940 re
1500 2919 1598 2940 sermo
1615 2914 1672 2946 est,

218 2960 306 2994 nulla
318 2972 401 2995 cura.
446 2963 585 2996 Possunt
597 2962 679 2996 enim
695 2973 760 3006 prae
782 2964 937 3006 sapientia
952 2970 984 2997 et
1000 2964 1089 2998 simul
1105 2965 1209 2998 onmia
1225 2965 1420 2998 commiscere
1435 2968 1467 2995 et
1482 2967 1584 2995 tamen
1600 2963 1672 2995 sibi-
