1846 3268
274 278 358 318 282
870 271 1137 313 PLA‘roms
1672 277 1744 329 [92

278 379 410 414 modum
426 389 527 421 nuper
538 377 707 410 Thebanus
721 374 874 408 Ismenias
888 374 1066 418 Polycratis
1081 374 1230 418 pecunias
1242 379 1364 414 nactus,
1376 376 1431 409 sed
1441 376 1609 419 prudentia
1618 378 1746 420 propria

278 438 376 477 etque
393 432 555 475 vigilantia
569 431 705 463 lucratus
718 435 777 462 est.
800 433 950 471 praeterea
963 438 1021 460 nec
1037 429 1188 470 superbus
1199 429 1276 461 civis
1288 440 1391 473 neque
1403 430 1528 462 inflatus
1540 436 1595 463 aut
1603 431 1750 470 difficilis,

278 498 388 520 verum
404 487 573 522 modestus,
586 489 620 516 et
632 483 714 526 frugi
728 482 892 524 facilisque
906 483 954 514 vir
968 481 1098 516 exstitit.
1122 482 1237 515 deiude
1251 483 1335 516 hunc
1347 485 1428 516 bene
1438 485 1587 518 educavit
1599 485 1749 518 erudivit·

281 552 356 585 que,
383 540 475 582 cujus
498 539 542 571 rei
566 537 653 570 testis
677 542 727 570 est
750 536 850 568 omnis
875 536 1080 568 Atheniensis
1105 536 1253 578 populus,
1279 538 1335 580 qui
1361 549 1433 571 eum
1453 540 1493 571 ad
1510 550 1646 572 summos
1660 539 1752 583 eligit

283 596 494 638 magistratus.
517 604 574 636 par
589 597 637 625 est
651 603 714 624 una
728 602 800 624 cum
812 590 994 633 hujusmodi
1008 591 1093 629 viris,
1109 601 1149 623 an
1164 591 1228 623 sint
1241 593 1340 635 aliqui
1355 593 1478 625 virtutis
1489 594 1641 637 magistri,
1653 599 1686 627 et
1697 594 1752 636 qui

278 650 355 687 sint,
370 648 485 691 passim
499 646 701 689 investigare.
745 646 829 688 Ergo
844 656 915 688 age,
930 656 949 677 o
974 645 1099 688 Anyte,
1122 655 1227 687 quaere
1247 657 1368 679 mecum
1394 658 1519 690 unaque
1540 659 1611 680 cum
1626 649 1752 692 hospite

278 706 337 734 tuo
350 703 504 739 Menone,
519 699 647 743 quinam
663 699 758 742 hujus
773 699 818 731 rei
833 705 1042 741 praeceptores
1065 698 1127 731 sint
1141 709 1150 740 ;
1172 699 1252 732 etin
1268 701 1352 733 hunc
1367 702 1495 734 modum
1509 702 1693 735 considera:
1719 702 1753 734 Si

276 756 429 788 vellemus
454 755 630 787 Menonem
653 754 739 786 hunc
766 753 919 795 optimum
943 752 1009 785 fleri
1036 752 1208 794 medicum,
1231 754 1271 785 ad
1297 763 1378 795 quos
1399 755 1594 797 potissimum
1608 755 1753 788 doctores

277 809 543 854 perduceremus?
567 818 673 840 nonne
688 807 728 839 ad
744 806 908 838 medicos?
954 806 1022 838 An.
1045 805 1189 839 Prorsus.
1233 807 1290 839 So.
1313 807 1356 838 Et
1370 807 1397 839 si
1411 808 1578 841 cerdonem
1594 809 1749 851 optimum

277 864 412 896 evadere
426 872 626 905 cuperemus,
640 872 682 893 an
698 871 763 893 non
779 861 820 892 ad
831 861 983 893 cerdones
997 861 1009 892 ?
1053 859 1122 892 An.
1145 860 1209 893 Ita.
1252 861 1309 894 So.
1333 861 1375 893 Et
1385 861 1418 893 in
1430 862 1498 894 aliis
1508 863 1621 895 eodem
1631 863 1727 895 modo
1741 863 1752 894 ?

277 918 349 952 Aa.
373 916 528 950 Omnino.
571 916 629 949 So.
653 915 708 947 Sic
725 915 834 946 iterum
851 915 892 946 de
914 914 1045 947 medicis
1070 914 1147 946 mihi
1161 914 1270 947 dicas:
1295 915 1379 948 cnm
1402 917 1550 955 diximus,
1563 917 1753 949 mittendum

277 973 364 1004 hunc
378 981 446 1003 esse
459 971 501 1002 ad
517 970 669 1007 medicos,
685 969 710 1000 si
730 969 888 1000 medicum
911 968 979 1000 fore
1003 968 1150 1010 velimus,
1171 979 1212 1000 an
1233 979 1298 1001 non
1318 970 1353 1002 id
1372 971 1599 1010 sentiebamus,
1625 976 1660 1003 ut
1684 971 1753 1002 sisti

279 1025 397 1058 debeat
411 1024 498 1066 apud
522 1034 577 1055 eos
592 1024 758 1060 duntaxat,
774 1022 830 1064 qui
844 1026 942 1054 artem
963 1022 1048 1054 illam
1070 1022 1256 1064 profitentur
1277 1034 1314 1056 ac
1331 1025 1505 1057 mercedem
1524 1035 1582 1067 pro
1597 1035 1636 1057 ea
1649 1024 1753 1067 palam

279 1080 321 1112 ab
336 1078 533 1111 auditoribus
549 1077 702 1120 capiunt?
727 1087 833 1109 nonne
855 1076 950 1119 hujus
972 1077 1051 1108 ratio
1073 1077 1220 1109 habenda
1246 1082 1306 1116 est,
1327 1079 1354 1110 si
1376 1079 1471 1111 modo
1484 1079 1572 1111 illum
1587 1079 1757 1122 prudenter

283 1134 419 1167 locaturi
448 1133 570 1165 simus?
615 1131 685 1165 An.
709 1132 763 1164 Sic
792 1136 851 1164 est.
898 1130 957 1164 So.
981 1131 1024 1163 Et
1053 1132 1093 1164 de
1124 1131 1271 1164 tibiarum
1299 1143 1380 1164 sono
1407 1143 1446 1166 ac
1473 1133 1586 1166 ceteris
1613 1133 1758 1166 omnibus

282 1188 427 1222 similiter
439 1187 662 1230 judicandum.
685 1196 789 1228 neque
803 1186 890 1218 enim
904 1185 1071 1218 mediocris
1091 1185 1218 1219 inscitia
1239 1191 1331 1225 esset,
1353 1187 1428 1219 dum
1443 1188 1638 1220 studeremus
1647 1197 1757 1231 quem·

281 1243 370 1286 piam
387 1242 551 1274 tibicinem
574 1241 653 1279 fieri,
672 1241 892 1273 commendare
915 1240 954 1271 iis
971 1239 1070 1277 nolle,
1085 1239 1142 1282 qui
1160 1240 1343 1273 facultatem
1363 1241 1446 1274 hanc
1464 1241 1654 1284 pollicentur
1679 1251 1758 1275 mer-

279 1297 454 1339 cedemque
469 1299 642 1338 reportant,
658 1295 715 1327 sed
731 1295 792 1327 hoc
807 1304 887 1326 onus
902 1293 964 1325 illis
978 1293 1155 1336 imponere,
1172 1294 1228 1336 qui
1243 1305 1302 1327 nec
1318 1295 1492 1328 doctrin-m
1503 1295 1565 1328 sibi
1577 1295 1761 1339 vendicant,

279 1359 341 1384 nec
355 1355 404 1382 est
418 1349 505 1391 apud
528 1349 602 1380 illos
616 1347 699 1380 ullus
727 1348 761 1379 in
782 1349 840 1379 hac
856 1352 922 1379 arte
937 1347 1125 1389 discipulus,
1153 1357 1217 1390 qua
1231 1348 1342 1380 instrui
1365 1350 1462 1388 hunc,
1483 1359 1577 1392 quern
1591 1349 1758 1389 mittinfus,

280 1402 510 1437 desideramus.
532 1412 572 1435 an
588 1413 653 1434 non
668 1402 778 1445 procul
793 1412 812 1434 a
823 1401 945 1433 ratione
958 1401 995 1433 id
1011 1402 1117 1434 esset?
1149 1400 1216 1434 An.
1239 1402 1302 1434 Per
1315 1402 1442 1442 Jovem,
1452 1413 1518 1435 non
1529 1403 1625 1436 modo
1635 1404 1754 1447 absque

279 1458 415 1496 ratione,
437 1467 547 1490 verum
562 1457 658 1489 etiam
681 1456 843 1489 dementia
856 1455 1014 1498 quaedam.
1058 1455 1116 1488 so.
1139 1455 1243 1488 Probe
1257 1456 1407 1499 loqueris.
1451 1456 1548 1490 Nunc
1561 1457 1668 1500 itaque
1680 1457 1756 1490 licet

281 1512 342 1545 tibi
358 1511 436 1555 [91]
459 1511 668 1544 communiter
682 1521 746 1543 una
760 1520 884 1543 mecum
893 1510 935 1542 de
949 1510 1010 1542 hoc
1021 1510 1147 1552 hospite
1162 1514 1218 1542 tuo
1229 1510 1373 1544 Menone
1387 1511 1572 1544 deliberare.
1592 1512 1644 1545 hic
1659 1511 1756 1550 enim,

280 1576 300 1598 ο
309 1565 432 1609 Anyte‚
436 1565 626 1608 jampridem
638 1565 812 1604 mihidixit,
820 1574 854 1597 se
863 1566 946 1597 hanc
957 1564 1144 1607 sapientiam
1152 1564 1361 1608 virtutemque
1371 1570 1534 1608 appetere,
1542 1575 1606 1609 qua
1614 1566 1758 1599 homines

280 1621 429 1654 civitates
455 1625 490 1652 et
502 1620 614 1652 dom‘os
629 1625 714 1652 recte
729 1620 916 1662 gubernant,
938 1619 1084 1661 filiosque
1102 1630 1177 1652 suos
1198 1629 1293 1662 quam
1308 1619 1428 1662 optime
1442 1620 1591 1660 educant,
1613 1630 1652 1653 sc
1673 1620 1758 1653 cives

281 1679 316 1707 et
329 1674 473 1717 hospites
488 1679 554 1706 tum
568 1675 733 1706 admittere
748 1679 814 1706 tum
825 1673 983 1706 dimittere
993 1674 1107 1711 sciunt,
1120 1678 1156 1706 ut
1168 1674 1253 1705 bono
1272 1674 1338 1706 viro
1349 1673 1480 1716 dignum
1495 1679 1555 1707 est.
1598 1674 1759 1707 Meditare

280 1728 391 1772 igitur,
407 1729 448 1761 ad
462 1739 557 1771 quem
572 1728 770 1771 potissimum
786 1727 882 1770 hujus
905 1728 1127 1770 comparandae
1141 1728 1263 1760 virtutis
1277 1729 1375 1771 gratia
1388 1729 1474 1761 huno
1496 1728 1618 1762 mittere
1632 1728 1757 1762 deceat.

284 1782 341 1817 An
357 1793 396 1817 ex
410 1782 472 1825 his,
487 1793 560 1825 quae
581 1783 677 1815 modo
692 1783 841 1825 diximus,
855 1787 956 1826 patet,
972 1782 1231 1815 committendum
1246 1783 1294 1816 his
1308 1794 1388 1826 esse,
1402 1783 1460 1826 qui
1473 1793 1508 1815 se
1521 1783 1668 1815 docturos
1682 1783 1759 1815 talia

282 1838 487 1881 pollicentur,
500 1847 598 1879 seque
613 1837 718 1880 palam
733 1837 850 1879 cuique
865 1836 1049 1869 Graecorum
1064 1837 1186 1870 discere
1201 1837 1320 1870 volenti
1335 1847 1458 1879 semper
1471 1841 1646 1879 exponunt,
1660 1835 1755 1880 hujus

281 1890 462 1934 disciplinas
475 1892 692 1933 prescriptum
706 1892 843 1934 pretium
856 1891 1043 1934 capientes?
1089 1891 1160 1925 An.
1182 1891 1228 1924 At
1242 1902 1322 1934 quos
1336 1891 1428 1930 dicis,
1444 1902 1463 1923 ο
1484 1891 1651 1924 Socrates?
1697 1891 1756 1926 So.

287 1944 388 1977 Nosti
402 1945 641 1988 quodammodo
657 1950 690 1977 et
703 1945 774 1988 ipse
788 1946 847 1977 hos
862 1956 943 1987 esse,
958 1946 1015 1988 qui
1027 1946 1154 1988 publice
1165 1946 1313 1988 sophistae
1334 1950 1496 1978 vocantur.
1536 1946 1606 1979 ΛΝ.
1629 1945 1758 1988 Hercle,

286 1999 373 2032 bona
384 1999 480 2031 verba
494 2009 614 2041 quaeso,
628 2010 648 2031 o
674 1999 840 2032 Socrates!
885 1999 1002 2032 Nullus
1018 2004 1222 2042 cognatorum
1236 1999 1286 2032 vel
1301 1999 1500 2032 familiarium
1515 1999 1565 2032 vel
1576 2000 1758 2042 amicorum,

282 2057 340 2085 sut
363 2053 478 2086 civium
506 2058 562 2084 aut
585 2053 758 2096 hospitum,
783 2053 817 2085 in
843 2058 963 2085 tantam
987 2053 1142 2086 insaniam
1171 2052 1304 2092 incidat,
1329 2058 1367 2086 ut
1389 2053 1459 2086 istis
1486 2053 1648 2086 adhaerens
1676 2053 1755 2087 inde

283 2106 456 2150 perdaturz
479 2117 586 2139 eorum
611 2108 733 2151 quippe
756 2108 954 2140 consuetudo
980 2112 1066 2140 certa
1087 2107 1225 2146 illorum,
1251 2107 1307 2150 qui
1321 2118 1376 2140 eos
1391 2113 1562 2150 sectantur,
1584 2108 1683 2151 pestis
1696 2114 1757 2143 est.

285 2160 343 2194 So.
367 2160 432 2193 Cur
449 2161 495 2192 ita
509 2160 602 2199 dicis,
617 2161 729 2204 Anyte
743 2162 754 2193 ?
779 2172 854 2194 num
868 2161 892 2194 ii
907 2162 963 2205 qui
977 2161 1036 2194 soli
1051 2172 1090 2194 ex
1105 2162 1192 2194 omni
1205 2163 1367 2194 hominum
1381 2172 1506 2204 genere,
1520 2172 1593 2195 cum
1607 2163 1758 2206 prodesse

286 2215 468 2247 hominibus
484 2216 683 2258 profitentur,
697 2220 788 2248 tanto
803 2216 914 2248 ceteris
924 2217 1094 2249 deteriores
1109 2222 1194 2255 sunt,
1210 2221 1246 2248 ut
1257 2227 1322 2249 non
1333 2217 1427 2248 modo
1437 2227 1502 2248 non
1509 2216 1638 2259 juvent,
1647 2227 1757 2260 quem-

285 2270 458 2302 admodum
473 2269 539 2308 alii,
553 2270 642 2313 quod
652 2271 729 2313 ipsis
745 2270 894 2303 traditum
908 2269 950 2303 sit
962 2283 971 2303 z
987 2281 1094 2303 verum
1104 2276 1213 2303 contra
1222 2276 1538 2315 corrumpant,atque
1553 2271 1647 2314 hujus
1656 2272 1756 2315 gratia

290 2324 385 2366 vulgo
397 2324 576 2357 mercedem
593 2324 722 2368 exigant
734 2325 746 2356 ?
762 2324 920 2368 Equidem
930 2335 997 2357 non
1006 2325 1111 2363 video,
1121 2336 1184 2368 qua
1193 2325 1314 2359 ratione
1323 2326 1417 2358 fidem
1427 2325 1483 2357 tibi
1494 2325 1670 2360 adhibeam.
1685 2327 1760 2358 novi

293 2378 377 2411 enim
393 2378 492 2410 virum
507 2389 606 2410 unum
621 2379 835 2422 Protagoram,
851 2380 906 2422 qui
921 2380 1026 2423 plures
1050 2381 1092 2412 ob
1107 2381 1188 2412 hanc
1210 2380 1394 2422 sapientiam
1410 2379 1562 2422 pecunias
1575 2380 1760 2418 cumulavit,

287 2443 382 2476 quem
398 2437 454 2464 aut
469 2432 600 2465 Phidias
614 2433 681 2476 ille,
698 2433 790 2477 cujus
804 2439 867 2466 tam
883 2435 1048 2478 perspicua
1059 2434 1252 2477 pulchraque
1267 2445 1362 2477 opera
1371 2438 1507 2476 exstant,
1517 2438 1573 2466 aut
1585 2433 1695 2466 decem
1705 2434 1761 2467 sui

292 2486 468 2529 sculptores
497 2486 609 2520 lucrati
637 2488 764 2521 fuerint.
809 2489 878 2522 Au.
900 2487 1002 2531 Atqui
1029 2488 1196 2520 absurdum
1225 2493 1319 2531 esset,
1348 2487 1375 2519 si
1402 2487 1459 2531 qui
1487 2487 1612 2520 calceos
1640 2493 1759 2521 veteres

289 2546 449 2574 consuunt
463 2546 629 2584 vestesque
643 2543 827 2582 resarciunt,
842 2544 939 2576 latere
953 2554 1017 2575 non
1034 2547 1162 2586 possent
1174 2542 1242 2575 dies
1257 2542 1395 2585 triginta,
1409 2542 1579 2575 deteriores
1592 2542 1759 2576 reddentes

289 2605 385 2641 quarn
397 2596 591 2638 acceperint.
637 2597 695 2630 So.
719 2597 867 2630 Ceterum
883 2597 910 2630 si
928 2597 1001 2629 talia
1011 2585 1166 2636 ¹facerent,
1182 2597 1267 2629 brevi
1281 2596 1364 2629 fame
1379 2597 1526 2640 perirent.
1570 2597 1758 2640 Protagoras

287 2654 395 2682 autem
405 2650 584 2683 universam
608 2651 765 2685 Graeciam
790 2663 892 2685 annos
913 2652 1080 2696 plusquam
1105 2651 1314 2695 quadraginta
1337 2652 1478 2695 decepit,
1503 2652 1579 2684 dum
1594 2651 1761 2684 familiares

286 2708 477 2747 perverteret
511 2705 743 2750 deterioresque
773 2708 919 2740 redderet
953 2717 1048 2750 quam
1084 2707 1269 2750 accepisset.
1325 2706 1412 2739 Nam
1449 2716 1529 2745 reor,
1563 2705 1651 2738 illum
1693 2705 1760 2738 vita

289 2757 461 2790 decessisse
475 2763 586 2791 ustum
600 2770 700 2792 annos
714 2771 806 2803 paene
819 2761 1032 2804 septuaginta,
1058 2761 1264 2804 qnadraginta
1286 2770 1359 2793 vero
1378 2761 1414 2793 in
1437 2760 1498 2793 hac
1512 2763 1577 2793 srte
1591 2763 1759 2794 versatum.

287 2820 326 2844 ee
350 2821 406 2854 per
428 2822 523 2845 omne
548 2812 628 2845 illud
653 2819 779 2857 tempus
796 2825 897 2857 usque
922 2815 955 2846 in
978 2815 1060 2847 hanc
1088 2814 1172 2856 diem
1187 2813 1289 2848 clarus
1303 2814 1434 2847 exstitit.
1454 2823 1559 2856 neque
1572 2812 1759 2856 Protagoras

287 2870 424 2910 tanturn,
447 2867 503 2900 sed
527 2867 580 2900 alii
606 2878 733 2911 quoque
759 2869 917 2913 permulti,
941 2870 1055 2912 partim
1079 2868 1155 2913 [92]
1180 2870 1296 2912 priores
1318 2869 1387 2911 illo,
1412 2867 1524 2910 partim
1551 2866 1647 2900 etiem
1671 2875 1758 2900 nunc

286 2919 384 2953 vitam
399 2925 539 2964 ugentes.
585 2921 698 2954 Utrum
712 2923 886 2955 secundum
909 2924 1082 2957 orationem
1101 2929 1189 2956 tuam
1208 2924 1361 2962 dicemus,
1375 2933 1430 2956 eos
1451 2920 1596 2955 conscios
1608 2921 1756 2965 decipere

287 2978 381 3017 etque
396 2973 510 3009 ledere
520 2975 667 3018 juvenes,
683 2987 723 3011 an
750 2988 783 3011 se
798 2977 884 3021 ipsos
905 2988 1031 3022 quoque
1053 2978 1171 3012 latere?
1194 2983 1227 3012 et
1249 2978 1375 3011 insanos
1397 2977 1458 3011 hoc
1474 2982 1569 3020 pacto
1584 2975 1656 3010 illos
1669 2986 1750 3018 esse,
