1846 3268
185 299 280 350 308]
735 297 1039 338 POLITICUS.
1566 303 1646 342 395

181 410 306 442 cunque
322 401 370 431 vel
399 399 516 430 musica
538 398 587 429 vel
606 398 729 439 pictura
751 398 847 430 eflicit
869 399 1044 429 imitando?
1091 399 1149 430 So.
1171 399 1402 441 Saepenumero.
1445 401 1554 435 Hosr.
1578 403 1644 435 Re-

182 454 332 491 cordatis,
347 453 505 496 quomodo
521 452 574 483 illa
589 452 621 483 in
639 462 831 494 unoquoque
847 452 976 483 istorum
993 452 1146 484 laudant?
1161 453 1224 484 So.
1241 453 1388 487 Minime.
1411 454 1516 488 HosP.
1533 456 1585 488 An
1602 458 1647 488 ita

182 509 264 548 haec,
279 513 315 538 ut
322 507 475 548 intelligo,
486 506 640 548 explicare
652 506 753 537 verbis
767 511 877 547 potero
892 507 903 537 ?
948 506 1002 538 So.
1027 506 1112 543 Quid
1126 507 1292 548 prohibet?
1336 508 1445 540 Hosv.
1467 509 1572 541 Facile
1583 511 1644 542 hoc

181 561 356 592 existimare
381 560 493 592 videris
507 571 515 590 ε
538 570 634 601 quare
658 560 759 600 ipsum
786 559 818 590 in
844 560 1008 601 generibus
1033 560 1251 592 subcontrariis
1265 561 1447 603 cogitemus.
1492 563 1647 600 Quotiens

183 615 370 646 admiramur
377 614 535 646 actionum
549 613 712 644 multarum
724 613 935 650 velocitatem,
946 613 1187 654 vehementiam,
1201 625 1345 652 acumen,
1357 621 1422 646 tum
1433 616 1645 657 cogitationis,

183 674 248 700 tum
264 667 412 709 corporis,
427 672 492 698 tum
508 667 602 698 etiam
618 666 716 703 vocis,
732 677 795 697 una
809 667 944 708 quadam
961 666 1063 698 laudis
1080 667 1293 708 appellatione
1305 669 1350 699 uti
1362 668 1508 707 solemus,
1519 670 1646 701 nomine

181 721 375 754 fortitudinis
390 731 512 762 semper
527 719 680 752 adhibito.
725 721 781 752 So.
806 720 879 758 Quo
907 721 1026 762 pacto?
1068 720 1177 752 How.
1200 721 1339 753 Acutum
1362 722 1496 754 dicimus
1511 728 1544 755 et
1557 723 1648 761 sorte,

182 775 272 807 velox
295 780 328 807 et
352 775 444 811 forte,
468 775 636 806 vehemens
662 779 695 806 et
718 775 821 806 sorte:
846 775 963 816 hasque
989 779 1113 806 naturas
1136 774 1293 806 communi
1307 775 1499 807 fortitudinis
1521 777 1649 809 nomine

181 830 308 861 laudare
322 828 468 859 solemus.
512 828 568 860 So.
594 826 751 861 Profecto.
796 827 902 859 Hosr’.
925 827 1042 859 Nonne
1054 828 1148 859 etiam
1161 828 1276 870 quietae
1290 829 1496 870 generationis
1511 831 1646 871 speciem

181 882 281 926 [³07]
304 882 337 913 in
352 881 457 913 multis
473 881 648 913 actionibus
664 891 747 922 saepe
759 881 977 912 laudavimus?
1022 881 1077 915 So.
1101 881 1216 913 Valde.
1261 881 1370 915 Hosr.
1393 881 1510 914 Nonne
1525 889 1648 915 contra-

183 936 234 968 riis
249 936 284 967 iu
299 937 356 968 hac
372 941 466 978 atque
482 935 514 966 in
537 935 600 966 illis
628 934 772 966 laudibus
796 934 932 965 utimur?
976 934 1032 967 So.
1057 934 1354 971 Quemadmodum?
1399 935 1507 968 HosP.
1530 936 1650 973 Quieta

183 990 250 1022 haec
261 995 344 1026 sunt,
361 999 444 1030 saepe
459 988 603 1025 dicimus,
616 994 648 1019 et
664 993 846 1029 temperata,
858 993 890 1019 et
905 989 972 1019 haec
986 988 1066 1020 circa
1082 988 1304 1029 cogitationem
1317 998 1455 1019 amamus
1471 990 1649 1021 laudamus-

184 1054 264 1085 que:
281 1043 362 1074 circa
373 1042 513 1074 actiones
527 1043 613 1072 tarda
625 1046 657 1073 et
669 1041 795 1072 mollia:
812 1041 894 1073 circa
907 1052 999 1073 voces
1014 1041 1096 1072 levia
1111 1047 1205 1083 atque
1219 1041 1336 1083 gravia,
1352 1047 1385 1073 et
1400 1052 1522 1074 omnem
1537 1044 1648 1085 rhyth-

183 1096 297 1129 micum
326 1106 586 1137 numerosumque
613 1100 733 1126 motum
757 1105 944 1137 omnemque
960 1106 1078 1126 musam
1105 1100 1283 1136 opportuna
1310 1095 1455 1126 tarditate
1482 1101 1621 1127 utentem
1636 1107 1646 1129 ε

183 1151 294 1192 hisque
309 1150 453 1181 omnibus
468 1148 688 1181 moderationis
703 1158 831 1185 nomen,
844 1158 909 1179 non
924 1148 1116 1179 fortitudinis
1129 1147 1324 1181 adhibemus.
1347 1149 1404 1181 So.
1420 1149 1505 1181 Vera
1518 1149 1648 1181 nimium

185 1203 331 1246 loqueris.
376 1203 481 1234 Hosr.
505 1202 549 1233 At
564 1202 708 1244 quotiens
724 1202 992 1243 opportunitatem
1007 1201 1066 1232 ista
1093 1212 1157 1233 non
1172 1206 1306 1240 servant,
1321 1207 1430 1234 contra
1445 1203 1571 1235 mutatis
1592 1214 1649 1235 no-

186 1257 322 1289 minibus
336 1257 557 1299 vituperamus.
603 1256 659 1288 So.
683 1255 772 1293 Qui?
817 1255 924 1287 Hosr.
944 1255 1028 1291 ,Cum
1052 1256 1192 1288 acutiora
1206 1255 1286 1286 fiunt
1310 1255 1540 1298 velocioraque,
1556 1261 1589 1288 et
1603 1267 1652 1288 as-

186 1310 308 1354 periora
322 1310 386 1341 sive
412 1310 547 1352 duriora,
568 1319 660 1351 quam
677 1309 898 1351 opportunitas
922 1308 1031 1350 exigit,
1058 1308 1192 1341 dic-imus
1205 1308 1442 1347 contumeliosa,
1464 1309 1652 1351 petulantia,

187 1364 322 1396 furiosa:
349 1373 419 1395 cum
435 1374 507 1394 vero
523 1362 661 1405 graviora
676 1361 872 1404 tardioraque
888 1366 920 1394 et
935 1361 1078 1392 molliora
1101 1362 1192 1399 fiunt,
1209 1361 1318 1393 timida
1331 1362 1509 1404 ineptaun
1517 1363 1651 1395 dicimus

186 1422 220 1449 et
234 1418 364 1460 ignava:
381 1422 476 1458 atque
491 1421 527 1447 ut
540 1416 705 1458 plurimum
721 1416 829 1446 horum
843 1414 1120 1457 temperantiaeque
1130 1420 1270 1446 naturam
1285 1421 1319 1447 et
1331 1409 1561 1455 fortitudinem,
1574 1427 1652 1448 con·

186 1471 344 1502 trariorum
361 1475 472 1512 utpote
487 1469 614 1501 hostiles
626 1470 729 1510 ideas,
743 1475 775 1500 et
790 1469 822 1500 in
837 1480 870 1500 se
885 1469 1018 1502 invicem
1031 1470 1192 1501 seditiosas
1205 1469 1399 1502 inveniemus
1413 1481 1421 1501 ε
1445 1481 1503 1503 nec
1518 1470 1652 1503 invicem

184 1525 218 1556 in
232 1524 420 1562 actionibus,
436 1534 506 1566 qum
521 1524 602 1556 circa
616 1524 691 1555 talia
705 1528 876 1561 versantur,
901 1524 1083 1556 commixtas
1107 1534 1173 1555 esse
1188 1535 1196 1555 ε
1222 1534 1324 1566 neque
1339 1534 1393 1555 eos
1409 1524 1548 1566 insuper,
1573 1535 1653 1566 quo·

186 1589 253 1610 rum
268 1579 337 1609 haec
363 1577 396 1608 in
411 1578 521 1609 animis
535 1578 654 1614 insunt,
670 1578 751 1608 inter
773 1587 806 1608 se
822 1577 1012 1618 consentire,
1035 1579 1090 1609 sed
1106 1577 1281 1619 discrepare
1305 1578 1423 1620 potius,
1445 1577 1472 1609 si
1487 1577 1654 1619 diligenter

188 1631 454 1673 investigabimus.
498 1630 553 1662 So.
578 1631 643 1667 Qui
657 1630 739 1662 istuc
754 1631 823 1662 ais?
868 1630 975 1662 Hosr.
998 1631 1036 1662 In
1051 1631 1101 1668 iis,
1117 1631 1257 1672 inquam,
1280 1630 1436 1668 omnibus,
1461 1642 1532 1673 quae
1547 1631 1654 1663 retuli-

189 1695 258 1716 mus
273 1695 280 1716 :
304 1685 381 1727 quin
397 1684 475 1716 etin
490 1684 571 1721 aliis,
587 1690 623 1715 ut
637 1689 881 1716 consentaneum
902 1690 960 1721 est,
978 1684 1150 1726 permultis.
1173 1695 1244 1715 nam
1259 1695 1329 1716 cum
1346 1684 1468 1727 utrique
1484 1695 1539 1726 pro
1561 1690 1655 1716 natu-

191 1749 232 1769 rae
247 1748 311 1769 suae
326 1738 544 1770 convenientia
558 1738 670 1780 partim
698 1749 745 1770 res
761 1743 795 1769 ut
810 1738 948 1780 proprias
972 1749 1105 1780 suasque
1120 1738 1260 1775 laudent,
1290 1738 1402 1780 partim
1420 1739 1537 1770 alienas
1551 1744 1588 1770 ut
1601 1750 1656 1771 ex-

191 1797 312 1824 traneas
326 1792 504 1833 reprobent,
518 1792 551 1822 in
569 1792 672 1822 multis
697 1792 834 1834 denique
847 1792 1016 1823 adversarii
1028 1792 1117 1831 *inter
1131 1803 1164 1823 se
1191 1793 1389 1824 vehementes
1403 1794 1555 1826 evadunt.
1598 1794 1657 1828 So.

189 1846 356 1878 Videntur.
400 1845 509 1877 Hosr‘.
531 1845 703 1877 Altercatio
727 1846 795 1877 haec
818 1846 991 1886 specierum
1012 1845 1120 1876 talium
1144 1846 1176 1876 in
1197 1846 1386 1888 quibusdam
1409 1846 1502 1877 ludus
1526 1847 1654 1888 quidam

195 1904 264 1931 estz
287 1899 321 1930 in
336 1899 475 1930 maximis
491 1903 594 1930 autern
611 1899 701 1930 rebus
712 1899 835 1930 morbus
845 1899 881 1930 fit
892 1899 1029 1930 omnium
1040 1899 1160 1931 civitati
1172 1899 1378 1941 gravissimus.
1423 1900 1479 1933 S0.
1502 1899 1656 1936 Qualibus

191 1954 225 1984 in
240 1953 331 1984 rebus
357 1952 461 1994 inquis
475 1953 486 1983 ?
531 1952 638 1983 Hos».
659 1952 699 1983 In
725 1952 822 1990 omni,
846 1957 882 1983 ut
906 1957 1150 1984 consentaneum
1177 1958 1238 1990 est,
1268 1953 1492 1985 constitutione
1519 1954 1658 1994 vivendi,

193 2007 276 2038 Nam
292 2006 346 2049 qui
361 2006 470 2038 ceteris
486 2006 639 2037 modestia
653 2011 811 2048 praestant,
827 2006 900 2037 vitae
916 2007 1133 2048 tranquillitati
1149 2007 1287 2044 student,
1303 2017 1359 2038 sua
1373 2017 1495 2049 semper
1513 2007 1656 2049 privatim

193 2066 334 2102 agentes,
349 2059 434 2102 pacis
451 2059 533 2090 avidi
549 2060 800 2102 concordiaeque,
814 2066 878 2091 tam
892 2071 965 2103 erga
979 2061 1122 2092 homines
1135 2060 1254 2092 alienos
1269 2071 1362 2102 quam
1379 2071 1451 2103 erga
1465 2062 1611 2092 concives
1625 2067 1658 2092 et

194 2114 346 2156 propriori.
391 2113 499 2155 Atque
513 2112 607 2154 hujus
622 2113 734 2145 amoris
759 2125 887 2146 excessu
903 2115 949 2152 fit,
975 2120 1011 2145 ut
1026 2115 1099 2146 dum
1116 2115 1178 2146 suis
1196 2114 1338 2156 privatim
1361 2115 1545 2146 incumbunt
1559 2115 1662 2156 operi-

197 2169 269 2210 bus,
283 2168 364 2199 clam
379 2172 412 2198 et
425 2167 486 2209 ipsi
501 2167 639 2199 imbelles
661 2168 862 2210 enervatique
878 2169 1058 2210 reddantur,
1074 2173 1106 2200 et
1123 2168 1263 2209 juniores
1278 2179 1334 2198 suo
1356 2167 1501 2209 exemplo
1516 2167 1661 2199 demolli-

193 2227 248 2253 ant
263 2226 295 2253 et
308 2221 502 2253 effeminent.
526 2222 610 2253 unde
625 2222 846 2253 invadentibus
869 2222 1060 2263 quibuslibet
1082 2222 1215 2263 expositi
1230 2227 1325 2252 sunt:
1349 2231 1385 2252 ac
1401 2221 1487 2252 brevi
1501 2221 1562 2262 ipsi
1577 2221 1660 2252 nati-

193 2285 256 2317 que
271 2280 303 2307 et
318 2275 416 2317 patria
431 2274 543 2312 omnis,
566 2275 663 2318 [308]
686 2275 766 2307 clam
782 2275 894 2306 amissa
910 2276 1063 2313 libertate,
1080 2276 1298 2307 succumbunt.
1341 2275 1396 2307 So.
1419 2274 1542 2306 Durum
1566 2275 1658 2306 valde

196 2329 335 2360 morbum
350 2339 537 2370 gravemque
557 2329 695 2360 narrasti.
740 2329 850 2361 HosP.
873 2329 938 2367 Qui
953 2339 1025 2360 vero
1041 2329 1081 2360 ad
1102 2329 1316 2360 fortitudinem
1332 2329 1440 2370 magis,
1457 2339 1549 2370 quam
1566 2339 1659 2370 opor-

194 2387 271 2419 teat,
285 2382 479 2414 declinantes
494 2381 671 2414 bellicosam
698 2383 792 2414 vitam
820 2383 1018 2415 vehementer
1043 2383 1204 2420 affectant,
1229 2382 1264 2413 hi
1286 2393 1369 2424 saepe
1392 2382 1507 2424 patrias
1528 2392 1601 2412 suas
1618 2382 1657 2412 ad

198 2435 315 2466 bellum
330 2439 503 2476 provocant
516 2441 549 2467 et
563 2437 724 2467 hortantur
737 2447 745 2468 ι
770 2441 864 2479 atque
881 2437 923 2469 ita
940 2442 1051 2478 gentes
1068 2436 1215 2478 plurimas
1237 2442 1270 2467 et
1285 2441 1430 2478 potentes
1444 2435 1506 2466 suis
1522 2435 1660 2466 infensas

193 2488 317 2519 civibus
333 2489 479 2520 reddunt.
501 2495 692 2531 quapropter
718 2489 768 2521 vel
784 2490 927 2522 {unditus
947 2491 1093 2522 civitates
1109 2500 1180 2521 suas
1201 2494 1356 2526 evertunt,
1384 2489 1430 2519 vel
1447 2488 1662 2529 imprudenter

196 2542 231 2573 in
245 2541 380 2573 hostium
396 2542 541 2583 redigunt
555 2544 745 2575 servitutem.
787 2544 844 2577 So.
868 2544 921 2576 Sic
936 2554 1062 2587 quoque
1073 2544 1201 2575 accidit.
1247 2543 1279 2574 H
1284 2552 1357 2573 051².
1380 2541 1463 2583 Ergo
1472 2542 1542 2583 quis
1553 2547 1659 2582 neget,

197 2595 232 2626 in
248 2594 295 2625 his
311 2595 378 2626 haec
393 2599 523 2636 utraque
538 2596 595 2627 sibi
619 2596 752 2628 invicem
769 2597 934 2638 plurimum
958 2596 1135 2628 adversari?
1179 2597 1236 2628 So.
1258 2594 1361 2625 Nemo
1384 2594 1504 2636 utique.
1550 2593 1659 2624 Hosp.

200 2647 253 2679 An
269 2658 332 2679 non
348 2649 434 2689 quod
448 2649 488 2679 ab
502 2649 592 2680 initio
606 2651 833 2691 quaerebamus,
848 2661 932 2682 nunc
948 2651 1124 2682 invenimus
1137 2652 1148 2681 ἓ
1163 2651 1247 2692 quod
1265 2648 1410 2680 videlicet
1422 2652 1525 2689 partes
1540 2647 1662 2677 virtutis

201 2701 347 2743 quaedam
362 2711 427 2732 non
442 2712 546 2743 parvae
561 2707 671 2734 natura
685 2709 718 2734 et
731 2703 809 2745 ipsae
824 2715 930 2736 secum
944 2710 1097 2746 pugnant,
1112 2709 1145 2735 et
1159 2704 1308 2734 habentes
1325 2711 1376 2732 eas
1391 2700 1567 2742 discrepare
1580 2699 1662 2729 inter

199 2765 231 2786 se
248 2755 411 2796 plurimum
427 2755 570 2786 faciunt?
616 2755 673 2787 So.
696 2756 850 2798 Apparet.
897 2757 1005 2788 HosP.
1028 2757 1100 2787 Hoc
1114 2756 1222 2787 itidem
1235 2764 1435 2786 assumamus.
1479 2754 1534 2785 So,
1558 2751 1660 2788 Quid-

198 2808 294 2839 nam?
339 2807 444 2840 Hosr‘.
468 2808 580 2839 Utrum
596 2808 726 2840 scientia
738 2810 844 2851 aliqua
855 2821 892 2840 ex
908 2811 969 2850 his,
985 2820 1114 2851 quarum
1131 2808 1214 2840 actio
1229 2808 1261 2838 in
1277 2806 1497 2849 componendo
1513 2808 1662 2841 versatur,

199 2872 280 2902 opus
296 2861 423 2902 aliquod
441 2872 531 2892 suum
546 2862 595 2892 vel
612 2862 792 2894 vilissimum
818 2867 930 2904 sponte
945 2874 982 2893 ex
1010 2863 1098 2893 malis
1113 2862 1202 2893 simul
1218 2868 1251 2893 et
1263 2861 1353 2892 bonis
1376 2859 1560 2901 quibusdam
1583 2867 1659 2888 con-

199 2914 314 2950 struit?
358 2914 410 2945 An
427 2915 531 2956 potius
558 2916 657 2946 omnis
672 2916 802 2947 scientia
825 2926 919 2958 prava
941 2927 1062 2958 semper
1083 2927 1140 2958 pro
1164 2915 1279 2947 viribus
1302 2913 1424 2955 abjicit,
1447 2917 1521 2953 apta
1542 2921 1612 2940 vero
1628 2915 1660 2940 et

201 2967 290 2998 utilia
305 2968 434 3010 captat?
458 2979 496 3000 ex
511 2969 559 3000 his
575 2974 676 3000 autem
700 2970 810 3010 partim
828 2970 990 3011 similibus,
1006 2970 1117 3011 partim
1134 2969 1345 3005 dissimilibus,
1363 2966 1504 2998 omnibus
1517 2965 1548 2995 in
1565 2974 1660 2997 unum
