1846 3268
253 294 333 333 320
860 291 1125 332 PLATONIS
1612 260 1718 349 [406-

251 393 415 429 acoluthos
427 400 460 428 et
482 394 605 431 echitis,
621 393 652 426 id
669 399 717 426 cst
732 394 950 437 pedissequus,
962 401 1079 436 comes,
1095 400 1127 427 et
1142 405 1216 427 uxor
1230 408 1238 427 :
1261 396 1294 428 in
1311 397 1425 439 quib'us
1440 407 1471 438 a,
1492 401 1528 428 nt
1541 401 1574 429 et
1588 397 1622 429 in
1636 397 1711 430 aliis

250 450 367 487 multis,
382 450 465 481 idem
481 450 565 492 quod
581 449 671 480 simul
687 448 852 489 significat,
878 448 912 479 in
927 449 975 479 his
988 458 1114 491 quoque
1129 459 1149 481 a
1170 455 1203 481 et
1218 450 1320 492 polleo
1336 451 1513 493 significant
1528 451 1712 489 versionem,

250 514 321 546 quae
335 503 424 534 simul
440 508 472 535 et
488 513 550 534 una
565 502 731 544 peragitur,
746 512 838 544 quam
860 502 1094 534 conversionem
1110 503 1270 537 dicamus:
1296 516 1351 547 per
1373 506 1440 537 haec
1456 505 1490 536 iu
1512 505 1598 536 coelis
1612 504 1710 546 signi-

250 558 360 589 ficatur
374 557 548 594 conversio,
563 567 632 599 quae
649 567 705 599 per
719 566 772 588 eos
787 556 822 586 fit
837 566 916 598 quos
933 556 1022 598 polos
1037 567 1183 589 vocamus
1196 570 1204 589 ε
1228 564 1261 590 et
1274 558 1305 590 in
1321 563 1415 591 cantu
1427 557 1599 596 harmonia,
1614 567 1708 600 quam

250 611 384 644 dicimus
408 611 640 654 symphoniam.
663 611 737 652 quia
761 611 794 642 in
824 610 883 648 his,
909 616 946 642 ut
968 611 1095 642 tradunt
1116 612 1241 644 musicae
1262 618 1296 644 et
1318 613 1514 644 astronomiae
1528 612 1631 654 periti,
1641 613 1713 643 har-

251 665 357 696 monia
381 665 518 707 quadam
539 664 628 696 simul
659 665 764 696 omnia
792 659 1023 697 convertuntur.
1058 665 1110 697 hic
1136 670 1240 697 autem
1269 667 1346 698 deus
1372 667 1540 698 harmoniae
1565 665 1714 708 praesidet

251 718 455 760 homopolon,
471 719 502 750 id
519 724 566 750 est
580 719 668 750 simul
683 724 804 751 vertens
819 719 887 750 haec
902 719 1017 756 omnia,
1033 724 1066 751 et
1079 720 1166 761 apud
1181 720 1256 752 deos
1271 725 1304 752 et
1315 721 1399 762 apud
1414 720 1567 752 homines.
1591 720 1711 758 Quem-

252 773 420 804 admodum
433 772 526 814 igitur
537 773 799 805 homocheleuton
811 777 844 804 et
855 773 1049 810 homobatin,
1059 773 1090 804 id
1104 778 1151 805 est
1162 773 1252 805 simul
1263 780 1388 806 euntem
1403 779 1436 806 et
1443 774 1534 806 simul
1539 773 1725 816 jacentem„

250 827 428 858 vocavimus
443 826 611 859 acoluthon
627 832 660 858 et
674 826 804 867 achhin,
820 837 838 857 o
855 827 887 857 in
913 837 932 858 a
948 831 1179 869 permutantes:
1203 827 1248 859 ita
1273 827 1457 870 Apollinem
1484 827 1719 866 nominavimus¹

251 891 324 912 cum
349 880 404 922 qui
428 885 493 912 erat
517 880 722 922 homopolon,
749 881 846 912 altero
872 881 881 911 l
906 881 1093 922 interjecto:
1117 882 1190 923 quia
1205 883 1398 924 aequivocum
1414 882 1524 915 suisset
1538 883 1616 913 duro
1638 892 1711 914 curn

251 929 495 977 nominesquod
511 939 544 966 et
558 934 606 965 his
623 935 816 976 temporibus
833 935 982 977 suspicati
999 936 1140 978 plerique
1150 948 1187 968 ex
1203 948 1241 968 eo
1255 938 1340 979 quod
1356 947 1420 967 non
1437 942 1518 968 recte
1533 936 1595 977 yirn
1611 935 1712 967 nomi-

252 988 300 1019 nis
316 987 410 1029 hujus
430 988 691 1026 animadvertunt,
717 989 848 1031 perinde
873 990 934 1021 hoc
957 995 1112 1028 metuunt,
1127 1001 1163 1021 ac
1188 991 1211 1022 si
1229 991 1398 1032 perniciem
1414 990 1569 1032 quandam
1592 989 1714 1031 signiti-

251 1046 345 1075 caret.
369 1043 422 1074 sed
439 1053 470 1074 re
486 1053 556 1074 vera
571 1053 685 1074 nomen
698 1043 780 1074 istud
805 1042 901 1085 [406]
923 1054 1031 1075 omnes
1046 1043 1139 1085 hujus
1153 1045 1204 1075 dei
1221 1044 1299 1076 vires
1315 1044 1545 1086 complectitur,
1561 1043 1711 1086 quemad-

253 1097 380 1127 modum
396 1096 642 1138 supradiximus.
665 1097 819 1138 significat
830 1098 912 1128 enirn
934 1098 1118 1140 simplicem,
1142 1104 1326 1141 perpetuum
1338 1097 1556 1140 jaculatorem,
1570 1096 1712 1139 expiato-

252 1160 316 1181 rem
331 1154 363 1181 et
379 1155 621 1182 convertentem.
667 1150 829 1182 Musarum
859 1162 929 1182 vero
944 1157 977 1182 et
993 1151 1118 1183 musicae
1141 1162 1268 1189 nomen,
1284 1152 1324 1182 ab
1339 1163 1377 1183 eo
1393 1151 1478 1193 quod
1502 1151 1617 1183 dicitur
1632 1161 1714 1191 mos-

253 1205 326 1241 tlue,
342 1204 374 1235 id
398 1209 446 1236 est
466 1204 631 1246 inquirere,
658 1204 922 1246 indagationcque
950 1211 981 1237 et
997 1206 1101 1237 studio
1117 1205 1292 1247 sapientiae,
1314 1211 1444 1238 tractum
1459 1210 1518 1239 est.
1563 1205 1655 1243 Leto,
1679 1204 1712 1236 id

253 1262 301 1289 est
316 1257 448 1296 Latona,
464 1269 481 1289 a
497 1258 736 1290 mansuetudine
755 1259 883 1300 dicitur,
906 1260 980 1301 quia
996 1259 1037 1290 sit
1052 1260 1241 1298 etlrelemon,
1257 1260 1288 1291 id
1305 1266 1352 1292 est
1367 1265 1511 1302 prompta
1525 1263 1557 1291 et
1572 1258 1714 1300 exposita

252 1317 286 1343 et
312 1311 412 1343 libens
435 1312 475 1343 ad
499 1311 532 1343 id
555 1313 640 1354 quod
668 1313 746 1354 petit
771 1313 903 1355 quisque
928 1314 1150 1345 exhibendum.
1173 1315 1252 1345 sorte
1268 1325 1350 1351 vero,
1375 1319 1409 1345 nt
1424 1313 1576 1356 perengni
1591 1316 1717 1344 vocant.

252 1365 342 1396 multi
356 1375 491 1407 namque
505 1365 597 1397 Litho
619 1367 792 1399 nominant.
815 1368 901 1409 quod
918 1378 1032 1399 nomen
1049 1368 1193 1400 tribuisse
1207 1367 1364 1405 videntur,
1380 1368 1455 1410 quia
1474 1378 1538 1399 non
1553 1366 1652 1409 rigida
1665 1366 1716 1398 itti

251 1430 350 1457 mena,
375 1421 430 1452 sed
451 1420 553 1452 mitis:
577 1421 649 1452 ideo
673 1421 776 1459 Litho,
799 1421 889 1464 quasi
912 1421 976 1453 lion
999 1423 1100 1459 ethos,
1125 1423 1157 1453 id
1180 1427 1228 1454 est
1250 1433 1314 1453 mos
1330 1422 1408 1453 lenis
1424 1426 1457 1453 et
1471 1421 1567 1464 mitis,
1588 1420 1628 1452 ab
1650 1420 1712 1452 illis

251 1473 501 1515 cognominatur.
545 1474 694 1511 Artemis,
714 1475 745 1506 id
761 1480 810 1507 est
824 1475 943 1516 Diana,
959 1486 995 1508 ex
1012 1486 1050 1507 eo
1066 1476 1151 1517 quod
1167 1481 1309 1513 artemes,
1321 1475 1408 1517 quasi
1424 1475 1544 1516 integra
1559 1473 1716 1505 modesta-

253 1538 315 1569 que
330 1527 381 1565 sit,
397 1533 524 1571 propter
540 1528 722 1570 virginitatis
744 1529 941 1561 electionem.
987 1529 1130 1561 Forsitan
1153 1530 1247 1562 etiam
1263 1529 1352 1572 quasi
1367 1529 1460 1561 aretis
1475 1528 1602 1571 histora,
1617 1527 1650 1558 id
1666 1532 1716 1559 est

252 1582 374 1614 virtutis
388 1583 556 1619 consciam,
573 1583 696 1628 yocavit
722 1584 856 1615 nominis
876 1584 1048 1617 institutor.
1095 1584 1244 1616 Fortassis
1267 1585 1361 1616 etiam
1386 1584 1470 1615 dicta
1492 1587 1540 1615 est
1563 1581 1714 1619 Artemis,

253 1636 344 1678 quasi
366 1641 476 1668 aroton
503 1637 658 1674 misisasis,
683 1637 715 1669 id
742 1643 790 1670 est
814 1638 902 1680 quasi
924 1638 978 1669 illa
998 1649 1196 1680 congressum
1219 1638 1320 1670 oderit
1339 1637 1393 1668 viri
1417 1647 1489 1669 cum
1503 1636 1640 1668 muliere.
1660 1636 1715 1675 ¹vel

253 1690 337 1722 enim
354 1696 480 1733 propter
494 1691 621 1722 istorum
638 1691 758 1734 aliquid
773 1692 822 1724 vel
846 1698 974 1734 propter
994 1693 1100 1724 omnia
1123 1692 1301 1734 hujusmodi
1324 1701 1438 1723 nomen
1460 1695 1508 1722 est
1522 1689 1714 1721 institutum.

253 1744 377 1779 Herm.
399 1744 486 1782 Quid
512 1756 584 1776 vero
610 1745 785 1789 Dionysius
812 1751 845 1778 et
869 1746 1059 1788 Aphroditi?
1106 1747 1162 1779 So.
1186 1747 1307 1788 Magna
1336 1746 1428 1788 petis,
1444 1743 1630 1786 >Hipponiei
1659 1743 1718 1776 fili.

253 1798 355 1841 Atqui
381 1805 430 1831 est
454 1800 614 1832 nominum
630 1801 707 1832 ratio
724 1800 772 1832 his
787 1801 846 1833 diis
869 1801 1084 1843 impositorum
1107 1801 1253 1843 gemina:
1277 1801 1358 1832 seria
1381 1799 1527 1831 videlicet
1540 1804 1574 1830 et
1585 1842 1587 1845 v
1591 1797 1715 1840 jocosa.

253 1853 370 1884 Setiam
392 1853 520 1895 quidem
541 1854 582 1884 ab
603 1854 672 1885 aliis
696 1865 820 1896 quaere:
839 1855 983 1897 jocosam
1005 1861 1108 1887 autem
1126 1856 1202 1887 nihil
1228 1854 1372 1897 prohibet
1396 1863 1566 1895 recensere.
1607 1850 1718 1884 Jocos’»

253 1917 327 1938 sane
342 1911 376 1938 et
385 1907 430 1938 dii
445 1913 518 1938 sunt
531 1919 539 1939 ι
562 1908 802 1950 Dionysiusque
817 1914 865 1941 est
879 1910 938 1941 dus
952 1910 1043 1947 inon,
1058 1909 1090 1940 id
1107 1915 1155 1940 est
1169 1909 1232 1939 vini
1245 1909 1346 1944 dator.
1358 1907 1446 1949 quasi
1458 1906 1716 1948 Didinysosjoco

253 1961 391 2002 quodam
406 1961 656 2002 cognominatus.
701 1962 819 1994 Vinum
835 1967 939 1994 autern
962 1962 1072 1993 merito
1089 1962 1189 1993 vocari
1207 1966 1310 2003 potest
1325 1962 1430 2002 ionus,
1445 1960 1530 2002 quod
1545 1958 1660 1991 efficiat
1681 1963 1718 1990 ut

254 2014 397 2046 bibentes
412 2015 550 2057 plerique
567 2021 670 2047 mente
685 2016 824 2053 alienati,
840 2016 948 2047 iesthae
964 2026 1028 2046 nun
1045 2016 1149 2052 eehin,
1166 2015 1198 2046 id
1213 2020 1261 2046 est
1276 2020 1410 2046 mentem
1425 2013 1536 2044 habere
1547 2023 1580 2044 se
1593 2016 1716 2054 putent.

255 2068 308 2100 De
324 2069 446 2100 Venere
462 2068 603 2100 Hesiodo
619 2080 791 2111 repugnare
806 2080 870 2100 non
886 2070 990 2105 decet,
1006 2070 1060 2100 sed
1077 2070 1261 2106 concedere,
1286 2074 1411 2110 propter
1426 2068 1524 2109 ipsam
1546 2077 1584 2098 ex
1607 2067 1719 2107 aphru,

254 2122 316 2154 hoc
331 2127 429 2153 estex
445 2126 568 2163 spuma,
583 2123 812 2164 generationem
829 2122 1020 2164 Aphroditin
1036 2122 1151 2154 vocari.
1196 2121 1317 2152 Hssnm.
1340 2122 1385 2152 At
1408 2130 1480 2151 vero
1494 2119 1682 2156 Minervam,
1697 2129 1718 2150 o

256 2175 410 2214 Socrates,
427 2175 666 2218 Vulcanumque
682 2182 714 2207 et
739 2177 889 2218 Martem,
916 2186 988 2207 cum
1004 2175 1045 2206 sis
1069 2174 1283 2211 Atheniensis,
1299 2173 1422 2205 silentio
1445 2183 1509 2204 non
1535 2172 1720 2214 praeteribis.

257 2231 314 2262 So.
337 2230 591 2272 Haudquaquam
607 2231 710 2263 decet.
755 2230 878 2261 Hm«.
900 2228 977 2260 Non
993 2233 1088 2261 certe.
1133 2228 1187 2259 So.
1212 2227 1354 2259 Alterum
1370 2227 1497 2269 quidem
1512 2225 1581 2267 ejus
1602 2236 1718 2257 nomen

256 2285 456 2326 quamobrem
480 2285 520 2316 sit
543 2284 736 2326 impositum,
759 2285 843 2315 haud
870 2283 996 2315 difficile
1022 2283 1120 2315 dictu.
1165 2282 1287 2313 Hanni.
1311 2281 1431 2319 Quod?
1475 2280 1532 2312 So.
1555 2279 1718 2311 Palladem

257 2348 326 2369 eam
350 2349 507 2371 vocamus.
551 2338 673 2371 Hznar.
695 2338 808 2371 Plane.
852 2337 908 2369 So.
932 2336 1057 2368 Nomen
1084 2337 1144 2368 hoc
1170 2336 1361 2368 censendum
1384 2339 1431 2366 est
1455 2344 1475 2364 a
1496 2332 1663 2364 saltatione
1684 2333 1718 2364 in

258 2391 341 2422 bello
357 2392 485 2424 ductum
501 2392 607 2424 suisse.
631 2404 721 2434 porro
746 2393 793 2424 vel
809 2403 876 2424 sese
900 2391 947 2423 vel
964 2391 1050 2422 aliud
1066 2402 1085 2422 a
1111 2396 1190 2422 terra
1205 2390 1356 2426 attollere,
1372 2399 1426 2420 seu
1442 2388 1585 2419 manibus
1599 2386 1718 2428 aliquid

258 2445 380 2486 efferre,
391 2445 523 2478 dicimus
548 2446 644 2489 [407]
669 2446 766 2489 pallin
783 2452 816 2478 et
840 2445 1013 2488 pallestliee,
1028 2445 1059 2476 id
1081 2451 1130 2477 est
1151 2445 1268 2476 vibrare
1285 2444 1464 2485 agitareque
1488 2447 1521 2474 et
1543 2441 1663 2483 agitari,
1686 2446 1720 2473 et

258 2499 370 2530 saltare
385 2504 418 2531 et
437 2500 633 2532 saltationem
659 2501 793 2543 perpeti.
837 2500 960 2532 nanu.
981 2499 1111 2542 Absque
1136 2498 1354 2530 controversia.
1397 2497 1454 2528 So.
1477 2496 1637 2528 Palladem
1660 2495 1720 2526 hac

258 2552 379 2584 ratione
402 2564 559 2586 vocamus.
602 2554 653 2588 Ac
669 2556 790 2587 merito.
834 2555 955 2587 Henna.
978 2553 1123 2585 Alterum
1148 2552 1216 2594 ejus
1236 2563 1351 2583 nomen
1366 2562 1429 2593 quo
1445 2555 1539 2592 pacto
1565 2550 1719 2591 interpre-

258 2605 353 2638 taris?
397 2608 452 2641 So.
476 2608 635 2640 Atlrenam
651 2610 784 2652 quaeris?
829 2609 951 2642 Hnnm.
975 2608 1013 2639 Id
1031 2609 1145 2650 ipsum.
1189 2607 1245 2639 So.
1269 2606 1403 2638 Gravius
1418 2605 1512 2641 istud,
1536 2604 1647 2637 amice.
1669 2603 1719 2634 vi-

258 2662 372 2692 dentur
386 2662 478 2703 prisci
493 2662 649 2695 Athenam
664 2664 850 2701 existimare,
865 2663 1127 2706 quemadmodum
1143 2662 1177 2693 hi
1193 2662 1245 2703 qui
1259 2662 1306 2692 his
1323 2660 1512 2702 temporibus
1534 2659 1567 2689 in
1589 2658 1718 2699 Homeri

258 2714 566 2758 interpretationibus
577 2723 649 2749 sunt
664 2718 789 2750 eruditi.
811 2729 882 2749 nam
898 2718 1023 2749 istorum
1039 2716 1164 2759 plurimi
1179 2717 1350 2748 Homerum
1367 2718 1543 2756 exponunt,
1559 2711 1718 2744 Athonem

261 2774 407 2811 tanquam
423 2775 558 2802 mentem
574 2773 861 2814 cogitationemque
886 2772 1020 2804 finxisse.
1045 2776 1077 2802 et
1092 2771 1145 2812 qni
1162 2770 1289 2802 nomina
1316 2768 1448 2808 invenit,
1463 2767 1524 2798 tale
1541 2765 1658 2808 aliquid
1679 2765 1720 2797 de

257 2822 311 2854 illa
337 2823 469 2855 sensisse
497 2824 639 2857 videtur:
664 2825 756 2857 immo
781 2826 875 2857 etiam
902 2825 995 2856 altius
1021 2835 1089 2856 eam
1117 2824 1281 2861 extollens,
1306 2829 1340 2854 ut
1356 2821 1419 2854 Dei
1434 2825 1567 2853 mentem
1583 2819 1720 2855 induxit,

259 2877 390 2919 perinde
404 2888 441 2909 ac
456 2875 483 2909 si
497 2878 616 2910 diceret
626 2880 760 2911 etlrenoc
776 2881 843 2911 haec
858 2885 916 2917 est,
941 2885 1031 2911 utens
1046 2890 1062 2910 a
1080 2889 1135 2920 pro
1151 2889 1168 2910 c
1184 2884 1311 2910 externo
1328 2877 1463 2919 quodam
1479 2875 1552 2917 ritu,
1568 2874 1579 2905 i
1594 2885 1666 2906 vcro
1687 2880 1722 2906 ct

260 2941 274 2962 s
290 2931 466 2964 detrahens.
489 2931 580 2964 Forte
595 2943 667 2964 vero
683 2944 746 2964 non
762 2934 818 2971 ita,
833 2934 885 2965 sed
902 2934 966 2964 thia
983 2933 1096 2971 noesis,
1113 2933 1144 2964 id
1155 2938 1202 2965 est
1217 2938 1325 2974 utpute
1338 2941 1407 2973 qum
1419 2930 1524 2961 divina
1538 2934 1718 2970 cognoscat,

259 2993 324 3027 prm
339 2984 447 3018 ceteris
462 2986 607 3017 omnibus
622 2986 796 3029 Timonem,
810 2987 841 3018 id
865 2992 911 3019 est
927 2987 1031 3018 divina
1055 2993 1295 3029 cognoscentem
1319 2984 1451 3018 vocavit.
1498 2982 1610 3026 Neque
1626 2982 1664 3014 ab
1687 2993 1718 3013 re
