1832 3256
200 212 225 248 2
792 201 1057 242 PLATONIS
1559 204 1656 255 [229

198 323 230 349 te
246 313 351 357 magni
365 312 489 344 facere:
507 312 654 344 attamen,
670 310 821 348 praesente
837 304 944 348 Lysia,
961 314 1011 334 me
1026 301 1083 334 tibi
1098 300 1271 334 auditorem
1287 302 1423 344 praebere
1439 313 1503 335 non
1518 307 1567 335 est
1579 314 1656 336 con-

199 370 314 402 silium.
335 367 390 399 sed
410 375 480 407 age,
500 362 642 395 ostende.
666 360 759 391 Pfflz.
783 358 938 390 Desistas.
963 367 1076 398 magna
1100 356 1140 387 de
1167 366 1223 398 spe
1237 367 1286 387 me
1301 356 1489 398 dejecisti,o
1503 357 1657 397 Socrates,

198 432 292 466 quarn
306 421 341 452 in
356 425 387 451 te
401 417 508 457 habui,
523 415 612 457 quasi
625 413 782 455 ingenium
798 421 862 442 una
876 415 980 442 tecum
1005 409 1238 441 exercitaturus.
1273 409 1336 441 Sed
1362 410 1418 441 ubi
1441 411 1488 442 vis
1510 412 1656 443 sedentes

197 475 362 518 legamus?
381 471 477 514 [229]
485 470 541 503 So.
554 469 627 500 Huc
642 467 724 499 circa
738 465 863 496 Ilissum
877 464 1006 495 fiuvium
1017 463 1216 494 divertamus.
1228 467 1349 504 postea,
1362 463 1418 494 ubi
1429 463 1596 502 videbitur,
1607 476 1655 498 ser

199 531 311 562 dentes
345 524 583 568 requiescemus,
620 521 713 552 Pnffi.
735 519 973 561 Peropportune
999 516 1198 548 decalceatus
1225 527 1292 547 snm
1307 529 1315 548 ς
1346 527 1418 548 nam
1457 523 1490 549 tu
1527 519 1654 560 quidem

198 593 330 624 semper.
355 579 450 612 facile
470 577 563 619 igitur
588 574 680 606 nobis
707 573 766 606 erit
789 582 844 615 per
867 572 1013 614 aquulam
1035 571 1133 613 ipsam
1158 571 1282 610 vadere,
1306 576 1339 603 et
1355 582 1420 603 non
1435 571 1655 614 injucundum,

199 635 366 680 praesertim
388 634 448 664 hac
473 630 547 662 anni
561 630 636 660 hora
651 633 745 670 atque
757 627 833 660 diei.
870 626 925 658 So.
948 626 1049 667 Perge
1064 625 1170 667 igitur,
1185 630 1217 657 et
1231 625 1322 657 simul
1345 626 1506 669 conspice,
1530 627 1582 658 ubi
1606 639 1654 659 se-

198 692 339 722 deamus.
384 687 478 718 Pam.
504 683 603 715 Vides
626 682 710 713 illam
736 681 916 712 altissimam
945 680 1105 721 platanum
1123 675 1133 705 ?
1183 679 1240 712 So.
1265 679 1383 711 Video.
1427 676 1593 713 P11ae.·1bi
1622 687 1655 714 et

197 744 317 779 umbra,
339 746 372 772 et
386 743 495 771 ventus
510 736 661 777 modicus,
676 740 708 767 et
721 734 821 774 mollis
837 734 944 774 herba,
962 732 1140 774 ubicunque
1156 733 1263 764 sedere
1291 733 1339 764 vel
1361 733 1452 765 etiarn
1476 735 1655 773 recumbere

196 796 338 829 velimus.
379 793 431 825 so.
453 791 553 833 Perge
575 790 680 832 igitur.
725 789 819 821 Pam.
840 787 904 819 Dic
932 786 1018 824 mihi.
1043 797 1061 818 ο
1087 787 1241 824 Socrates,
1267 797 1373 819 nonne
1396 788 1447 821 hic
1466 788 1539 819 olim
1558 788 1655 821 fertur

198 850 316 882 Boreas
346 848 396 886 ab,
410 846 500 878 Ilisso
523 843 700 886 Orithyiam
717 842 880 884 rapuisse?
925 841 978 872 So·
1002 840 1112 872 Fertur
1127 841 1267 883 quidem.
1311 841 1406 874 Pam.
1434 841 1489 874 An
1512 853 1577 874 non
1600 843 1654 885 hie

197 909 296 946 grata,
312 912 400 944 pura,
410 905 442 932 et
452 899 552 931 nitida
567 901 698 939 apparet
711 896 838 938 aquula,
853 895 1090 937 puellarumque
1106 899 1181 937 apta
1201 895 1304 927 ludis?
1341 895 1397 927 So.
1419 895 1629 940 Nequaquam
1643 908 1650 928 :

197 959 251 991 sed
266 957 362 999 paulo
381 954 507 986 inferius
526 952 566 983 ad
581 953 645 982 duo
660 951 708 983 vel
731 950 788 982 tria
803 950 914 987 stadia,
931 949 984 981 ubi
1009 949 1122 980 Dianae
1139 949 1293 991 templum
1310 949 1513 982 offendimus.
1555 954 1653 996 atque

197 1011 315 1045 ibidem
330 1019 382 1042 ara
406 1007 548 1049 quaedam
560 1010 608 1036 est
623 1006 745 1036 Boreae.
778 1003 872 1035 Pnaz.
894 1003 968 1035 Non
992 1003 1071 1035 adeo
1093 1003 1178 1035 novi.
1221 1004 1276 1035 sed
1294 1004 1346 1036 dic
1364 1014 1419 1046 per
1441 1003 1566 1042 Jovern,
1593 1004 1651 1036 So-

198 1069 309 1101 crates,
322 1069 397 1095 tune
408 1062 489 1093 hanc
498 1058 635 1090 fabulam
643 1063 734 1099 putas
745 1067 847 1088 veram
859 1057 952 1088 fuisse
964 1057 975 1087 ἓ
999 1057 1052 1090 So.
1075 1056 1096 1088 J
1099 1067 1148 1088 arn
1160 1056 1258 1088 sinon
1272 1062 1472 1100 putarem,·ut
1483 1057 1652 1099 sapientes,

197 1118 348 1151 absurdus
359 1126 422 1147 non
439 1123 537 1147 essem
551 1122 560 1144 :
584 1112 714 1149 deinde,
730 1121 793 1142 rem
807 1116 1034 1148 commentans,
1050 1115 1177 1142 ventum
1194 1111 1306 1143 Boreae
1326 1111 1461 1143 dicerem
1477 1111 1622 1155 proximis
1633 1121 1652 1147 e

196 1171 306 1215 petris,
315 1180 386 1203 curn
402 1165 584 1200 Pharrnacia
595 1165 767 1202 ludentem,
782 1163 960 1207 Orithyiam
977 1164 1152 1206 dejecisse:
1175 1169 1269 1207 atque
1286 1163 1333 1196 ita
1346 1170 1511 1206 mortuam,
1531 1169 1651 1209 raptam

193 1226 268 1261 hinc
279 1234 299 1256 a
311 1224 413 1255 Borea
423 1220 510 1262 fingi,
525 1219 574 1250 vel
588 1229 626 1250 ex
640 1218 823 1260 Areopago.
867 1223 917 1249 est
934 1218 1017 1250 enim
1045 1223 1078 1250 et
1100 1218 1164 1250 alia
1178 1219 1274 1262 fama,
1288 1229 1354 1251 non
1369 1229 1407 1250 ex
1421 1218 1482 1250 hoc
1497 1218 1580 1257 loco,
1594 1219 1651 1250 sed

195 1290 232 1311 ex
253 1278 307 1311 illo
321 1281 439 1318 raptam
453 1274 558 1306 fuisse.
601 1271 669 1313 Ego
685 1277 799 1308 autem,
823 1283 841 1303 o
857 1272 1001 1310 Phaedre,
1013 1272 1156 1314 jucunda
1180 1272 1308 1314 quidem
1332 1273 1399 1304 haec
1417 1271 1574 1314 existimo,
1594 1273 1651 1304 sed

194 1331 307 1367 curiosi
321 1329 449 1363 nimium
462 1333 556 1369 atque
571 1326 665 1363 anxii,
680 1336 741 1357 nec
754 1336 844 1367 porro
861 1326 1010 1356 fortunati
1024 1326 1093 1366 viri,
1107 1326 1134 1357 si
1148 1326 1227 1368 nihil
1244 1327 1284 1358 ob
1299 1325 1399 1368 aliud,
1408 1331 1441 1357 at
1451 1327 1491 1361 oh
1500 1325 1534 1357 id
1544 1326 1650 1368 ipsum

194 1385 281 1428 quod
306 1384 337 1417 ei
358 1392 484 1415 necesse
498 1380 549 1420 sit,
566 1381 788 1412 Centaurorum
816 1384 848 1410 et
868 1378 1031 1411 Chimaerae
1046 1379 1176 1412 formam
1195 1379 1404 1422 interpretari.
1435 1386 1530 1423 atque
1553 1380 1651 1420 etiarn

194 1437 327 1472 confluit
340 1437 430 1471 turba
444 1434 625 1476 Gorgonum
637 1438 669 1465 et
683 1433 885 1474 Pegasorum,
902 1433 1094 1476 aliarumque
1110 1439 1372 1467 monstruosamm
1398 1433 1566 1475 multitudo
1587 1434 1650 1466 for·-

194 1501 322 1524 marum.
365 1489 477 1531 Itaque
492 1488 517 1519 si
531 1487 600 1530 quis
613 1487 672 1519 ista
685 1498 748 1518 non
761 1487 861 1527 ita‚ut
876 1492 1049 1525 narrantur,
1062 1498 1129 1519 esse
1145 1489 1265 1528 credat,
1281 1489 1337 1520 sed
1349 1488 1389 1522 ad
1407 1487 1648 1528 convenientem

193 1556 317 1579 sensum
334 1543 454 1586 singula
468 1541 544 1578 velit
558 1542 730 1583 traducere,
745 1541 859 1574 rustica
873 1541 1007 1583 quadam
1023 1541 1179 1584 sapientia
1187 1541 1371 1584 fretus,otio
1383 1541 1515 1583 nimium
1527 1541 1649 1589 indige-

192 1599 251 1632 bit.
266 1598 342 1632 mihi
354 1608 425 1629 vero
437 1597 477 1628 ad
487 1597 563 1629 haec
574 1595 670 1627 otium
680 1606 744 1627 non
758 1600 815 1634 est,
832 1596 872 1627 ob
887 1606 968 1634 earn,
979 1607 998 1627 o
1010 1593 1122 1634 amice,
1145 1607 1283 1641 causam,
1306 1596 1381 1640 quia
1394 1597 1535 1639 nondum
1554 1607 1650 1640 queo,

193 1653 364 1686 secundum
385 1650 575 1692 Delphicum
590 1654 791 1692 praeceptum,
807 1661 856 1681 me
871 1650 975 1692 ipsum
991 1661 1191 1691 cognoscere.
1235 1651 1413 1684 ridiculum.
1431 1649 1526 1696 igitur
1553 1655 1648 1692 puto,

191 1706 289 1748 [230]
302 1716 372 1738 curn
384 1715 453 1736 mea
465 1704 533 1746 ipse
552 1703 701 1745 ignorem,
718 1704 820 1735 aliena
834 1704 1018 1746 perscrutari
1033 1705 1126 1736 velle.
1170 1705 1288 1748 Quare,
1309 1705 1358 1737 his
1383 1703 1528 1746 dimissis,
1553 1708 1650 1746 atquo

192 1759 424 1799 existimationi,
439 1768 532 1800 quarn
547 1758 587 1789 de
599 1757 647 1789 his
663 1757 756 1799 paulo
771 1763 844 1790 ante
851 1759 1025 1796 narrabam,
1038 1758 1102 1793 fide
1117 1759 1269 1798 adhibita,
1286 1769 1350 1791 non
1361 1759 1432 1801 ipsa
1441 1758 1581 1801 quidem,
1592 1758 1650 1799 sed¹

191 1813 358 1855 meipsum
372 1811 545 1849 considero,
562 1815 662 1842 utrum
677 1822 736 1853 ego
752 1812 808 1843 sim
819 1811 919 1843 bestia
931 1812 1038 1854 aliqua
1048 1813 1209 1855 Typhone
1219 1812 1419 1854 multiplicior
1428 1812 1650 1853 ardentiorque

192 1871 225 1899 et
239 1866 401 1898 furiosior:
424 1865 488 1896 sive
503 1865 655 1906 placatius
670 1865 828 1907 quoddam
844 1871 876 1896 et
891 1866 1062 1908 simplicius
1078 1866 1206 1909 animal,
1222 1866 1338 1898 divinas
1359 1865 1525 1911 cujusdam
1548 1864 1648 1897 mitis-

192 1930 255 1962 que
275 1919 363 1951 sortis
384 1924 492 1950 natura
507 1918 674 1961 particeps.
717 1918 774 1957 At,
790 1931 808 1951 o
824 1920 936 1958 amice,
952 1931 1058 1952 nonne
1072 1922 1162 1958 haec,
1187 1921 1227 1952 ad
1243 1931 1337 1964 quam
1353 1920 1433 1951 inter
1452 1919 1647 1960 loquendum

189 1972 400 2015 pervenimus,
414 1983 452 2004 ea
475 1977 540 2003 erat
553 1972 651 2010 arbor,
677 1973 717 2004 ad
746 1983 838 2014 quam
863 1984 920 2004 nos
941 1975 1102 2007 ducebas?
1148 1975 1242 2008 Pure.
1265 1973 1345 2006 Haec
1371 1978 1454 2008 certe
1474 1974 1556 2018 ipsa.
1592 1973 1648 2021 So,
1706 1997 1709 2000 -

191 2026 253 2059 Per
272 2026 443 2064 Junonem,
464 2026 612 2067 praeclara
630 2027 789 2058 deductio.
832 2038 902 2058 nam
924 2029 1069 2070 platanus
1095 2029 1154 2061 ista
1178 2029 1295 2072 patulis
1319 2028 1487 2062 admodum
1508 2027 1600 2060 ramis
1615 2033 1648 2060 et

191 2089 321 2122 procera
342 2085 402 2116 est,
425 2083 458 2110 et
480 2078 612 2110 altitudo
626 2078 726 2110 viticis
740 2079 835 2123 illius,
846 2091 938 2122 quem
954 2086 1073 2112 castum
1088 2086 1214 2119 vocant,
1231 2082 1434 2124 opacitasque
1447 2081 1578 2123 pulchra
1597 2081 1647 2115 niv

190 2132 287 2165 mium
307 2137 340 2164 et
361 2142 493 2170 amoena,
519 2142 555 2162 ac
580 2132 771 2173 praecipuurn
794 2143 877 2166 nunc
893 2134 987 2165 habet
1002 2134 1187 2167 florescendi
1203 2139 1340 2178 tempus,
1353 2141 1390 2167 ut
1405 2135 1506 2167 omnis
1530 2136 1646 2169 circum

190 2185 279 2218 locus
293 2185 444 2218 suavitate
458 2185 651 2227 compleatur
665 2186 779 2219 odoris.
805 2186 875 2218 fons
890 2198 1015 2230 quoque
1035 2189 1240 2221 nitidissimus
1255 2190 1313 2221 sub
1329 2189 1457 2232 platano
1472 2189 1542 2221 fluit
1555 2181 1646 2238 aqum

191 2239 322 2271 nimium
349 2239 480 2280 frigidae,
501 2244 537 2270 ut
558 2249 596 2270 ex
626 2244 710 2271 tactu
735 2241 824 2282 pedis
849 2241 1027 2283 conjectare
1051 2243 1147 2275 licet:
1178 2254 1272 2285 quern
1299 2244 1431 2286 sculptae
1455 2244 1509 2279 hic
1530 2244 1647 2286 puellm

190 2297 372 2335 caeteraeque
386 2292 538 2334 imagines
552 2292 710 2335 Nymphis
723 2299 756 2326 et
769 2294 912 2327 Acheloo
927 2306 1047 2328 sacrum
1069 2308 1138 2330 esse
1158 2302 1328 2330 testantur.
1361 2297 1416 2329 An
1431 2308 1495 2330 non
1509 2298 1646 2337 advertis

190 2351 353 2388 praeterea,
366 2356 459 2388 quam
469 2345 612 2387 jucunda
626 2351 659 2379 et
672 2347 772 2380 dulcis
787 2348 837 2381 hic
853 2360 927 2381 aura
948 2350 1067 2392 spiret?
1113 2351 1256 2384 aestivum
1282 2353 1413 2395 insuper
1433 2351 1586 2395 quiddam
1611 2355 1647 2387 et

191 2409 338 2432 canorum
353 2399 530 2431 cicadarum
546 2401 726 2433 subresonat
737 2403 842 2436 chore.
887 2404 949 2435 Sed
966 2404 1104 2437 omnium
1118 2406 1347 2438 ornatissimrun
1369 2410 1428 2444 est,
1454 2406 1580 2438 herbam
1593 2406 1645 2451 ἱρ-ι

190 2462 255 2484 sam
279 2453 430 2494 aspicere,
446 2458 482 2484 ut
495 2453 530 2484 in
544 2459 632 2495 prato
654 2456 785 2488 suaviter
806 2457 916 2489 acclivi
940 2459 1147 2491 recumbentis
1162 2465 1260 2502 caput
1281 2460 1321 2492 sit
1334 2459 1470 2492 molliter
1483 2459 1644 2502 suscipere

190 2510 276 2547 apta.
321 2506 434 2548 Itaque
451 2511 483 2538 tu
501 2517 647 2549 perquam
672 2509 788 2551 optime
811 2521 859 2542 me
880 2511 968 2554 quasi
983 2513 1138 2554 hospitem
1154 2514 1324 2551 deduxisti,
1348 2525 1367 2545 o
1383 2513 1482 2546 amice
1497 2513 1642 2548 Phaedre.

189 2558 284 2597 Purra.
309 2559 338 2591 Ο
365 2560 553 2592 admirabilis
577 2561 634 2599 vir,
659 2563 892 2595 absurdissimus
917 2565 1042 2606 quidam
1067 2567 1204 2598 videris:
1239 2572 1272 2599 et
1295 2567 1448 2610 profecto,
1470 2568 1556 2610 quod
1585 2569 1646 2613 ais,

190 2612 310 2655 hospiti
322 2613 447 2652 cuidam
470 2614 620 2656 deducto,
645 2626 709 2647 non
723 2616 846 2656 incolas,
872 2618 979 2650 similis
1002 2630 1054 2652 es:
1080 2621 1125 2652 ita
1140 2631 1243 2663 neque
1265 2621 1343 2653 fines
1356 2626 1478 2652 nostros
1498 2621 1647 2666 hausisse

189 2677 339 2710 unquam,
360 2678 462 2710 neque
488 2674 574 2700 extra
599 2669 712 2701 moenia
735 2671 804 2712 ipsa
824 2682 963 2713 egressus
988 2683 1131 2715 appares.
1177 2675 1233 2708 So.
1257 2675 1391 2717 Ignosce
1416 2674 1503 2712 mihi,
1524 2674 1644 2718 optime
1686 2705 1698 2713 ,

191 2720 336 2754 Phaedre.
359 2732 432 2754 nam
447 2722 588 2755 discendi
603 2723 737 2765 cupidus
761 2735 840 2757 sum.
864 2725 928 2766 ngri
942 2737 1014 2758 vero
1030 2733 1063 2759 ct
1077 2729 1199 2761 arbores
1210 2729 1291 2761 nihil
1304 2729 1416 2761 docere
1432 2739 1482 2760 me
1496 2734 1644 2771 possunt,

190 2774 244 2806 sed
261 2775 412 2819 homines,
426 2776 481 2818 qui
494 2776 528 2808 in
544 2778 620 2810 urbe
636 2782 805 2811 versantur.
849 2779 898 2810 Tu
911 2784 1016 2811 autern
1030 2780 1144 2813 videris
1159 2782 1236 2814 mihi
1255 2782 1390 2814 exeundi
1405 2781 1642 2824 incitamentum

189 2828 355 2862 inveni-se.
400 2835 434 2861 ut
459 2829 543 2862 enirn
570 2830 810 2864 tumescentibus
836 2833 1021 2865 animalibus
1035 2835 1160 2867 frondes
1182 2840 1237 2867 aut
1250 2836 1367 2868 fructus
1383 2834 1587 2876 porrigentes,
1603 2846 1644 2876 ea

189 2882 321 2926 ducunt,
335 2883 380 2916 ita
396 2889 429 2916 tu
445 2884 519 2917 mihi
544 2885 655 2919 librum
672 2886 843 2930 porrigens,
857 2897 910 2930 per
926 2891 1023 2921 totam
1038 2887 1190 2933 Atticam,
1207 2894 1239 2922 et
1254 2889 1328 2927 alio,
1344 2898 1406 2931 quo
1423 2888 1510 2927 velis,
1525 2889 1639 2931 perdu-
