1846 3268
227 274 321 326 186]
787 265 1123 307 conva.
1611 266 1692 305 405

224 376 412 410 amatoribus
438 372 580 416 obsequi.
625 371 781 410 Quotiens
804 370 887 403 enim
913 370 948 402 in
973 370 1058 402 idem
1085 371 1274 401 concurrunt
1300 370 1420 400 amator
1445 372 1540 410 atque
1561 372 1697 418 amatus,

223 433 348 474 utrique
363 431 464 473 legem
477 429 640 468 habentes,
656 427 709 459 hic
724 426 852 469 quidem
868 425 1061 462 obsecuturis
1076 424 1187 456 amatis
1197 422 1286 465 juste
1308 422 1343 454 in
1359 421 1503 453 omnibus
1520 421 1690 454 ministrare

224 486 399 527 servireque
436 487 573 526 paratus,
610 481 666 514 ille
706 491 809 513 rursus
846 480 986 512 scientiae
1023 488 1206 520 morumque
1237 477 1423 520 praeceptori
1459 487 1516 508 suo
1548 475 1634 518 juste
1656 476 1690 509 in

225 540 356 582 singulis
380 538 534 581 pariturus
548 548 557 577 3
583 541 616 568 et
630 535 682 568 hic
697 536 825 577 quidem
840 535 880 566 ad
905 533 1090 576 sapientiam
1113 533 1250 574 aliasque
1264 531 1392 563 virtutes
1404 530 1542 562 conferre
1556 535 1667 572 potens
1681 541 1691 571 3

223 593 278 626 ille
292 598 396 625 autern
410 590 586 624 eruditione
602 594 635 622 et
650 590 805 632 sapientia
818 588 963 630 indigens
977 599 985 619 ι
1012 592 1087 618 tunc
1101 597 1177 618 sane
1191 587 1223 617 in
1238 596 1336 616 unum
1360 585 1408 616 his
1423 584 1545 626 legibus
1559 594 1692 616 concur-

224 647 364 679 rentibus
378 647 532 678 duntaxat
547 644 665 683 evenit‚
687 649 723 675 ut
737 644 903 675 honestum
927 642 967 673 sit
981 646 1101 672 amatos
1123 640 1311 672 amatoribus
1334 649 1449 671 morem
1465 649 1593 681 gerere;
1616 638 1693 670 alias

223 706 329 732 autem
344 700 431 732 nullo
449 701 552 732 ruodo.
574 700 606 731 in
622 700 683 731 boe
698 699 808 740 utique
822 697 889 730 falli
905 702 995 738 turpe
1011 706 1074 727 non
1090 700 1138 727 est
1152 706 1160 726 ε
1183 695 1216 725 in
1231 694 1299 726 aliis
1314 698 1419 725 autem
1433 693 1577 725 omnibus
1600 693 1692 725 obse-

224 755 332 797 quium
357 753 575 796 hujuscemodi
593 758 683 795 turpe
699 757 856 789 censetur,
872 751 936 782 sive
953 751 1177 792 obsequentem
1201 748 1290 780 fallat
1303 748 1411 790 opinio
1427 748 1492 780 sive
1506 758 1571 779 non
1592 746 1693 779 fallat·

222 809 255 841 Si
281 809 378 851 [185]
403 809 472 851 quis
493 808 578 840 enim
602 807 732 839 amatori
754 812 903 849 tanquam
925 804 1018 836 diviti
1039 803 1216 835 divitiarum
1238 813 1333 834 causa
1355 802 1545 844 gratificatus
1561 802 1691 840 fallitur,

224 873 328 905 neque
343 862 409 895 voti
424 873 553 904 compos
569 862 712 900 efficitur,
727 872 798 893 cum
814 870 934 903 pauper
948 859 989 891 sit
1002 864 1132 897 amator,
1153 857 1356 890 nihilominus
1376 857 1581 900 vituperatur.
1603 857 1694 888 vide-

225 922 274 949 tur
287 917 370 949 enim
385 917 436 949 hic
451 917 592 948 servilem
607 915 706 948 animi
721 916 769 947 sui
785 915 925 947 habitum
942 913 1128 951 ostendisse,
1143 913 1228 955 quod
1244 911 1446 955 pecuniarum
1467 912 1565 954 gratia
1579 911 1614 943 in
1627 912 1692 944 sin.

224 971 305 1013 gulis
320 972 412 1003 rebus
426 969 526 1003 cuivis
542 971 689 1003 serviret:
712 971 797 1012 quod
814 970 941 1012 quidem
958 969 1088 1000 minime
1102 972 1150 999 est
1164 967 1342 998 honestum.
1386 966 1508 998 Eadem
1522 966 1655 1004 ratione,
1666 966 1694 999 si

223 1025 294 1067 quis
317 1030 468 1067 tanquam
492 1025 576 1056 bono
603 1024 806 1066 gratificatus,
831 1024 899 1066 ipse
925 1024 983 1055 hac
1005 1021 1235 1055 consuetudine
1260 1031 1388 1064 sperans
1411 1020 1544 1052 evadere
1570 1020 1693 1059 melior,

223 1079 352 1117 fallitur,
367 1090 438 1111 cum
453 1079 508 1110 ille
530 1090 645 1121 pravus
669 1090 737 1111 esse
759 1078 1027 1121 deprehendatur,
1048 1078 1181 1109 honesta
1207 1076 1350 1118 quaedam
1374 1075 1521 1117 deceptio
1536 1081 1594 1108 est.
1618 1085 1692 1107 nam

223 1133 348 1166 videtur
362 1133 509 1166 affectum
523 1145 610 1166 suum
623 1135 850 1165 demonstrasse
862 1137 1005 1174 paratum
1015 1132 1054 1163 ad
1068 1131 1172 1163 omnia
1184 1130 1352 1162 ministeria
1365 1129 1485 1162 virtutis
1497 1139 1694 1172 consequen·

224 1188 274 1220 dae
287 1187 385 1230 gratia
400 1188 572 1220 toleranda.
596 1188 681 1230 quod
693 1197 767 1219 sane
780 1186 1046 1230 praeclarissimum
1054 1185 1235 1227 judicatur:
1253 1185 1311 1216 hac
1323 1184 1430 1227 itaque
1439 1185 1560 1216 ratione
1573 1184 1694 1216 virtutis

224 1242 376 1274 aviditate
391 1242 558 1285 gratificari
573 1246 667 1284 atque
683 1242 795 1274 servire
821 1251 943 1283 semper
958 1241 1136 1272 honestum.
1181 1239 1243 1272 Hic
1259 1244 1362 1271 autern
1385 1244 1432 1270 est
1446 1238 1547 1281 ipsius
1559 1237 1694 1270 coelestis

225 1295 307 1327 Deae
322 1306 420 1338 amor,
435 1295 570 1328 coelestis
587 1301 619 1328 et
633 1295 702 1338 ipse
718 1307 726 1326 ε
743 1296 798 1338 qui
812 1300 874 1326 tam
891 1295 1035 1337 privatim
1047 1305 1140 1337 quam
1154 1294 1278 1336 publice
1295 1293 1447 1335 pretiosus
1461 1297 1522 1335 est,
1537 1297 1570 1324 et
1585 1303 1693 1324 arnan-

225 1355 288 1382 tem
304 1350 418 1392 pariter
443 1355 537 1392 atque
553 1355 690 1381 amatum
718 1349 838 1381 virtutis
854 1359 958 1380 curam
981 1348 1182 1389 studiumque
1204 1347 1363 1389 suscipere
1384 1346 1482 1388 cogit.
1502 1346 1598 1379 ceteri
1619 1356 1693 1378 vero

223 1413 342 1436 amores
367 1403 501 1435 Veneris
527 1403 663 1445 vulgaris
689 1407 763 1434 sunt
785 1402 926 1434 comites.
970 1401 1051 1433 Haec
1075 1401 1109 1432 in
1134 1401 1309 1443 praesentia,
1334 1411 1353 1432 o
1379 1401 1524 1438 Phaedre,
1546 1400 1631 1432 velut
1654 1411 1694 1432 ex

223 1461 364 1500 tempore
379 1458 420 1489 de
444 1456 563 1489 Amore
578 1457 738 1489 vobiscum
754 1456 894 1488 confero.
936 1456 1021 1488 Cum
1045 1456 1216 1487 Pausanias
1236 1466 1377 1497 pausam,
1391 1455 1424 1486 id
1440 1459 1500 1497 est,
1514 1455 1621 1493 finem,
1644 1454 1694 1486 di·

221 1511 318 1543 cendi
342 1512 478 1549 fecisset,
502 1511 564 1554 (sic
579 1511 662 1543 enim
683 1511 822 1542 alludere
848 1510 1004 1543 vocabulo
1026 1509 1183 1551 sapientes
1207 1521 1256 1541 me
1272 1508 1407 1551 docent)
1423 1514 1566 1551 oportere
1590 1509 1694 1551 inquit

222 1565 442 1598 Aristodemus
467 1565 711 1608 Aristophanem
735 1565 839 1597 dicere
854 1576 862 1596 ε
887 1575 992 1596 verum
1018 1564 1158 1606 singultu
1183 1563 1232 1595 vel
1258 1569 1385 1606 propter
1409 1564 1614 1605 repletionem
1639 1563 1692 1596 vel

223 1624 351 1662 propter
364 1619 457 1651 aliam
472 1629 597 1651 causam
613 1619 815 1661 contingente
840 1618 1026 1661 impeditum
1053 1618 1158 1650 fuisse.
1205 1618 1362 1656 Quocirca
1385 1618 1425 1649 ad
1448 1617 1693 1661 Eryximachum

221 1673 379 1705 medicum
405 1673 557 1705 continuo
583 1678 655 1715 post
677 1671 784 1716 ipsum
809 1674 970 1705 sedentem
995 1673 1040 1704 ita
1065 1673 1204 1704 locutum
1218 1683 1225 1703 :
1250 1671 1279 1703 Ο
1303 1672 1524 1715 Eryximache,
1539 1677 1594 1704 tua
1615 1677 1691 1704 tunc

222 1727 351 1759 interest
365 1733 420 1760 aut
434 1728 604 1770 singultum
621 1728 786 1770 reprimere
802 1733 857 1760 aut
873 1739 928 1770 pro
942 1738 991 1759 me
1007 1727 1108 1770 loqui,
1124 1727 1226 1759 donec
1242 1731 1352 1759 cesset.
1375 1725 1429 1758 Ad
1444 1737 1514 1768 quae
1526 1726 1690 1769 Eryxima-

223 1782 318 1814 chum
332 1783 542 1824 respondisse,
556 1782 733 1825 Utrumque
748 1782 893 1814 efficiam.
938 1782 1094 1823 Equidem
1110 1781 1209 1814 vicem
1221 1786 1305 1812 tuam
1316 1791 1439 1812 sumens
1448 1791 1504 1823 pro
1521 1785 1551 1813 te
1563 1780 1667 1812 dicam
1680 1791 1690 1812 e

223 1841 257 1867 tu
272 1846 345 1869 vero
362 1847 417 1878 pro
432 1847 494 1873 me,
511 1841 678 1879 postquam
693 1837 848 1879 singultus
857 1837 976 1868 abierit.
1001 1836 1130 1868 Interim
1142 1836 1215 1867 dum
1227 1836 1295 1877 ipse
1306 1835 1428 1878 loquor,
1440 1835 1468 1867 si
1477 1835 1523 1866 vis
1538 1835 1692 1877 aliquam-

223 1891 278 1925 diu
293 1892 437 1932 spiritum
449 1890 607 1928 cohibere,
622 1891 776 1933 singultus
791 1891 925 1923 cessabit
939 1901 947 1921 :
964 1881 1102 1922 si'minus
1114 1889 1145 1921 id
1159 1890 1273 1932 placet,
1285 1889 1394 1921 saltem
1406 1900 1486 1931 aqua
1497 1889 1594 1921 multa
1606 1890 1691 1921 intus

222 1945 306 1976 allue
320 1945 426 1978 fauces
440 1957 448 1977 ι
472 1951 505 1977 et
519 1946 543 1977 si
559 1946 638 1977 forte
654 1946 820 1977 vehemens
836 1950 895 1985 est,
910 1955 999 1977 nares
1014 1945 1177 1976 commode
1194 1944 1330 1981 stimula,
1342 1949 1378 1975 ut
1392 1944 1574 1976 sternutatio
1589 1943 1691 1976 irrite-

223 2004 283 2033 tur.
307 2010 379 2031 nam
395 2000 420 2031 si
436 2000 467 2032 id
483 2001 579 2032 semel
595 2005 650 2033 aut
665 2000 711 2031 bis
724 2000 848 2037 feceris,
864 1999 1268 2041 etiamsifrequentissimus
1283 1997 1334 2040 sit,
1349 1999 1485 2031 tolletur.
1509 1997 1689 2040 Antequam

220 2054 315 2086 finem
331 2054 458 2086 dicendi
471 2054 592 2092 feceris,
606 2054 709 2096 iuquit
723 2054 964 2096 Aristophanes„
978 2049 1049 2095 qua}
1060 2053 1165 2095 jubes,
1178 2053 1321 2086 efficiam.
1344 2053 1587 2096 Eryximaclium
1597 2054 1693 2096 igitur

220 2108 266 2140 ita
275 2109 426 2141 locutum.
440 2108 659 2140 Necessarium
668 2109 745 2141 milri
757 2108 888 2146 videtur,
898 2113 1063 2150 postquam
1073 2108 1244 2140 Pausanias
1252 2113 1335 2140 recte
1349 2109 1446 2151 [186]
1461 2119 1584 2140 exorsus
1594 2109 1689 2141 finem

220 2163 371 2204 imposuit
385 2163 487 2194 minus
501 2163 719 2201 sufficientem,
734 2163 820 2205 quod
837 2163 926 2194 deest
937 2173 956 2194 a
967 2173 1018 2194 me
1032 2162 1259 2204 nuncimpleri.
1303 2162 1547 2195 Distinctionem
1560 2164 1689 2206 quidem

219 2216 319 2257 illam,
330 2227 392 2259 qua
406 2217 439 2248 in
455 2217 518 2248 duo
530 2217 713 2248 distributus
729 2221 776 2248 est
790 2215 902 2254 Amor,
918 2216 1071 2258 approbo.
1117 2215 1237 2247 Verum
1251 2222 1355 2248 nostra
1370 2217 1428 2248 hac
1444 2217 1608 2249 medicina}
1623 2223 1688 2250 arte

221 2271 408 2312 comperisse
431 2270 508 2302 milii
535 2271 642 2302 videor
655 2281 720 2302 non
743 2271 842 2302 solum
858 2271 968 2302 animis
983 2270 1144 2302 hominum
1161 2281 1234 2312 erga
1244 2270 1390 2312 pulchros
1404 2270 1551 2302 Amorem
1566 2272 1687 2312 inesse;

220 2335 326 2356 verum
340 2324 432 2356 etiam
451 2325 490 2355 ad
507 2324 568 2356 alia
583 2324 680 2355 multa
695 2328 789 2366 atque
804 2324 837 2355 in
861 2324 930 2356 aliis
957 2329 1022 2355 tum
1044 2324 1225 2366 corporibus
1249 2324 1428 2356 animalium
1455 2325 1604 2364 omnium,
1620 2331 1687 2357 tum

220 2379 268 2409 his
283 2389 352 2420 quae
368 2389 405 2410 ex
421 2383 499 2410 terra
514 2383 694 2421 nascuntur,
719 2389 756 2411 ac
771 2378 907 2421 denique
923 2379 956 2410 in
980 2379 1135 2417 omnibus,
1162 2384 1198 2410 ut
1212 2378 1256 2410 ita
1282 2379 1425 2421 dixerim,
1451 2390 1521 2421 quae
1536 2380 1570 2411 in
1586 2390 1686 2411 rerum

221 2437 333 2463 natura
346 2433 542 2465 consistunt:
566 2443 712 2475 magnum
728 2444 854 2476 quoque
881 2438 976 2476 atque
990 2433 1161 2465 mirabilem
1185 2434 1269 2465 hunc
1291 2433 1398 2465 Deum
1423 2445 1477 2476 per
1498 2434 1602 2466 omnia
1625 2439 1688 2466 tam

221 2486 359 2518 humana
373 2496 465 2528 quam
481 2486 588 2518 divina
602 2486 752 2519 latissime
767 2498 800 2519 se
815 2487 983 2530 porrigere.
1025 2486 1054 2519 A
1082 2487 1245 2519 medicinae
1261 2487 1371 2529 peritia
1396 2488 1496 2530 primo
1510 2489 1687 2530 exemplum

221 2540 359 2581 capiam,
377 2546 411 2571 ut
425 2545 521 2572 artem
538 2551 637 2573 meam
661 2552 798 2574 venerer.
844 2542 1017 2583 Corporum
1041 2552 1115 2574 sane
1137 2546 1247 2572 natura
1261 2540 1407 2574 Amorem
1432 2543 1516 2574 hunc
1531 2542 1688 2585 geminum

222 2594 375 2626 continet.
397 2594 481 2636 quod
499 2594 580 2626 enim
598 2595 630 2626 in
645 2595 829 2637 corporibus
845 2596 956 2627 nostris
968 2597 1048 2627 bene
1063 2595 1147 2627 valet
1162 2600 1193 2626 et
1205 2596 1289 2638 quod
1306 2596 1399 2637 male,
1415 2596 1501 2628 aliud
1516 2602 1610 2638 atque
1626 2597 1689 2628 dis-

222 2648 322 2680 simile
335 2658 402 2680 esse
415 2653 559 2681 constat:
585 2650 670 2691 quod
687 2661 758 2682 vero
775 2651 924 2682 dissimile
938 2656 997 2688 est,
1013 2650 1177 2682 dissimilia
1192 2650 1281 2692 cupit
1295 2656 1328 2682 et
1352 2656 1447 2682 amat.
1491 2651 1586 2682 Alius
1600 2660 1690 2691 ergo,
1703 2659 1707 2661 ⁴

222 2702 277 2745 qui
293 2702 324 2733 in
340 2713 415 2734 sano
431 2713 574 2744 corpore,
590 2713 697 2743 amor3
719 2703 810 2742 alius,
825 2704 879 2747 qui
893 2705 927 2735 in
943 2709 1072 2746 aegroto,
1095 2709 1127 2735 et
1137 2710 1170 2735 ut
1187 2704 1280 2746 paulo
1296 2709 1368 2736 ante
1384 2705 1555 2737 Pausanias
1570 2715 1686 2736 assere·

222 2756 277 2786 bat
293 2756 471 2798 temperatis
487 2756 666 2788 hominibus
680 2758 918 2799 gratificandum
934 2768 1013 2795 esse,
1036 2757 1251 2799 intemperatis
1266 2768 1338 2790 vero
1354 2768 1572 2801 nequaquam:
1595 2758 1640 2789 ita
1653 2763 1687 2789 et

220 2809 254 2842 in
268 2809 346 2852 ipsis
360 2810 543 2852 corporibus
560 2810 648 2842 bonis
663 2811 791 2852 quidem
815 2812 962 2854 sanisque
983 2813 1218 2853 obsequendum
1239 2817 1297 2850 est,
1317 2812 1349 2844 in
1372 2823 1435 2854 quo
1455 2812 1596 2852 maxime}
1607 2811 1685 2844 ratio

223 2863 387 2896 medicinae
417 2863 580 2905 consistit3
610 2865 698 2897 malis
727 2870 830 2897 autem
861 2865 1047 2909 aegrotisque
1077 2866 1217 2904 minime,
1247 2865 1273 2898 si
1293 2868 1387 2898 ruodo
1409 2866 1591 2898 artificiosus
1615 2865 1686 2907 quis

224 2918 292 2948 vult
318 2918 459 2950 medicus
485 2929 562 2950 esse.
619 2919 676 2951 Est
703 2925 819 2958 autem,
849 2927 884 2952 ut
913 2920 1087 2952 summatim
1117 2921 1231 2960 dicam,
1260 2921 1416 2953 medicina
1451 2920 1594 2961 scientIa,
1623 2930 1686 2962 qua

224 2972 365 3005 amatorii
393 2972 524 3006 affectus
553 2973 690 3016 corporis
726 2975 830 3016 quoad
865 2975 1068 3016 repletionem
1104 2975 1379 3008 evacuationemve
1404 2978 1594 3007 noscuntur:
1640 2980 1683 3012 et,
