1846 3268
212 230 291 268 462
831 224 1098 266 PLAToms
1582 231 1679 281 [116

205 336 289 374 puto
304 335 337 364 et
350 329 475 373 singula
487 329 573 363 dieta
587 328 736 371 dispono.
760 328 814 361 sed
831 329 979 370 opinatur
994 339 1044 363 rne
1058 329 1137 362 illud
1153 339 1233 368 esse,
1250 330 1336 373 quod
1352 331 1447 373 paulo
1460 337 1532 375 post
1548 333 1679 372 videbit,

207 386 356 419 cadaver-
377 384 486 427 itaque
499 384 681 425 interrogat,
696 382 964 424 quemadmodum
976 393 1026 414 me
1047 383 1192 426 sepeliat.
1238 385 1334 422 Quod
1353 391 1458 420 autem
1467 387 1591 429 jamdiu
1607 388 1678 430 plu-

211 439 297 472 rimis
312 439 414 472 verbis
436 439 608 475 contendo,
621 442 788 480 postquam
803 447 959 470 venenum
982 437 1103 475 bibero,
1123 438 1208 475 haud
1233 439 1363 472 ulterius
1376 441 1462 483 apud
1478 452 1534 473 vos
1547 453 1598 475 me
1613 452 1682 474 esse

213 493 364 531 futurum,
378 493 434 526 sed
450 493 490 525 ad
516 493 675 526 beatorum
699 491 911 534 profecturum
926 491 1107 534 felicitates,
1121 492 1183 525 hoc
1202 493 1331 535 quidem
1355 495 1431 527 mihi
1447 495 1555 528 videor
1569 495 1681 532 frustm

213 547 339 580 Critoni
362 546 490 585 dixisse,
513 546 679 582 consolans
694 556 750 578 vos
775 545 866 578 simul
893 550 989 587 atque
1012 546 1179 588 meipsum.
1224 546 1410 590 Fidejubete
1434 549 1527 592 igitur
1551 560 1608 592 pro
1630 560 1680 586 me

213 600 339 634 Critoni
353 601 509 634 contraria
522 601 658 644 quadam
674 600 892 642 fidejussione,
906 610 1002 642 quarn
1023 600 1092 642 ipse
1111 600 1274 642 judicibus
1297 602 1464 645 fidejussit.
1509 603 1569 637 Ille
1594 603 1680 636 enim

213 667 264 687 me
274 655 399 697 judicio
414 656 522 691 sistere
537 666 547 696 ς
564 667 618 688 vos
630 662 734 688 autem
748 666 796 687 me
807 665 872 687 non
886 655 1088 698 sistere,cum
1098 656 1218 694 obiero,
1231 656 1415 699 fidejubere.
1431 659 1486 693 sed
1501 658 1655 691 abiturum
1671 670 1679 690 ε

213 714 250 741 ut
265 709 353 742 Crito
369 710 491 742 obitum
512 709 636 742 facilius
656 720 760 741 meum
783 709 880 748 ferat3
903 719 983 742 neve
1006 720 1109 742 meum
1136 720 1251 752 eorpus
1267 710 1316 742 vel
1343 711 1614 744 cremaricernens
1629 711 1682 743 vel

213 764 350 806 sepeliri,
366 774 415 798 me
430 764 585 806 deploret,
601 764 691 806 quasi
705 763 774 796 dira
791 764 962 806 patientem
977 775 984 795 ι
1009 775 1112 806 neque
1126 764 1213 797 dicat
1241 765 1274 796 in
1299 764 1408 799 funere
1423 765 1558 808 proponi
1568 766 1680 801 Socra-

212 822 276 850 tem
291 823 347 850 aut
359 817 462 851 efferri
473 823 528 852 aut
543 818 600 850 sub
615 823 726 851 terram
740 817 848 850 condi.
895 817 1024 850 Certum
1038 818 1072 851 id
1087 819 1215 856 habeto,
1232 818 1350 861 optime
1364 819 1465 861 crito,
1479 820 1680 853 maledictum

207 882 279 906 non
293 872 440 907 salumin
455 873 515 904 hoc
530 872 600 914 ipso
617 872 812 914 delinquere,
829 882 936 904 verum
961 872 1056 904 etiam
1083 873 1196 904 animis
1219 873 1362 907 nonnihil
1389 874 1524 912 officere,
1539 878 1572 906 st
1594 874 1679 906 enim

212 926 372 958 confidere
388 930 523 970 oportet,
537 931 633 968 atque
648 926 754 958 dicere
769 936 882 967 corpus
907 926 1007 968 [116]
1031 926 1157 969 sepeliri
1173 937 1287 964 meum,
1303 932 1398 969 atque
1420 928 1463 959 ita
1486 926 1623 971 sepeliri,
1646 931 1682 959 ut

213 979 270 1012 tibi
286 979 424 1021 placebit
439 979 641 1021 maximeque.
644 978 765 1021 justum
790 989 858 1012 esse
882 979 1037 1011 censebis.
1083 979 1143 1012 His
1159 980 1254 1012 dictis
1268 981 1408 1019 surrexit,
1422 981 1611 1024 intravitque
1625 991 1682 1014 cu·

212 1032 540 1075 bicu1umquoddam,
556 1032 646 1075 quasi
665 1032 835 1065 lavaturus.
879 1032 969 1065 Crito
993 1037 1097 1065 autem
1121 1038 1247 1067 secutus
1269 1039 1328 1066 est.
1371 1034 1441 1071 Nos
1455 1046 1528 1068 vero
1551 1045 1682 1078 exspec-

213 1092 278 1118 tare
287 1086 394 1129 jussit.
421 1086 688 1129 Exspectabamus
702 1097 789 1128 ergo,
802 1086 842 1119 de
858 1086 918 1124 his,
930 1097 1001 1128 quae
1018 1086 1104 1119 dicta
1114 1092 1214 1124 erant,
1223 1086 1304 1120 inter
1318 1098 1377 1122 nos
1387 1089 1604 1132 colloquentes
1617 1099 1683 1122 rur·

213 1151 328 1183 susque
342 1141 588 1175 considerantes.
633 1141 790 1173 Praeterea
813 1141 1080 1183 conquerebamur
1103 1141 1260 1173 fortunam
1281 1146 1438 1175 nostram:
1462 1143 1517 1185 qui
1532 1147 1682 1186 tanquam

213 1200 345 1238 parente
359 1195 459 1229 orbati
474 1194 627 1237 reliquum
641 1195 712 1228 vitoe
729 1200 853 1237 tempus
868 1194 1000 1237 orphani
1016 1194 1112 1230 futuri
1127 1205 1278 1228 essemus.
1323 1195 1406 1228 Cum
1430 1196 1573 1233 Socrates
1599 1197 1683 1228 lotus

213 1253 308 1292 esset,
322 1248 419 1282 delati
434 1250 558 1283 suntad
575 1260 647 1282 eum
673 1250 762 1292 pueri
784 1250 832 1282 sui
846 1261 854 1281 ε
878 1250 959 1285 duos
974 1249 1058 1282 enirn
1074 1249 1158 1282 filios
1173 1250 1310 1282 habebat
1325 1251 1481 1292 parvulos,
1495 1261 1594 1287 uuum
1609 1258 1682 1285 vero

209 1302 276 1344 jam
293 1303 454 1344 grandem.
475 1309 628 1336 venerunt
641 1309 674 1336 ct
689 1303 833 1337 mulieres
847 1303 1041 1336 domesticae.
1086 1302 1140 1336 Ad
1157 1314 1210 1336 eas
1226 1304 1369 1336 Socrates
1383 1315 1453 1338 cum
1469 1304 1502 1337 in
1519 1305 1683 1347 praesentia

213 1357 354 1390 Critonis
369 1358 462 1391 verba
484 1358 624 1396 fecisset,
647 1363 680 1390 et
702 1368 774 1400 quae
790 1357 917 1393 volebat
944 1357 1172 1398 mandavisset3
1196 1358 1340 1390 mulieres
1365 1358 1494 1400 quidem
1522 1363 1555 1390 et
1570 1369 1682 1400 pueros

211 1411 300 1445 abire
309 1411 418 1453 jussit,
432 1412 502 1454 ipso
517 1422 589 1443 vero
606 1412 646 1446 ad
669 1422 727 1444 nos
749 1411 854 1449 rediit,
879 1411 945 1453 jam
974 1412 1096 1444 circiter
1110 1412 1184 1444 solis
1199 1422 1343 1446 occasum
1355 1423 1366 1445 ε
1389 1413 1578 1455 permultum
1597 1412 1681 1446 enim

210 1469 337 1507 tempus
352 1465 436 1496 intus
457 1465 558 1497 suerat
572 1470 792 1500 commoratus,
838 1466 920 1498 Cum
932 1476 1004 1499 vero
1015 1466 1063 1501 ad
1080 1476 1136 1497 nos
1151 1466 1287 1502 venisset
1301 1466 1396 1505 lotus,
1408 1466 1564 1500 consedit.
1609 1466 1682 1499 Nec

212 1518 312 1550 multa
327 1523 398 1560 post
413 1519 481 1552 haec
506 1519 632 1552 locutus
658 1524 735 1556 erat,
761 1530 833 1552 cum
847 1520 935 1553 venit
959 1520 1251 1552 Undecimvirorum
1269 1520 1370 1554 lictor.
1391 1520 1446 1563 qui
1471 1520 1519 1552 illi
1543 1521 1684 1563 adstans,

213 1572 243 1604 O
261 1572 416 1614 Socrates,
429 1572 544 1615 inquit,
561 1583 625 1609 non
641 1573 770 1606 arbitror
782 1584 852 1607 earn
867 1574 900 1605 in
915 1578 947 1605 te
962 1573 1136 1605 novitatem
1153 1584 1203 1606 me
1221 1574 1608 1617 deprehensurum‚'quam
1623 1575 1682 1608 de-

212 1626 405 1668 prehendere
420 1627 452 1660 in
467 1626 579 1660 ceteris
590 1628 689 1661 soleo.
712 1624 765 1662 illi
776 1628 859 1660 enim
879 1627 1086 1671 indignantur
1099 1628 1174 1660 mihi
1200 1633 1295 1671 atque
1321 1634 1531 1668 exsecrantur,
1551 1630 1680 1672 quando

211 1680 274 1712 illis
295 1681 448 1714 denuntio
463 1692 619 1714 venenum
644 1693 712 1715 esse
737 1682 921 1720 bibendum,
936 1682 980 1714 ita
1006 1683 1236 1725 magistratibus
1260 1682 1533 1726 compellentibus.
1554 1688 1587 1716 te
1611 1694 1682 1716 vero

213 1735 350 1777 cognovi
366 1736 536 1778 praesertim
551 1737 584 1768 in
599 1737 659 1769 hoc
674 1742 815 1779 tempore
831 1737 1102 1780 generosissimum
1122 1738 1469 1781 mansuetissimumque
1479 1742 1514 1771 et
1526 1738 1680 1780 optimum

214 1789 314 1822 virum
329 1790 482 1828 omnium,
497 1789 554 1833 qui
576 1801 714 1832 unquam
743 1792 827 1824 hunc
851 1792 883 1823 in
907 1792 1010 1824 locum
1033 1792 1247 1826 devenerunt:
1269 1798 1303 1824 et
1324 1803 1410 1825 nunc
1432 1792 1580 1835 equidem
1594 1797 1680 1830 certo

212 1842 278 1875 scio
294 1848 326 1876 te
341 1843 417 1877 mihi
428 1845 511 1878 haud
527 1844 674 1878 infestum
686 1846 764 1882 fore,
776 1846 831 1878 sed
847 1845 921 1883 illis,
937 1857 1035 1887 penes
1049 1856 1129 1887 quos
1150 1847 1195 1879 rei
1217 1846 1312 1888 hujus
1326 1857 1451 1880 causam
1465 1857 1534 1880 esse
1547 1857 1682 1889 cognos-

212 1897 268 1929 cis.
314 1897 410 1932 Nunc
425 1910 499 1941 ergo
512 1899 584 1937 scis,
609 1911 702 1942 quem
728 1900 785 1932 tibi
807 1900 954 1933 nuntium
970 1901 1109 1933 afferam.
1156 1900 1251 1939 Vale,
1263 1906 1358 1943 atque
1374 1902 1526 1940 annitere,
1541 1911 1613 1944 qum
1626 1911 1682 1933 ne-

211 1952 345 1987 cessaria
359 1957 445 1994 sunt,
461 1963 518 1996 pro
533 1953 649 1987 viribus
663 1954 756 1988 facile
769 1954 859 1986 ferre.
882 1959 916 1986 et
933 1954 1024 1986 simul
1039 1955 1088 1986 his
1103 1954 1198 1987 dictis
1209 1955 1316 1989 abibat
1331 1955 1517 1998 lacrymans.
1540 1955 1684 1988 Socrates

208 2011 319 2039 *autem
334 2006 368 2041 in
381 2017 454 2039 eum
478 2008 662 2050 respiciens,
685 2007 728 2040 Et
743 2012 789 2046 tu,
815 2008 933 2051 inquit,
947 2008 1031 2048 vale,
1059 2013 1093 2041 et
1114 2019 1172 2041 nos
1194 2009 1228 2041 id
1249 2009 1413 2043 faciemus.
1458 2009 1622 2052 Simulque
1643 2010 1686 2041 ad

214 2070 273 2093 nos
297 2071 476 2098 conversus,
499 2062 605 2100 Quam
630 2062 767 2094 urbanus
783 2067 831 2095 est
852 2063 947 2094 homo
971 2062 1047 2096 hic?
1070 2063 1188 2105 iuquit.
1208 2073 1312 2106 neque
1326 2063 1427 2095 solum
1441 2063 1476 2095 in
1489 2064 1563 2101 boc,
1578 2063 1634 2095 sed
1649 2062 1683 2095 in

210 2113 364 2156 superiori
377 2114 473 2146 etiam
489 2119 630 2157 ternpore
643 2126 693 2148 me
717 2115 875 2148 salutabat
889 2115 1191 2158 colloquebaturque
1207 2127 1446 2160 nonnunquam,
1460 2117 1584 2160 fuitque
1600 2128 1681 2150 sem-

212 2178 270 2210 per
287 2167 422 2201 virorum
446 2169 594 2211 optimus.
637 2169 680 2202 Et
705 2180 790 2205 nuuc
813 2181 907 2213 quam
923 2170 1062 2213 ingenue
1083 2181 1132 2204 me
1154 2171 1333 2215 lacrymat?
1377 2171 1441 2204 Sed
1457 2182 1528 2215 age,
1543 2182 1562 2204 ο
1577 2172 1681 2209 Crito,

211 2222 260 2257 illi
276 2233 451 2265 pareamus,
465 2233 504 2256 ac
519 2223 546 2256 si
557 2223 625 2266 jam
641 2224 748 2256 tritum
762 2229 811 2256 est
826 2235 993 2270 venenum,
1009 2225 1123 2267 aliquis
1143 2225 1206 2258 huc
1221 2225 1343 2259 afferat.
1367 2226 1394 2258 si
1409 2226 1548 2259 nondum
1563 2231 1612 2258 est
1626 2226 1679 2258 ui,

213 2281 292 2315 tum,
307 2281 450 2311 conterat
463 2277 530 2311 ille.
573 2277 620 2310 At
633 2289 701 2313 reor
715 2278 875 2321 equidem,
891 2279 996 2322 inquit
1011 2279 1111 2318 Crit0,
1128 2291 1147 2312 o
1170 2280 1326 2319 Socrates,
1340 2281 1482 2313 nondum
1497 2280 1594 2315 solem
1609 2280 1681 2313 reli-

211 2331 317 2374 quisse
332 2336 454 2367 montes
469 2343 529 2366 nec
543 2333 709 2367 occidisse.
754 2333 796 2366 Et
811 2334 885 2366 novi
899 2333 991 2372 alios,
1015 2339 1182 2377 postquam
1198 2334 1230 2369 id
1247 2335 1306 2368 sibi
1321 2335 1500 2367 nuntiatum
1514 2338 1574 2372 est,
1587 2334 1678 2366 valde

211 2395 281 2417 sero
305 2385 411 2419 bibere
435 2385 514 2418 illud
539 2387 753 2429 consuevisse,
766 2387 892 2430 largiter
915 2392 1054 2421 coenatos
1075 2393 1172 2432 atque
1198 2393 1301 2430 potos,
1316 2388 1471 2422 interdum
1487 2398 1560 2421 vero
1585 2387 1679 2420 etism

210 2438 336 2474 illorum
351 2439 482 2481 potitos,
496 2450 630 2482 quorum
645 2451 749 2473 amore
757 2440 983 2477 afficiebantur.
1029 2441 1242 2479 Quamobrem
1255 2453 1295 2474 ne
1306 2443 1386 2474 adeo
1399 2442 1529 2474 festines
1543 2452 1554 2483 ς
1576 2443 1680 2479 adhuc

212 2493 297 2527 enirn
320 2499 464 2535 superest
487 2499 623 2537 tempus.
667 2495 759 2531 Tunc
785 2496 941 2533 Socrates,
957 2496 1087 2535 Merito,
1102 2496 1218 2538 inquit,
1241 2507 1260 2528 o
1277 2496 1378 2533 Crito,
1394 2497 1440 2530 illi
1460 2497 1522 2530 ista
1546 2496 1678 2529 faciunt.

210 2552 326 2590 putant
336 2548 422 2582 enim
438 2549 505 2582 hoec
518 2549 670 2583 facientes
685 2549 806 2583 lucrari.
851 2549 961 2592 Atque
978 2561 1038 2592 ego
1054 2549 1164 2584 merito
1188 2549 1249 2582 ista
1271 2561 1335 2586 non
1356 2551 1480 2585 faciam.
1501 2550 1578 2584 nihil
1594 2550 1678 2583 enim

210 2612 261 2637 me
285 2601 383 2644 [11⁷]
406 2602 595 2638 lucraturum
609 2614 712 2646 spero,
734 2605 759 2636 si
777 2604 870 2646 paulo
887 2605 1040 2646 posterius
1057 2614 1212 2637 venenum
1239 2605 1357 2641 bibero,
1373 2605 1434 2638 nisi
1456 2609 1492 2638 nt
1516 2604 1594 2640 mihi
1618 2603 1683 2647 ipsi

210 2656 269 2689 sim
284 2655 446 2695 ridiculus,
463 2662 611 2700 tanquam
628 2658 702 2693 vitae
716 2658 852 2701 cupidus
868 2663 963 2701 atque
978 2669 1089 2701 parcus
1104 2658 1174 2701 ejus
1188 2659 1231 2690 rei
1248 2664 1396 2697 servator,
1409 2658 1500 2701 cujus
1515 2658 1592 2691 nihil
1610 2658 1678 2701 jam

210 2711 288 2745 mihi
303 2711 438 2754 amplius
457 2713 558 2747 adest,
601 2713 666 2745 Sed
692 2723 750 2755 age
769 2712 836 2755 jam
864 2712 940 2744 mihi
964 2713 1159 2755 obtempera,
1174 2723 1234 2745 nec
1248 2711 1338 2744 aliter
1352 2711 1460 2746 facias.
1503 2713 1591 2746 Crito
1607 2724 1679 2744 vero

210 2765 260 2801 ,his
282 2765 398 2798 auditis
412 2765 525 2799 annuit
552 2777 661 2808 puero,
678 2767 732 2809 qui
757 2766 852 2809 longe
876 2777 940 2800 non
966 2767 1083 2800 aberat.
1107 2766 1161 2801 ille
1174 2777 1246 2798 vero
1261 2777 1412 2809 egressus,
1428 2770 1462 2797 et
1485 2766 1680 2810 aliquantum

211 2825 432 2859 commoratus,
446 2820 551 2859 rediit,
564 2831 649 2858 eum,
665 2821 721 2863 qui
738 2832 892 2854 venenum
917 2822 1047 2854 daturus
1069 2826 1147 2858 erat,
1162 2832 1267 2854 secum
1291 2822 1423 2854 ducens.
1445 2821 1552 2853 attulit
1573 2825 1677 2852 autern

210 2873 244 2907 in
259 2873 360 2909 calice
374 2875 407 2911 id
420 2874 571 2909 attritum.
617 2875 712 2910 Hunc
726 2876 905 2918 adspiciens
930 2877 1085 2914 Socrates,
1099 2876 1203 2917 Cede,
1217 2876 1333 2918 inquit,
1349 2876 1431 2907 bone
1447 2875 1504 2912 vir,
1526 2875 1578 2916 (tu
1593 2873 1677 2905 enim

209 2929 318 2963 harum
340 2940 440 2963 rerum
456 2928 599 2975 peritiam
619 2928 743 2974 1mbes,)
759 2930 834 2973 quid
851 2942 900 2963 me
917 2931 1018 2965 facere
1035 2931 1182 2973 oportet?
1227 2930 1328 2970 Nihil,
1344 2929 1461 2973 inquit,
1482 2928 1566 2962 aliud
1583 2938 1678 2971 quam
