1846 3268
204 217 281 258 158
670 213 895 256 INCERTI
921 214 1200 260 AUCTORIS
1568 219 1668 273 [536

205 321 342 356 animam
357 330 460 357 meum
477 318 524 351 his
540 317 746 356 sermonibus,
760 318 916 356 Socrates,
931 318 1060 361 attingis
1075 318 1237 352 etafficis·
1262 330 1300 354 ac
1312 319 1420 353 divina
1431 322 1568 365 quadam
1583 327 1667 358 sorte

205 376 296 410 adiis
306 375 411 418 poetae
421 374 559 417 insignes
575 373 634 406 ista
648 372 739 405 nobis
753 373 949 415 interpretari
959 373 1116 407 videntur.
1143 374 1200 407 So.
1223 373 1341 407 Nonne
1357 386 1412 408 vos
1426 376 1575 419 rbapsodi
1590 377 1671 420 poe'-

206 438 308 465 tarum
329 430 446 473 scripta
465 427 736 471 interpretamini?
781 426 833 460 Io.
855 426 941 461 Vera
955 438 1070 462 narras.
1114 428 1171 461 So.
1194 428 1246 462 An
1266 439 1331 463 non
1344 429 1552 473 interpretum
1575 430 1674 466 inter-

206 491 311 530 pretes
327 484 423 519 estis?
467 483 520 518 10.
543 483 670 517 Sumus.
714 481 771 518 So.
795 481 1024 516 Animadverte
1038 482 1116 526 quid
1130 482 1237 527 velim,
1250 489 1283 517 et
1297 484 1358 518 hoc
1373 485 1451 518 mibi
1467 485 1635 528 responde,
1650 496 1671 518 ο

206 542 292 574 Ion:
314 550 418 583 neque
432 539 480 581 id,
493 538 535 570 de
550 547 613 580 quo
630 542 660 570 te
682 536 893 579 interrogabo,
918 537 997 570 mibi
1019 537 1234 571 occultaveris.
1280 539 1360 574 Cum
1377 544 1451 583 apte
1465 540 1604 576 earmina
1625 551 1672 579 re,-

207 597 280 633 fers,
294 600 328 627 et
342 600 468 636 stupore
482 591 643 635 perculsos
658 591 761 624 reddis
776 595 969 634 spectantes,
983 591 1050 625 sive
1061 592 1137 625 dum
1147 592 1271 626 Ulixem
1285 605 1319 626 su
1323 604 1379 637 per
1389 594 1604 637 pavimentum
1615 604 1673 629 suo

208 649 316 682 limine
339 648 541 681 insultantem
566 651 687 684 cantas,
707 650 740 678 et
762 646 866 688 procis
890 646 994 689 palam
1018 657 1052 679 se
1077 648 1308 686 ostendentem,
1331 653 1426 691 atque
1448 649 1578 691 sagittas
1601 653 1677 682 aute

209 704 307 748 pedes
320 702 537 735 effundentem
549 711 564 742 ;
583 701 649 733 sive
662 699 823 735 Achillem
837 700 989 743 impetum
1002 700 1037 733 in
1053 700 1192 734 Hectora
1202 701 1370 735 facientem
1383 714 1393 742 ;
1414 713 1470 735 seu
1484 703 1566 740 ‚dum
1582 702 1676 736 mise·

209 758 307 791 rabile
321 757 474 800 quiddam
485 760 518 788 et
539 754 706 798 querulum
721 754 805 788 circa
821 753 1078 793 Andromachen,
1093 754 1143 787 vel
1160 754 1340 793 Hecubam,
1354 755 1404 788 vel
1419 755 1579 791 Priamum
1603 767 1676 800 pro-

209 814 292 846 fers:
315 817 419 844 utrum
434 815 510 843 tunc
526 809 639 842 mentis
653 819 688 842 es
709 818 853 851 compos,
874 819 917 841 an
937 818 957 839 a
980 813 1086 841 mente
1110 807 1291 842 alienatus?
1313 814 1348 841 et
1369 810 1461 843 rebus
1475 810 1582 853 gestis.
1596 820 1676 853 quaa

209 868 315 906 refers,
331 867 453 899 afflatus
466 864 600 900 animus.
616 863 765 895 interesse
779 862 842 895 illis
863 873 897 895 se
919 862 1052 904 cogitat,
1073 862 1138 895 sive
1160 862 1194 896 in
1215 862 1338 901 Ithaca,
1359 863 1426 897 sive
1447 864 1534 906 apud
1547 864 1676 908 'rrojnm

210 923 275 955 sint
289 926 390 965 gesta,
401 930 457 952 seu
467 927 657 962 quocunque
672 916 735 949 alio
746 916 885 951 carmina
896 915 1023 958 rapiant
1036 921 1067 950 te
1080 916 1092 948 ?
1137 916 1190 951 10.
1212 916 1417 961 Perspicuam
1426 917 1501 951 mihi
1513 918 1679 962 conjectu-

210 988 288 1015 ram,
303 987 323 1008 o
338 976 494 1011 Socrates,
507 971 640 1004 attulisti
654 981 663 1004 ε
677 981 781 1014 neque
795 971 830 1003 id
847 971 1060 1004 occultaturus
1069 970 1128 1004 tibi
1140 972 1322 1005 recensebo.
1349 972 1484 1011 Quoties
1491 972 1574 1006 enim
1585 972 1681 1008 mine,-

209 1031 306 1063 rabile
318 1030 492 1073 quidquam
502 1027 587 1064 dico.
602 1026 739 1059 lacrimis
748 1029 935 1068 sparguntur
945 1025 1030 1058 oculi
1045 1037 1053 1057 :
1066 1035 1138 1058 cum
1153 1025 1274 1068 aliquid
1287 1025 1423 1059 terribile
1434 1032 1490 1059 aut
1498 1027 1682 1067 vehemens,

211 1090 338 1118 arrectae
350 1089 476 1127 propter
486 1086 631 1114 terrorem
643 1091 742 1113 comas
752 1081 925 1122 eriguntur,
938 1085 1033 1123 atque
1048 1090 1102 1113 cor
1111 1079 1193 1112 salit.
1217 1080 1275 1113 So.
1290 1079 1455 1124 Numquid
1468 1080 1582 1114 mentis
1593 1092 1682 1117 come

211 1145 319 1183 potem
334 1149 406 1171 eum
420 1137 519 1169 virum
536 1141 611 1168 tunc
626 1146 694 1168 esse
708 1135 886 1174 asserimus,
910 1135 966 1178 qui
990 1135 1024 1167 in
1040 1134 1199 1168 sacrificiis
1214 1139 1248 1167 et
1268 1134 1533 1168 celebrationibus
1548 1135 1680 1178 pulchra

211 1199 299 1227 veste
312 1192 476 1235 aureisque
487 1190 612 1223 coronis
623 1195 750 1223 ornatus
760 1190 874 1233 ploret,
886 1200 959 1222 cum
968 1189 1047 1221 nihil
1060 1190 1169 1222 horum
1182 1189 1319 1222 amiserit
1331 1189 1342 1221 ?
1359 1194 1415 1223 aut
1425 1189 1573 1224 formidat
1582 1190 1682 1233 magia

212 1258 307 1292 quam
320 1248 402 1279 inter
415 1247 521 1278 hostes
536 1245 607 1288 quis
619 1245 730 1285 soleat,
745 1255 842 1287 quum
854 1244 895 1276 sit
908 1245 992 1277 inter
1007 1244 1123 1278 multos
1133 1243 1251 1277 amicos
1257 1244 1400 1276 homines
1409 1245 1613 1284 constitutus,
1622 1255 1683 1280 ne-

212 1314 276 1347 que
290 1302 374 1334 ullus
388 1311 460 1333 eum
475 1305 570 1333 exuat
583 1310 687 1342 neque
700 1298 814 1341 injuria
824 1298 890 1331 ulla
900 1298 1039 1331 afficiat?
1083 1298 1136 1330 Io.
1159 1298 1236 1333 Non
1251 1309 1306 1341 per
1316 1298 1444 1340 Jovem,
1456 1309 1476 1331 o
1485 1299 1642 1338 Socrates,
1653 1300 1681 1334 si

211 1368 285 1390 vera
297 1356 387 1389 fateri
401 1355 544 1388 velimus.
587 1354 641 1388 Se.
665 1353 824 1386 Vidistine
834 1352 1045 1396 spectantium
1061 1352 1294 1385 multitudinem
1309 1352 1420 1385 iisdem
1435 1353 1485 1387 bis
1495 1354 1587 1389 rebus
1601 1364 1682 1397 quas

212 1412 306 1455 agitis
319 1409 532 1443 commoveri?
576 1408 624 1441 Io.
647 1407 727 1440 Vidi
740 1408 888 1451 equidem
904 1408 1082 1450 plurimum.
1106 1412 1202 1450 atque
1217 1407 1337 1450 aspicio
1353 1417 1477 1450 semper
1490 1418 1625 1450 superne
1639 1409 1682 1442 ab

213 1467 285 1509 ipso
300 1470 447 1508 suggesto
462 1469 495 1496 et
505 1463 628 1502 flentes,
641 1468 673 1495 et
687 1462 820 1506 graviter
829 1462 999 1500 intuentes,
1016 1468 1112 1505 atque
1127 1463 1175 1494 his
1189 1472 1260 1504 quae
1276 1466 1450 1501 narrantur,
1472 1462 1679 1505 stupefactos.

212 1522 256 1554 Et
269 1525 395 1564 oportet
408 1530 458 1551 me
472 1518 566 1550 valde
580 1522 718 1551 mentem
732 1517 769 1550 iis
784 1517 945 1549 adhibere.
967 1527 1040 1550 narn
1056 1516 1083 1549 si
1096 1516 1160 1549 illis
1186 1516 1330 1549 lacrimas
1354 1516 1526 1555 excutiam,
1547 1516 1617 1559 ipse
1632 1527 1685 1550 ar·

215 1581 344 1618 gentum
357 1573 531 1616 suscipiens
555 1572 688 1605 ridebo:
711 1571 759 1605 sin
785 1576 889 1604 autem
902 1571 998 1604 risum
1013 1571 1075 1604 illis
1091 1582 1245 1610 moveam,
1266 1571 1335 1614 ipse
1349 1576 1513 1614 argentum
1534 1571 1683 1607 amittens

214 1630 310 1664 flebo.
353 1629 412 1660 So.
434 1628 586 1665 Videsne,
601 1631 808 1670 spectatorem
824 1636 892 1659 esse
915 1626 1079 1659 anulorum
1101 1631 1287 1670 extremum,
1299 1625 1434 1664 illorum,
1447 1626 1588 1669 iuquam,
1603 1637 1684 1669 quoa

212 1685 275 1718 sub
288 1688 433 1725 magnete
448 1682 554 1723 lapide
569 1681 631 1713 vim
645 1680 781 1714 invicem
797 1681 957 1723 suscipere
972 1680 1140 1713 referebam
1153 1679 1165 1712 ?
1188 1679 1311 1714 medius
1323 1685 1429 1714 autem
1442 1691 1476 1716 es
1488 1685 1524 1712 tu
1536 1681 1683 1715 recitator

215 1745 248 1772 et
258 1739 390 1771 histrio:
415 1737 533 1780 primus
547 1741 652 1769 autem
666 1741 715 1768 est
728 1735 799 1778 ipse
822 1734 941 1778 poeta:
964 1735 1063 1778 [536]
1086 1735 1165 1768 deus
1177 1745 1251 1768 vero
1273 1745 1331 1778 per
1353 1745 1463 1769 omnes
1479 1735 1562 1769 istos
1580 1734 1683 1771 homi·

216 1804 292 1827 num
307 1793 444 1825 animum
459 1801 648 1834 quocunque
662 1790 740 1827 vult,
764 1790 870 1828 trabit,
895 1789 971 1821 dum
993 1789 1128 1823 invicem
1143 1788 1206 1822 vim
1230 1789 1399 1832 suspendit
1423 1793 1458 1824 et
1481 1788 1620 1836 trajicit:
1642 1799 1683 1822 ex

216 1860 280 1893 quo
294 1848 381 1880 velut
394 1857 434 1879 ex
449 1846 504 1878 illo
520 1845 627 1888 lapide
642 1844 735 1877 series
749 1844 844 1886 longa
858 1844 1033 1886 dependet,
1048 1854 1112 1886 qua
1131 1854 1149 1876 e
1167 1842 1264 1877 latere
1289 1842 1442 1885 gradatim
1461 1847 1632 1878 nectuntur
1648 1842 1684 1878 hi

217 1903 275 1946 qui
288 1903 321 1934 in
335 1902 431 1934 choro
454 1900 582 1937 saltant,
604 1904 637 1931 et
662 1902 884 1941 praeceptores,
904 1901 1000 1940 atque
1024 1897 1195 1940 discipuli.
1219 1894 1379 1939 hujusque
1396 1900 1519 1931 cateno
1544 1907 1565 1929 a
1586 1896 1686 1942 Musa

218 1956 306 1990 anuli
321 1954 577 1998 suspenduntur.
601 1963 639 1984 ex
655 1951 760 1995 poetis
776 1956 880 1984 autem
895 1951 954 1983 iste
969 1962 1009 1982 ex
1028 1951 1100 1989 alia,
1123 1950 1177 1984 ille
1203 1961 1241 1984 ex
1262 1950 1324 1983 alia
1346 1950 1447 1983 Musa
1468 1950 1683 1993 suspenditur.

218 2011 380 2044 Vocamus
395 2014 499 2041 autem
514 2007 547 2039 id
563 2017 620 2039 nos
635 2005 806 2049 occupari·
830 2006 916 2047 quod
942 2005 1070 2048 quidem
1094 2004 1141 2038 illi
1166 2004 1342 2046 proximum
1357 2009 1426 2038 est:
1450 2008 1574 2039 tenetur
1588 2004 1685 2039 enim.

218 2066 273 2099 Ab
288 2066 337 2097 his
351 2065 460 2107 utique
476 2062 582 2105 primis
596 2060 710 2099 anulis,
724 2061 779 2103 qui
793 2059 899 2102 poetas
923 2063 1008 2098 sunt,
1034 2058 1089 2092 alii
1104 2069 1206 2093 rursus
1221 2059 1260 2092 ab
1273 2058 1344 2091 aliis
1367 2058 1589 2100 corripiuntur,
1604 2058 1687 2090 divi·

219 2121 317 2163 nique
328 2120 429 2151 fiunt:
453 2117 598 2150 nonnulli
612 2117 653 2148 ab
669 2115 810 2157 Orpheo.
826 2125 845 2147 a
859 2115 985 2147 Musaeo
1001 2114 1076 2147 alii:
1101 2124 1160 2147 nec
1176 2113 1270 2156 pauci
1285 2114 1325 2147 ab
1341 2113 1480 2147 Homero
1490 2117 1687 2155 occupantur

221 2181 316 2217 atque
337 2177 494 2210 tenentur,
509 2181 653 2214 quorum,
668 2181 688 2202 ο
700 2170 774 2212 Ion,
786 2180 869 2202 unus
883 2180 929 2207 es,
953 2169 1008 2212 qui
1028 2170 1068 2202 ab
1082 2168 1220 2201 Homero
1243 2168 1346 2214 furore
1358 2172 1519 2209 correptus
1541 2178 1586 2200 es.
1609 2172 1643 2201 et
1660 2167 1689 2200 si

220 2230 290 2273 quis
301 2229 418 2271 scripta
432 2226 558 2259 alterius
572 2225 679 2268 poetae
694 2224 855 2265 cecinerit,
869 2223 1087 2261 obdormiscis,
1102 2228 1198 2266 atque
1213 2222 1269 2255 tibi
1280 2221 1410 2256 dicendi
1425 2222 1516 2257 deest
1526 2221 1658 2257 facultas
1675 2233 1684 2254 ε

220 2286 246 2317 si
257 2284 328 2327 quis
341 2293 414 2314 vero
428 2280 523 2324 hujus
537 2280 643 2323 poiitae
659 2278 872 2311 decantaverit
883 2278 1064 2316 melodiam,
1075 2277 1240 2311 confestim
1256 2276 1412 2319 excitaris,
1422 2276 1545 2311 animus
1560 2275 1643 2315 salit,
1655 2280 1689 2308 et

221 2337 351 2372 dicendi
362 2337 494 2371 facultas
507 2334 633 2367 sufficit.
675 2333 753 2366 Non
768 2333 854 2366 enim
868 2339 946 2371 arte,
959 2343 1063 2375 neque
1079 2331 1222 2371 scientia,
1238 2332 1292 2364 sed
1309 2330 1419 2364 divina
1438 2331 1576 2373 quadam
1590 2335 1686 2370 sorte,

220 2398 254 2426 et
269 2391 382 2426 mentis
395 2389 615 2432 occupatione,
630 2399 668 2421 ea
682 2398 753 2431 quas
766 2389 807 2421 'de
821 2387 961 2428 Homero
976 2387 1069 2428 dicis,
1082 2397 1238 2420 recenses.
1282 2385 1326 2418 Et
1340 2385 1606 2428 quemadmodum
1622 2384 1686 2418 Co-

222 2447 372 2491 rybantes
383 2445 469 2476 illam
481 2444 643 2475 dumtaxat
656 2443 824 2475 melodiam
840 2448 933 2475 acute
947 2442 1098 2483 sentiunt,
1120 2451 1191 2484 quae
1211 2440 1296 2473 illius
1315 2440 1369 2473 dei
1384 2445 1433 2472 est
1447 2450 1466 2472 a
1480 2449 1545 2482 quo
1559 2437 1688 2482 rapinae

222 2507 285 2540 tur,
299 2501 340 2534 ad
354 2509 489 2541 eumque
500 2502 688 2530 concentum
703 2498 888 2530 decentibus
902 2497 1004 2529 verbis
1019 2501 1051 2528 et
1066 2496 1172 2538 figuris
1186 2495 1361 2532 abundant,
1375 2494 1453 2528 alios
1462 2503 1536 2528 vero
1545 2498 1688 2529 contem?

223 2560 326 2588 nunt:
348 2554 394 2586 ita
407 2558 440 2585 et
454 2558 501 2591 tu,
515 2563 535 2585 o
550 2552 622 2590 Ion,
637 2551 663 2583 si
676 2551 747 2595 quis
762 2551 892 2583 Homeri
909 2550 1100 2583 mentionem
1120 2549 1240 2587 fecerit,
1265 2559 1299 2582 es
1319 2549 1355 2581 in
1369 2547 1506 2582 diceudo
1519 2547 1690 2586 facundus.

221 2610 256 2642 in
271 2610 341 2642 aliis
355 2618 429 2641 vero
444 2607 501 2640 tibi
516 2607 610 2650 copia
623 2608 723 2639 deest.
767 2605 847 2648 Ejus
861 2606 970 2648 itaque
989 2606 1076 2648 quod
1098 2605 1272 2648 quoerebas,
1296 2603 1499 2647 quamobrem
1521 2602 1605 2637 eires
1617 2601 1688 2638 Hos

222 2675 339 2698 merum
355 2664 503 2707 copiosus
514 2674 559 2701 es,
574 2663 658 2696 circa
672 2662 750 2694 alios
764 2661 888 2704 deficis,
904 2662 972 2693 haec
987 2666 1036 2693 est
1049 2670 1156 2698 causa,
1171 2658 1319 2702 quoniam
1334 2668 1400 2691 non
1415 2662 1493 2696 sris,
1506 2656 1563 2691 sed
1578 2655 1688 2692 divina

222 2725 304 2752 sorte
319 2720 486 2751 vehemens
498 2729 530 2750 es
542 2718 671 2749 Homeri
687 2717 840 2749 laudator.
886 2715 939 2748 Io.
962 2714 1065 2748 Recte
1079 2714 1171 2752 dicIs,
1182 2725 1201 2746 ο
1213 2714 1369 2746 Socrates.
1392 2711 1560 2746 adtuirmr
1571 2715 1689 2750 tamen,

222 2773 250 2806 si
266 2778 328 2805 tam
344 2778 436 2807 acute
456 2772 631 2810 dissereres,
657 2775 692 2802 ut
706 2770 781 2802 mihi
798 2780 920 2812 prorsus
943 2769 1158 2812 persuaderes,
1177 2768 1375 2811 lymphatum
1401 2770 1496 2809 atque
1518 2764 1686 2802 furentem,

223 2827 396 2859 Homerum
411 2826 556 2858 laudibus
571 2825 738 2859 celebrare.
762 2835 864 2869 neque
877 2825 960 2857 enim
976 2825 1092 2862 furens,
1108 2828 1144 2855 ut
1158 2822 1298 2860 arbitror,
1320 2820 1379 2854 tibi
1393 2820 1526 2863 viderer,
1539 2819 1565 2853 οἱ
1580 2829 1630 2852 me
1644 2818 1685 2852 de

224 2883 364 2915 Homero
387 2881 481 2915 verba
504 2880 673 2913 facientem
695 2880 829 2913 audires.
873 2879 931 2912 So.
954 2878 1054 2921 Atqui
1082 2876 1191 2911 audire
1220 2876 1310 2908 volo:
1334 2885 1439 2918 neque
1466 2879 1572 2907 tamen
1602 2873 1688 2915 prius

224 2947 319 2980 quam
335 2934 413 2968 mihi
427 2934 635 2978 responderis,
659 2933 739 2966 inter
757 2933 812 2966 illa
835 2933 875 2966 de
891 2933 1004 2976 quibus
1021 2932 1176 2966 Homerus
1196 2930 1274 2973 agit,
1293 2930 1333 2964 de
1354 2928 1468 2973 quibus
1488 2927 1686 2972 potissimum
