1832 3256
229 241 281 280 50
741 273 746 278 .
785 234 1076 277 ·PLATOle
1467 247 1470 251 ⁴
1599 239 1700 290 [327

228 342 350 377 nantia.
393 342 472 374 Post
485 341 553 374 inec
569 340 608 374 ad
624 339 859 384 gymnasiorum
873 340 1037 383 magistros
1052 343 1196 382 parentes
1211 338 1291 371 filios
1306 339 1447 378 mittunt,
1463 344 1499 371 ut
1514 339 1634 372 firmum
1644 350 1699 382 ap-

228 402 360 439 tumque
375 396 484 439 adepti
498 395 636 438 corporis
651 395 803 433 habitum,
827 395 955 437 optimas
981 394 1078 425 menti
1096 398 1264 436 suggerant
1279 394 1482 426 ministerium
1496 405 1506 434 ;
1529 405 1570 426 ne
1584 393 1702 436 fragili-

227 456 295 486 tate
320 462 485 493 corporum
509 450 668 493 impediti,
693 461 713 482 a
737 449 921 481 militaribus
943 448 1152 490 civilibusque
1178 448 1354 480 actionibus
1377 453 1526 490 tanquam
1541 448 1703 481 laboriosis

228 506 471 538 absterreantur.
515 505 596 538 Haec
619 515 734 547 nempe
757 505 924 536 observant
946 503 1078 535 maxime
1100 502 1136 540 ii,
1170 502 1225 545 qui
1248 503 1384 535 maxime
1405 507 1548 545 possunt.
1569 507 1702 545 possunt

229 564 335 592 autem
361 559 495 592 maxime
513 558 746 601 opulentissimi
759 558 829 594 viri,
853 567 1024 599 eorumque
1047 556 1116 594 filii,
1140 557 1195 599 qui
1221 557 1312 598 primi
1328 557 1563 599 disciplinarum
1578 556 1701 590 scholas

228 613 375 655 ingressi,
391 613 554 645 novissimi
568 617 695 646 exeunt.
739 611 862 644 Scholis
884 616 988 643 autem
1010 610 1137 652 egressi,
1165 621 1184 641 a
1208 611 1438 652 magistratibus
1460 611 1548 654 leges
1564 610 1701 653 juraque

229 667 363 708 discere,
378 677 548 710 eorumque
563 667 707 709 exemplo
722 665 826 698 vivere
848 670 1004 707 coguntur
1018 676 1025 695 :
1050 675 1090 696 ne
1113 664 1189 706 quid
1205 665 1268 707 ipsi
1284 665 1410 707 proprio
1426 665 1554 706 ingenio
1569 664 1641 697 freti
1656 669 1703 697 te-

230 731 314 753 mere
327 725 423 763 agant
439 733 447 752 :
472 722 528 755 sed
542 720 808 763 quemadmodum
825 719 980 750 literarum
1000 718 1139 761 magistri
1163 720 1267 761 pueris
1289 719 1393 751 adhuc
1413 719 1569 751 scribendi
1588 718 1703 761 ignaris

229 775 352 806 calamo
378 775 537 817 exemplar
558 775 717 816 quoddam
740 773 941 815 praesignant,
966 773 1005 804 ad
1031 771 1122 814 cujus
1141 774 1334 806 characteres
1354 773 1512 805 scribendi
1535 773 1702 806 artificium

230 829 385 860 imitando
401 829 598 871 perdiscunt,
612 829 659 860 ita
669 827 780 859 civitas
793 827 879 869 leges
894 827 1095 869 praescribens
1111 827 1282 869 priscorum
1296 828 1457 860 hominum
1471 827 1505 860 in
1519 827 1642 870 legibus
1656 827 1703 858 fe-

229 884 336 915 rendis
350 882 664 926 prudentissimorum
681 882 820 918 inventa,
843 881 883 912 ad
905 891 1012 912 earum
1033 892 1171 913 normam
1192 880 1343 924 imperare
1366 882 1454 924 cogit
1477 881 1650 924 quemlibet
1671 885 1705 913 et

229 948 350 979 parere.
397 937 461 969 Eos
477 942 582 968 autem
595 936 649 979 qui
666 935 921 978 praevaricantur,
938 935 1051 977 punit:
1075 935 1263 978 punitioque
1279 935 1461 978 hujusmodi
1485 940 1519 968 et
1532 935 1618 978 apud
1634 945 1703 972 vos,

229 996 263 1023 et
278 992 363 1034 apud
380 990 458 1022 alios
473 991 598 1029 multos,
626 995 790 1032 propterea
806 990 892 1031 quod
909 994 1058 1032 tanquam
1083 1001 1175 1032 poena
1193 989 1354 1031 judicialis
1369 989 1485 1032 dirigat
1497 994 1703 1032 transgresso—

230 1056 308 1083 rem,
323 1045 455 1078 directio
470 1045 685 1087 correctioque
701 1049 840 1077 vocatur.
886 1043 970 1077 Cum
992 1044 1086 1087 igitur
1100 1045 1172 1076 talis
1194 1049 1343 1087 tantaque
1365 1045 1405 1077 sit
1418 1044 1541 1076 virtutis
1560 1049 1623 1076 tam
1640 1043 1704 1086 pri—

229 1100 326 1131 vatim
342 1110 436 1142 quam
452 1100 576 1142 publice
591 1110 678 1140 cura,
691 1109 732 1130 an
749 1098 876 1130 dubitas
899 1099 1017 1135 adhuc,
1041 1110 1061 1130 o
1083 1098 1239 1141 Socrates,
1251 1098 1431 1141 mirarisque
1445 1098 1470 1130 si
1486 1098 1584 1130 virtus
1599 1098 1706 1130 doceri

231 1159 328 1197 queat
345 1155 357 1186 ?
401 1154 516 1197 Neque
532 1165 604 1186 vero
620 1154 724 1185 mirari
738 1154 799 1185 hoc
819 1154 986 1196 quisquam
1005 1153 1112 1191 debet,
1134 1153 1231 1187 immo
1254 1154 1353 1186 multo
1368 1153 1466 1195 magis
1480 1152 1505 1184 si
1521 1151 1626 1184 doceri
1640 1162 1706 1183 nou

233 1210 346 1250 possit.
391 1210 563 1247 Quaerebas
579 1214 741 1251 praeterea,
786 1208 891 1246 Quam
912 1209 954 1240 ob
975 1218 1100 1240 causam
1125 1209 1276 1241 bonorum
1292 1214 1416 1252 patrum
1431 1207 1487 1239 filii
1501 1207 1575 1239 mali
1588 1206 1705 1249 reperi-

233 1264 353 1294 untur?
399 1263 472 1295 Hoc
488 1263 600 1295 iterum
616 1264 729 1295 docere
745 1267 777 1294 te
793 1273 901 1305 pergo.
925 1273 1029 1304 neque
1050 1263 1110 1295 hoc
1137 1263 1247 1295 mirum
1261 1263 1360 1294 v‘ideri
1375 1263 1483 1303 debet,
1503 1261 1531 1293 si
1545 1271 1618 1292 vera
1632 1265 1707 1292 sunt

231 1327 304 1360 quae
320 1317 398 1359 dixi,
423 1317 571 1349 videlicet
585 1317 708 1348 virtutis
723 1326 829 1349 curam
844 1327 908 1348 non
925 1317 965 1347 ad
987 1327 1084 1348 unum
1108 1316 1244 1359 aliquem
1268 1318 1441 1357 dumtaxat,
1465 1316 1520 1348 sed
1540 1316 1580 1347 ad
1596 1324 1705 1346 omnes

231 1376 374 1414 spectare
389 1377 546 1414 oportere,
559 1372 586 1403 si
602 1372 696 1403 modo
712 1371 881 1403 consistere
898 1369 1009 1402 civitas
1026 1371 1150 1404 debeat.
1175 1371 1273 1414 [32⁷]
1298 1371 1332 1402 Si
1347 1375 1450 1402 autem
1462 1371 1508 1402 ita
1522 1373 1582 1407 est,
1607 1374 1644 1400 ut
1657 1367 1704 1399 lo-

231 1436 323 1468 quor,
338 1425 434 1458 immo
450 1431 535 1458 certe
551 1436 623 1458 cum
639 1425 685 1458 ita
700 1425 752 1463 sit,
777 1425 860 1467 elige
881 1430 978 1467 atque
993 1424 1158 1457 considera
1173 1426 1315 1467 quamvis
1329 1425 1458 1457 aliarum
1472 1423 1657 1456 facultatum
1672 1426 1706 1454 et

232 1481 444 1512 doctrinarum
461 1491 470 1513 ε
498 1485 624 1522 utputa
638 1480 664 1512 si
679 1490 744 1511 non
759 1484 866 1522 posset
881 1479 1051 1511 consistere
1065 1479 1190 1518 civitas,
1205 1480 1264 1511 nisi
1278 1480 1425 1512 tibicines
1436 1489 1544 1511 omnes
1555 1487 1705 1515 essemus,

232 1535 459 1578 qualiscunque
474 1546 546 1579 esse
558 1534 692 1578 quilibet
708 1539 825 1577 posset,
850 1544 958 1566 nonne
981 1535 1043 1566 hoc
1064 1535 1199 1577 quilibet
1220 1535 1364 1578 privatim
1387 1533 1576 1576 publiceque
1593 1541 1706 1564 unum-

233 1599 394 1632 quemque
409 1590 549 1627 doceret,
562 1589 723 1632 hujusque
737 1589 879 1631 ignarum
895 1589 962 1620 sine
974 1589 1102 1620 invidiae
1117 1589 1214 1622 livore
1229 1589 1419 1632 corriperet?
1441 1586 1706 1631 quemadmodum

230 1654 319 1676 nunc
334 1642 504 1686 quaejusta
522 1648 555 1675 et
568 1643 709 1686 legitima
725 1648 809 1681 sunt,
825 1643 963 1685 quilibet
977 1643 1044 1676 sine
1059 1645 1180 1676 invidia
1195 1645 1358 1686 praedicat,
1371 1653 1474 1686 neque
1488 1642 1568 1679 haec,
1585 1645 1621 1672 ut
1631 1639 1706 1678 alia,

230 1697 327 1736 celat.
351 1699 480 1741 prodest
504 1698 588 1730 enim
615 1698 761 1730 omnibus
790 1698 964 1730 communis
986 1697 1113 1740 justitia
1138 1699 1316 1741 virtusque:
1340 1703 1435 1740 atque
1456 1696 1576 1728 idcirco
1597 1704 1707 1726 omnes

232 1752 379 1785 omnibus
393 1763 464 1795 quae
471 1752 559 1794 justa
573 1758 606 1785 et
620 1753 762 1796 legitima
782 1758 866 1791 sunt,
895 1753 1101 1786 libentissime
1124 1757 1309 1785 monstrant.
1354 1752 1387 1783 Si
1409 1761 1483 1793 ergo
1505 1750 1539 1782 in
1560 1749 1706 1780 tibiarum

231 1806 360 1838 flatibus
375 1808 486 1839 eadem
501 1807 597 1839 animi
611 1807 776 1849 flagrantia
787 1808 979 1850 caritateque
995 1809 1131 1840 invicem
1143 1819 1200 1839 nos
1209 1807 1413 1843 erudiremus,
1428 1815 1503 1837 num
1516 1803 1707 1847 optimorum

231 1860 397 1892 tibicinum
412 1860 470 1895 filii
484 1861 584 1903 magis
599 1872 694 1903 quam
709 1861 898 1894 deteriorum
914 1861 945 1892 in
963 1862 1011 1893 his
1033 1863 1117 1894 sonis
1139 1862 1231 1904 periti
1246 1860 1438 1893 evaderent?
1482 1858 1706 1901 Nequaquam,

232 1918 269 1946 ut
284 1914 414 1947 arbitror
427 1927 434 1947 ι
458 1916 513 1947 sed
528 1916 711 1959 quicunque
723 1917 890 1948 naturaad
907 1916 1000 1948 tibias
1014 1916 1168 1948 inflandas
1183 1915 1365 1958 ingeniosus
1379 1919 1474 1957 esset,
1495 1913 1590 1955 longe
1610 1911 1706 1954 proti·

231 1974 340 2010 ceret;
363 1970 470 2001 tardus
485 1975 591 2002 autem
607 1980 716 2013 parum
732 1982 739 2002 :
763 1981 800 2002 ac
825 1981 1041 2013 saepenumero
1061 1969 1156 2013 periti
1181 1970 1319 2002 tibicinis
1333 1970 1419 2001 rudis
1441 1968 1588 2000 evaderet
1603 1965 1707 2005 filius3

231 2033 320 2066 saepe
336 2023 430 2055 etiarn
445 2023 547 2066 inepti
561 2024 658 2066 filius,
681 2029 786 2067 aptus.
831 2025 1058 2057 Verumtamen
1081 2035 1190 2057 omnes
1211 2025 1401 2057 sufficientes
1425 2028 1530 2056 essent
1549 2020 1709 2061 tibicines,

231 2077 261 2108 si
275 2088 353 2111 cum.
362 2078 411 2109 his
425 2078 651 2116 conferrentur,
667 2079 722 2120 qui
736 2078 829 2110 rudes
845 2083 930 2117 sunt,
945 2079 1086 2122 nihilque
1103 2079 1143 2110 de
1159 2079 1206 2110 his
1221 2080 1313 2111 rebus
1325 2078 1516 2121 intelligunt.
1559 2075 1708 2108 Similiter

235 2141 308 2163 eum
321 2131 476 2171 existima,
503 2132 657 2171 Socrates,
684 2132 740 2176 qui
762 2132 985 2175 injustissimus
1008 2134 1065 2165 tibi
1080 2134 1204 2165 videtur
1226 2134 1308 2166 inter
1328 2133 1471 2164 homines
1492 2131 1550 2164 sub
1573 2130 1644 2173 lege
1659 2129 1707 2160 vi-

234 2191 357 2225 ventes,
374 2186 497 2229 justum
513 2187 591 2226 fore,
610 2187 754 2230 jurisque
777 2193 948 2227 auctorem,
971 2188 997 2220 si
1019 2189 1147 2231 quando
1162 2199 1233 2220 cum
1249 2188 1311 2220 illis
1326 2187 1506 2219 hominibus
1519 2185 1707 2224 conseratur,

233 2239 351 2284 quibus
365 2252 425 2274 nec
447 2241 616 2284 disciplina
638 2243 690 2281 sit,
712 2253 772 2276 nec
793 2242 930 2285 judicia,
945 2253 1050 2286 neque
1075 2243 1172 2285 leges,
1196 2253 1300 2285 neque
1320 2242 1490 2274 necessitas
1504 2240 1570 2272 ulla
1583 2240 1617 2271 iu
1632 2239 1708 2280 vita,

235 2306 308 2338 quae
322 2295 468 2328 virtutem
483 2296 586 2328 colere
596 2296 723 2339 jubeat,
749 2296 934 2339 efferatique
948 2297 1022 2335 sint,
1047 2301 1082 2328 ut
1095 2296 1142 2328 illi
1165 2307 1244 2339 quos
1268 2306 1352 2328 anno
1372 2294 1528 2338 preterito
1541 2294 1576 2326 in
1591 2293 1708 2324 Leuaeo

234 2349 336 2392 poe‘ta
359 2349 562 2383 Pherecrates
587 2352 749 2384 erudivitz
773 2362 811 2384 ac
833 2352 859 2384 si
880 2352 960 2384 forte
983 2351 1017 2383 in
1043 2362 1098 2383 eos
1122 2351 1265 2382 homines
1286 2350 1452 2388 incideres,
1477 2349 1531 2392 qui
1547 2359 1584 2380 ex
1599 2357 1707 2379 eorum

236 2408 321 2436 coetu
335 2403 398 2436 sint
411 2405 541 2437 humani
554 2406 677 2448 generis
689 2407 810 2448 hostes,
832 2407 913 2439 bene
928 2411 1031 2439 tecum
1048 2406 1100 2448 agi
1123 2411 1262 2448 putares,
1280 2405 1307 2437 si
1321 2405 1517 2448 Eurybaturn
1531 2402 1708 2435 offenderes

236 2463 270 2490 et
285 2458 524 2502 Phrynondam,
534 2460 776 2503 deploraresque
790 2462 948 2494 fortunam
963 2466 1061 2504 tuam,
1075 2461 1258 2493 desiderans
1273 2465 1448 2492 nostrorum
1460 2458 1620 2490 hominum
1636 2466 1709 2499 pra-

235 2511 377 2545 vitatem.
420 2513 518 2546 Nunc
531 2519 634 2546 autern
650 2515 830 2548 deliciosior
842 2516 968 2554 videris,
982 2527 1001 2548 ο
1018 2516 1162 2548 Socrates
1176 2526 1187 2556 3
1207 2526 1281 2547 cum
1295 2515 1380 2547 enim
1395 2523 1504 2546 omnes
1517 2523 1574 2555 pro
1589 2511 1708 2543 viribus

234 2566 358 2606 virtutis
370 2573 578 2611 proeceptores
592 2570 666 2607 sint,
689 2570 795 2602 nullus
815 2575 921 2603 tamen
942 2571 1002 2603 tibi
1022 2568 1094 2602 talis
1115 2576 1258 2613 apparet.
1281 2570 1358 2612 quin
1381 2568 1478 2600 etiam
1502 2567 1528 2599 si
1541 2575 1709 2610 quaereres,

234 2621 308 2664 quis
322 2627 497 2665 praeceptor
511 2634 568 2655 nos
589 2623 700 2657 Graece
716 2625 803 2668 loqui
818 2625 974 2662 docuerit,
997 2625 1095 2667 [328]
1120 2624 1225 2656 nullus
1242 2624 1352 2666 utique
1367 2627 1546 2665 appareret.
1588 2621 1665 2653 item
1680 2620 1708 2652 si

234 2680 370 2718 peteres,
395 2677 465 2718 quis
477 2677 618 2711 docuerit
632 2680 883 2712 mechanicorum
901 2680 1054 2712 artificum
1069 2680 1150 2711 tilios
1165 2678 1370 2711 ministerium
1386 2678 1477 2716 illud,
1498 2676 1584 2720 quod
1604 2679 1707 2718 patres

236 2739 343 2762 eorum
359 2736 582 2774 consortesque
597 2733 651 2765 alii
662 2733 804 2776 ejusdem
821 2736 894 2767 artis
909 2740 1067 2773 exercent,
1081 2735 1208 2777 quodve
1224 2734 1281 2765 filii
1296 2733 1456 2765 imitantur
1468 2744 1478 2772 ;
1499 2731 1585 2763 haud
1600 2730 1708 2767 facile,

237 2794 257 2816 ο
273 2783 428 2822 Socrates,
443 2791 618 2828 praeceptor
634 2787 756 2820 illorum
772 2789 957 2832 reperiretur
972 2800 979 2820 ι
1004 2789 1278 2821 innumerabilium
1293 2798 1366 2820 vero
1388 2787 1530 2824 aliorum,
1547 2784 1708 2828 perfacile.

236 2837 291 2870 Ita
305 2839 347 2870 de
360 2839 475 2871 virtute
489 2840 672 2881 dicendum,
695 2853 734 2875 ac
748 2844 859 2876 ceteris
877 2844 1002 2876 talibus.
1046 2843 1163 2876 Verum
1180 2843 1254 2875 satis
1269 2853 1326 2874 nos
1342 2843 1455 2874 habere
1470 2839 1659 2884 putandum,
1682 2839 1709 2871 si

237 2893 309 2935 quis
338 2894 435 2937 paulo
461 2897 669 2936 commodius,
694 2909 789 2941 quarn
807 2899 916 2938 ceteri,
938 2899 1074 2941 juvenes
1097 2900 1138 2931 ad
1154 2899 1298 2931 virtutem
1325 2897 1486 2940 provehat.
1530 2894 1577 2926 Ex
1593 2894 1709 2936 quibus

192 2998 196 3002 ἱ
237 2957 334 2982 unum
350 2959 399 2982 me
413 2960 480 2982 esse
499 2951 659 2994 profiteor,
672 2954 879 2999 subtiliusque
894 2954 1005 2990 ceteris
1021 2954 1167 2988 omnibus
1185 2954 1336 2989 rationem
1351 2961 1415 2995 qua
1430 2950 1505 2984 boni
1521 2949 1708 2992 honestique
