1846 3268
736 737 1098 790 PHAEDO.

184 1079 492 1117 ECHECRATES,
516 1077 703 1114 PHAEDO,
733 1075 1084 1115 APOLLODORUS,
1112 1076 1349 1115 SOCRATES,
1385 1077 1535 1118 CEBES,
1558 1079 1658 1112 SIM—

395 1143 522 1183 MIAS,
546 1142 696 1186 CRITO,
721 1142 942 1174 MINISTER
966 1142 1181 1177 UNDECIM
1204 1143 1436 1176 VIRORUM.

187 1427 265 1471 [5⁷]
287 1428 428 1465 IPSENE,
445 1437 463 1458 o
479 1425 635 1463 Phaedon,
659 1424 790 1462 affuisti,
804 1435 868 1468 qua
883 1424 935 1457 die
963 1425 1106 1457 Socrates
1121 1434 1277 1458 venenum
1292 1424 1373 1460 bibit
1395 1427 1428 1460 in
1443 1428 1590 1463 carcere?
1615 1438 1656 1463 an

189 1482 229 1514 ab
244 1482 306 1514 alio
321 1481 493 1513 audivisti?
538 1480 604 1512 ΡΗ.
626 1479 800 1523 Equidem,
823 1490 843 1511 o
865 1479 1066 1521 Echecrates,
1088 1480 1176 1513 affui.
1221 1481 1316 1514 Ecn.>
1333 1483 1486 1520 Quaenam
1512 1489 1584 1515 sunt
1606 1495 1659 1522 ea,

189 1534 260 1579 'qum
275 1536 322 1567 vir
334 1535 403 1573 ille,
417 1539 584 1576 antequam
601 1539 781 1572 moreretur,
798 1534 922 1565 locutus
938 1534 1009 1565 est?
1025 1539 1058 1565 et
1073 1535 1232 1576 quomodo
1245 1545 1263 1567 e
1275 1535 1340 1567 vita
1351 1536 1507 1568 decessit?
1525 1537 1659 1570 libenter

191 1589 275 1622 enim
288 1588 439 1620 audirem.
483 1587 567 1619 Nam
582 1598 686 1629 neque
700 1587 864 1629 quisquam
888 1587 1097 1619 Phliasiorum
1120 1588 1236 1620 civium
1251 1589 1430 1632 frequenter
1452 1591 1659 1632 proficiscitur

193 1652 279 1674 nunc
293 1641 446 1680 Athenas,
461 1651 564 1683 neque
575 1640 699 1683 jamdiu
714 1641 829 1682 hospes
844 1641 958 1683 aliquis
972 1642 1046 1673 inde
1062 1642 1101 1673 ad
1112 1652 1168 1674 nos
1180 1644 1322 1680 accessit,
1334 1644 1389 1685 qui
1403 1649 1520 1676 certum
1536 1645 1659 1687 aliquid

195 1707 233 1729 ea
246 1697 287 1728 de
302 1707 333 1728 re
349 1696 491 1728 nuntiare
506 1695 596 1727 nobis
612 1700 730 1737 posset,
756 1695 814 1726 nisi
831 1695 917 1726 illum
939 1701 1049 1737 potato
1065 1706 1186 1728 veneno
1202 1707 1219 1728 e
1235 1697 1299 1728 vita
1315 1698 1471 1739 migrasse.
1493 1699 1533 1730 de
1548 1698 1661 1730 ceteris

193 1761 266 1783 vero
281 1750 372 1788 nihil,
386 1750 464 1793 quid
479 1750 639 1787 referrent,
655 1749 822 1780 habebant.
869 1749 934 1780 ΡΗ.
956 1749 990 1780 N
991 1760 1028 1781 ec
1044 1761 1131 1793 erg0‚
1147 1761 1218 1792 quae
1234 1751 1272 1781 ad
1285 1750 1441 1793 judicium
1463 1752 1538 1794 [58]
1563 1752 1660 1794 perti-

191 1805 321 1847 nebant,
332 1815 396 1847 quo
411 1809 504 1846 pacto
520 1808 649 1836 tractata
664 1803 792 1841 fuerint,
815 1803 1000 1836 audivistis?
1046 1804 1132 1836 Ecxr.
1155 1804 1353 1837 Audivimus.
1377 1806 1446 1837 haec
1469 1806 1553 1838 enim
1568 1806 1660 1838 nobis

192 1859 320 1903 quidam
335 1858 452 1891 retulit.
475 1863 508 1890 et
522 1858 666 1890 admirati
681 1858 822 1900 profecto
838 1868 956 1899 sumus,
969 1859 1070 1899 quod,
1091 1859 1159 1901 jam
1180 1863 1306 1901 peracto
1317 1858 1455 1900 judicio,
1471 1859 1525 1890 diu
1548 1864 1659 1902 postea

193 1914 308 1945 obiisse
323 1913 473 1945 videatur.
489 1912 639 1954 quidnam
655 1912 687 1943 in
703 1922 797 1943 causa
812 1912 887 1953 fuit,
903 1912 1071 1943 Phaedon?
1118 1913 1183 1944 ΡΗ.
1207 1912 1297 1944 Sorte
1319 1914 1455 1954 quadam
1477 1913 1510 1944 id
1527 1913 1659 1951 Socrati,

193 1979 212 1999 o
226 1967 426 2004 Echecrates,
442 1966 569 1998 accidit.
591 1977 663 1998 nam
681 1967 780 2009 pridie
803 1977 896 2008 quam
919 1966 1126 2009 judicaretur,
1150 1967 1251 1998 ornari
1265 1967 1399 2008 contigit
1414 1966 1548 2009 puppim
1572 1967 1661 1998 navis

191 2022 272 2064 ejus,
287 2031 380 2063 quam
396 2020 525 2052 mittunt
539 2019 753 2052 Athenienses
767 2020 802 2051 in
818 2020 947 2054 Delum.
993 2021 1078 2052 Ecrr.
1100 2021 1139 2052 Id
1155 2031 1227 2054 vero
1243 2021 1392 2062 quidnam
1404 2021 1462 2052 sibi
1478 2021 1567 2052 vult?
1592 2021 1659 2054 ΡΗ.

194 2076 274 2108 Haec
289 2079 337 2107 est
349 2075 406 2106 illa
419 2074 520 2111 navis,
537 2078 572 2105 ut
587 2075 676 2105 aiunt
690 2074 912 2112 Athenienses,
929 2075 961 2105 in
975 2086 1037 2116 qua
1047 2074 1187 2106 Theseus
1199 2074 1273 2105 olim
1284 2075 1330 2105 bis
1342 2079 1463 2116 septem
1473 2075 1542 2110 illos
1554 2085 1662 2107 secum

191 2128 264 2161 tulit
277 2129 310 2159 in
327 2127 464 2165 Cretam,
480 2127 676 2169 servavitque
702 2127 773 2158 illos
788 2133 821 2159 et
833 2127 903 2169 ipse
931 2133 1069 2159 servatus
1093 2133 1150 2159 est.
1194 2127 1332 2159 Voverat
1353 2133 1469 2165 autem,
1492 2134 1528 2159 ut
1551 2128 1659 2170 fertur,

193 2181 350 2224 Apollini,
371 2181 398 2212 si
413 2186 616 2217 servarentur,
632 2181 801 2222 quotannis
816 2181 849 2211 in
864 2180 981 2212 Delum
998 2181 1213 2222 spectaculum
1234 2181 1394 2222 quoddam
1419 2181 1551 2214 mittere.
1574 2183 1663 2224 quod

198 2236 325 2278 quidem
348 2246 433 2267 nunc
456 2235 564 2274 etiam,
589 2245 625 2266 ac
641 2245 763 2276 semper
778 2245 816 2265 ex
831 2234 885 2265 illo
912 2239 1052 2279 tempore
1068 2235 1199 2276 singulis
1224 2235 1264 2265 ad
1279 2234 1384 2266 Deum
1412 2225 1540 2266 mittunt
1560 2236 1663 2268 annis.

202 2291 282 2322 Cum
298 2289 392 2331 igitur
407 2288 582 2331 spectaculi
596 2288 784 2331 principium
800 2287 912 2329 agitur,
929 2299 965 2320 ex
982 2289 1050 2330 lege
1066 2289 1188 2319 interim
1205 2289 1337 2320 lustrant
1354 2290 1473 2326 urbem,
1488 2290 1662 2321 neminem-

195 2355 256 2387 que
272 2354 310 2375 eo
328 2348 466 2385 tempore
489 2342 616 2385 publice
640 2347 767 2380 necant,
795 2343 896 2374 donec
920 2342 1037 2374 Delum
1053 2343 1215 2384 perveniat
1236 2342 1324 2374 navis
1340 2353 1504 2385 rursusque
1518 2342 1662 2375 Athenas

194 2402 364 2430 revertatur
377 2407 414 2429 ex
430 2396 528 2430 Delo.
551 2396 584 2427 id
601 2407 671 2428 vero
686 2407 913 2438 nonnunquam
931 2397 1025 2438 longo
1042 2396 1200 2438 peragitur
1216 2401 1368 2438 tempore,
1394 2397 1521 2438 quando
1537 2407 1591 2428 eos
1607 2407 1663 2428 oc-

196 2457 316 2493 cupant
329 2451 427 2483 venti.
449 2450 581 2482 Initium
596 2461 667 2482 vero
684 2451 859 2493 spectaculi
873 2455 933 2487 est,
957 2455 1121 2492 postquam
1139 2450 1298 2492 Apollinis
1314 2451 1459 2482 sacerdos
1474 2450 1561 2482 navis
1575 2450 1661 2481 illius

197 2505 391 2537 coronaverit
406 2505 549 2546 puppim.
573 2504 606 2535 id
621 2515 705 2542 vero,
730 2511 767 2536 ut
789 2505 883 2536 modo
907 2505 1065 2542 dicebam,
1089 2504 1188 2546 pridie
1208 2514 1301 2545 quam
1314 2503 1519 2545 judicaretur,
1541 2505 1660 2535 factum

196 2565 272 2591 erat.
317 2559 529 2596 Quamobrem
556 2559 684 2600 longum
707 2564 830 2601 tempus
854 2559 996 2590 Socrates
1020 2558 1080 2590 fuit
1104 2559 1137 2589 in
1160 2568 1282 2590 carcere
1292 2557 1449 2600 judicium
1472 2558 1553 2589 inter
1568 2563 1662 2599 atque

198 2617 338 2645 mortem.
383 2612 469 2645 Ecn.
494 2612 584 2645 Circa
611 2623 681 2643 vero
707 2619 837 2644 mortem
858 2613 971 2654 ipsam,
988 2624 1006 2643 o
1022 2613 1179 2650 Phaedon,
1203 2622 1346 2654 quaenam
1363 2616 1435 2643 sunt
1450 2612 1489 2643 ab
1502 2622 1540 2643 eo
1565 2612 1663 2648 dicta,

197 2677 269 2709 quae
281 2667 377 2707 facta,
391 2666 485 2708 quive
500 2666 696 2697 familiarium
713 2667 865 2698 aderant?
880 2678 919 2698 an
931 2667 1010 2697 forte
1022 2666 1216 2708 magistratus
1227 2666 1335 2697 adesse
1344 2676 1407 2697 non
1422 2665 1665 2707 permittebant?

198 2726 292 2762 atque
319 2721 363 2751 ita
378 2721 502 2751 orbatus
524 2720 659 2752 decessit
683 2722 811 2753 amicis?
858 2721 924 2753 ΡΗ.
948 2720 1176 2752 Permittebant
1200 2721 1326 2763 quidem
1342 2732 1349 2751 ε
1375 2721 1509 2761 ideoque
1534 2720 1664 2750 aderant

199 2774 307 2816 aliqui,
329 2779 362 2805 et
387 2773 514 2816 quidem
537 2774 638 2806 multi.
684 2774 771 2807 an.
795 2775 875 2807 Haec
890 2775 985 2816 igitur
1006 2775 1110 2805 omnia
1125 2784 1199 2816 para
1214 2779 1245 2806 te
1261 2785 1353 2815 quam
1370 2772 1550 2815 planissime
1573 2771 1664 2803 nobis

199 2828 322 2866 referre,
337 2828 401 2859 nisi
417 2828 492 2870 quid
510 2828 630 2870 negotii
644 2832 675 2860 te
703 2828 866 2870 impediat.
911 2829 978 2861 Pu.
1003 2828 1131 2860 otiosus
1147 2828 1294 2871 equidem
1309 2838 1388 2864 sum,
1415 2832 1508 2868 atque
1523 2835 1663 2856 enarrare

199 2882 289 2913 vobis
299 2883 436 2914 conabor
451 2894 458 2912 z
476 2882 595 2924 quippe
610 2893 680 2913 cum
697 2883 873 2914 meminisse
888 2883 1034 2919 Socratis,
1049 2883 1112 2913 sive
1127 2883 1196 2924 ipse
1213 2882 1322 2924 loquar
1334 2882 1397 2912 sive
1412 2872 1573 2921 loquentes
1586 2878 1663 2909 alios

204 2935 341 2972 audiam,
357 2935 434 2967 mihi
448 2946 570 2978 semper
585 2936 722 2967 onmium
738 2936 1013 2968 sitdulcissimum.
1058 2936 1142 2968 Ecrr.
1166 2936 1324 2972 Similiter,
1336 2946 1354 2965 o
1367 2934 1520 2970 Plaaedon,
1538 2933 1592 2963 hos
1608 2932 1665 2973 qui

203 2993 235 3020 te
251 2989 387 3023 audituri
402 2995 485 3034 sunt,
500 2990 629 3025 affectos
643 2990 785 3024 habebis.
831 2989 892 3024 Sed
905 2990 970 3033 jam
996 3001 1052 3033 pro
1075 2991 1188 3023 viribus
1203 2989 1440 3032 diligentissime
1455 2987 1533 3019 refer
1547 2985 1663 3018 omnia.
