1846 3268
147 304 219 356 51]
794 300 971 340 carm.
1530 306 1602 347 151

143 408 208 440 Cn.
230 407 313 439 Vere
339 405 484 448 loqueris.
530 404 587 435 So.
609 401 724 445 Neque
747 403 843 446 igitur
867 404 978 436 ulcisci
1001 405 1108 447 decet,
1132 415 1236 445 neque
1260 405 1442 438 malefacere
1457 407 1604 449 cuiquam

142 462 315 503 hominum,
330 460 541 502 quodcunque
557 458 596 489 ab
611 457 679 488 aliis
695 457 763 499 ipse
780 468 889 500 passus
904 458 1010 491 fueris.
1057 459 1100 491 Et
1114 459 1200 498 vide,
1215 471 1234 490 o
1250 459 1352 496 Crito,
1367 471 1407 491 ne
1423 460 1512 502 quid,
1526 461 1603 492 dum

142 516 211 547 haec
233 514 390 550 concedis,
417 517 528 555 praeter
557 512 743 544 sententiam
764 517 848 543 tuam
873 513 965 544 nobis
991 513 1170 545 assentiare.
1223 514 1393 556 Perpaucis
1417 513 1513 552 enim,
1537 515 1603 546 scio

141 569 218 611 quid
234 569 354 610 loquar,
369 567 412 599 sic
429 566 476 598 vel
493 571 635 608 apparet,
651 565 701 597 vel
718 566 893 608 apparebit.
936 566 984 598 At
999 577 1070 599 vero
1086 567 1200 610 quibus
1216 566 1261 600 sic
1276 572 1419 609 apparet,
1441 573 1474 599 et
1488 568 1602 610 quibus

142 618 241 660 aliter,
255 622 303 653 his
317 632 381 652 non
396 617 630 653 est'communis
645 620 850 661 deliberati03
873 622 928 653 sed
945 632 1072 653 necesse
1097 626 1156 659 est,
1181 632 1246 659 eos,
1270 633 1341 654 cum
1366 622 1446 653 ultro
1462 623 1604 666 citroque

139 675 268 708 consilia
283 686 337 707 sua
352 674 534 717 respiciunt,
550 674 687 706 invicem
702 685 736 706 se
751 675 926 717 despicere.
974 675 1200 707 Animadverte
1212 675 1310 716 igitur
1324 681 1356 707 et
1371 681 1404 707 tu
1426 676 1604 718 diligenter,

139 734 241 761 utrum
258 729 316 761 tibi
330 729 468 771 mihique
483 728 655 760 communis
671 729 711 760 sit
724 730 792 760 haec
818 729 940 772 opinio,
968 740 1153 771 mecumque
1178 730 1314 761 sentias:
1337 735 1431 772 atque
1446 735 1548 762 utrum
1564 732 1604 763 ab

137 785 198 816 hoc
214 783 368 826 principio
383 783 482 814 exorsi
497 783 716 821 deliberemus,
732 784 820 825 quasi
836 794 997 826 nunquam
1012 788 1130 815 rectum
1145 783 1196 821 sit,
1210 783 1259 815 vel
1272 783 1423 825 injuriari,
1435 784 1483 816 v'el
1495 785 1606 817 ulcisci

137 837 294 880 injuriam,
310 837 359 870 vel
373 837 487 869 malum
503 837 615 869 referre
629 837 662 868 in
678 849 749 869 eum
764 838 819 880 qui
841 838 958 870 intulit.
1002 837 1057 869 An
1075 838 1127 870 hic
1153 837 1292 869 discedis
1317 847 1336 868 a
1356 838 1460 876 nobis,
1484 838 1518 870 in
1542 840 1604 871 hoc

137 892 292 934 principio
306 902 370 923 non
385 892 584 923 consentiens
598 891 609 922 ἓ
655 892 740 923 Mihi
756 892 884 934 quidem
900 897 933 923 et
943 891 1067 933 jamdiu
1082 896 1115 923 et
1130 902 1214 924 nunc
1226 892 1273 922 ita
1287 892 1420 925 videtur.
1464 892 1560 929 Quod
1576 892 1603 924 si

137 946 195 977 tibi
208 951 338 989 apparet
353 946 452 984 aliter,
478 946 542 983 dic,
567 950 600 977 ct
615 946 706 978 doce.
730 947 779 977 sin
794 951 900 978 autem
914 946 946 978 in
963 946 1173 988 superioribus
1189 957 1361 989 permanes,
1373 946 1440 989 jam
1455 947 1532 989 quid
1555 957 1604 978 se-

136 1005 250 1042 quatur
273 1000 358 1032 audi.
405 1001 469 1032 Cn.
493 1000 667 1032 Consentio
693 1000 840 1043 equidem
868 1005 901 1032 et
926 1011 1108 1043 permaneo.
1153 1001 1210 1032 So.
1232 1000 1317 1033 Dico
1340 1012 1415 1043 ergo
1438 1001 1602 1043 deinceps,

136 1055 232 1089 immo
247 1055 354 1096 potius
368 1054 537 1096 interrogo,
561 1054 675 1086 Utrum
691 1065 762 1097 quas
777 1054 847 1097 quis
857 1054 1045 1086 confiteatur
1055 1054 1160 1092 alicui,
1172 1054 1260 1096 justa
1274 1065 1354 1092 esse,
1364 1055 1466 1087 facere
1476 1055 1604 1092 debeat,

137 1121 178 1142 an
202 1109 333 1141 fallere?
383 1109 448 1141 Ca.
472 1108 601 1141 Facere.
645 1109 703 1141 So.
727 1108 775 1139 Ex
801 1109 850 1139 his
881 1108 948 1150 jam
974 1109 1021 1140 ita
1045 1109 1220 1140 considera.
1264 1109 1296 1141 Si
1323 1120 1380 1141 nos
1417 1109 1492 1152 [50]
1526 1109 1600 1142 hinc

136 1166 283 1197 abeamus
298 1167 411 1206 praeter
425 1162 560 1195 civitatis
572 1173 769 1200 consensum,
786 1168 889 1194 utrum
906 1163 987 1194 male
1001 1163 1158 1205 aliquibus
1173 1163 1335 1201 faciemus,
1351 1169 1384 1195 et
1398 1163 1447 1195 his
1461 1164 1602 1206 quidem,

135 1219 248 1261 quibus
261 1215 387 1249 minime
402 1217 505 1254 decet,
522 1217 570 1249 vel
587 1228 670 1248 non:
695 1222 727 1249 et
742 1222 843 1248 utrum
859 1217 893 1248 in
908 1217 956 1248 his
972 1217 1234 1259 permanebimus,
1255 1228 1326 1260 quae
1337 1217 1424 1259 justa
1438 1228 1505 1250 esse
1525 1229 1602 1251 con-

134 1273 288 1310 venimus,
313 1271 362 1303 vel
387 1271 520 1303 contra?
566 1270 631 1303 Ca.
655 1271 790 1313 Nequeo
815 1271 975 1314 equidem,
1000 1281 1019 1302 o
1043 1271 1198 1309 Socrates,
1233 1272 1273 1303 ad
1298 1272 1366 1303 haec
1397 1273 1601 1314 respondere.

135 1337 237 1369 neque
252 1326 335 1357 enim
358 1325 512 1367 intelligo.
556 1324 613 1356 So.
637 1324 754 1357 Verum
781 1324 827 1357 ita
850 1325 1028 1364 considera,
1055 1325 1186 1367 perinde
1209 1336 1246 1357 ac
1262 1327 1298 1363 si,
1315 1325 1493 1358 volentibus
1509 1326 1601 1358 nobis

134 1380 209 1412 hinc
224 1380 289 1411 sive
305 1379 464 1422 aufugere,
475 1379 540 1410 sive
555 1380 841 1422 quomodocunque
857 1380 917 1411 hoc
932 1380 1112 1412 vocandum
1128 1379 1181 1418 sit,
1195 1380 1324 1412 veniant
1339 1380 1436 1422 leges,
1451 1380 1601 1413 civitatis-

135 1443 196 1478 que
211 1433 304 1478 lrujus
319 1433 505 1476 respublica,
519 1437 552 1465 et
570 1433 722 1465 instantes
738 1434 830 1465 nobis
843 1433 888 1465 sic
903 1434 1048 1476 inquiant
1062 1445 1069 1465 ε
1093 1433 1158 1466 Dic
1172 1434 1276 1471 nobis,
1299 1445 1318 1466 o
1333 1434 1488 1473 Socrates,
1510 1435 1602 1477 quid·

98 1481 101 1484 ’
134 1499 204 1521 nam
221 1489 339 1531 cogitas
353 1480 479 1520 facere?
502 1498 542 1519 an
557 1498 622 1519 non
637 1488 801 1530 intelligis,
828 1489 886 1520 hac
910 1499 955 1527 re,
981 1499 1075 1531 quam
1090 1489 1280 1531 aggrederis,
1301 1493 1333 1520 te
1355 1489 1446 1521 nobis
1468 1489 1600 1531 legibus,

134 1543 255 1587 totique
271 1543 391 1585 patriae,
406 1547 557 1584 quantum
574 1542 607 1573 in
623 1547 654 1574 te
677 1547 735 1580 est,
753 1542 912 1574 interitum
928 1543 1122 1574 machinari?
1146 1553 1186 1574 an
1202 1548 1306 1585 putas,
1332 1543 1490 1576 civitatem
1506 1544 1602 1576 ullam

132 1597 267 1640 amplius
281 1601 361 1628 stare
378 1607 484 1639 posse,
500 1607 537 1629 ac
553 1607 617 1628 non
632 1597 783 1638 subverti,
798 1597 830 1628 in
853 1608 916 1640 qua
933 1596 1060 1639 judicia
1081 1597 1211 1639 publica
1229 1597 1347 1629 nullam
1363 1598 1426 1630 vim
1453 1599 1600 1637 habeant,

132 1652 188 1683 sed
199 1662 217 1683 a
230 1651 360 1694 privatis
374 1650 550 1682 hominibus
575 1656 817 1683 contemnantur
839 1658 935 1694 atquc
957 1652 1163 1693 frangantur?
1208 1651 1295 1689 Quid
1315 1662 1388 1694 ergo
1404 1652 1544 1683 dicemus
1559 1652 1599 1685 ad

133 1707 212 1743 lraec,
229 1717 248 1737 o
266 1705 367 1743 Crito,
382 1704 505 1748 aliaque
520 1705 719 1747 hujusmodi?
767 1705 927 1738 Permulta
942 1706 1025 1737 enim
1043 1706 1076 1736 in
1097 1707 1181 1738 hane
1203 1706 1389 1737 sententiam
1405 1706 1514 1738 afferre
1528 1706 1600 1749 quis

134 1765 262 1802 potest5
284 1759 453 1801 praesertim
478 1763 592 1798 orator,
614 1770 672 1802 pro
696 1760 766 1802 lege
791 1760 837 1791 ita
859 1760 960 1791 soluta
985 1760 1176 1798 declamans,
1200 1771 1271 1803 quae
1286 1761 1411 1802 quidem
1431 1760 1602 1792 sententias

134 1813 261 1856 publico
273 1813 396 1855 judicio
414 1813 491 1845 latas
502 1813 596 1855 jubet
619 1819 700 1845 ratas
719 1825 797 1846 esse.
820 1825 860 1845 an
882 1814 1139 1857 respondebimus
1162 1814 1221 1855 illi,
1244 1814 1404 1846 civitatem
1429 1825 1494 1846 non
1516 1820 1600 1846 recte

131 1867 307 1909 judicando
338 1867 430 1899 nobis
463 1867 610 1910 injuriam
635 1869 798 1900 intulisse?
830 1869 929 1907 itane,
955 1879 995 1899 an
1022 1868 1135 1900 aliter?
1182 1869 1246 1901 Cn.
1269 1869 1319 1900 Ita
1343 1880 1399 1911 per
1421 1869 1545 1910 Jovem,
1579 1879 1599 1900 o

133 1923 286 1954 Socrates.
330 1922 385 1954 So.
408 1921 453 1954 At
467 1922 550 1954 enim
562 1922 648 1964 leges
664 1922 739 1965 ipsae
756 1923 800 1954 sic
816 1923 1061 1964 responderent:
1086 1923 1115 1954 O
1131 1923 1287 1963 Socrates,
1310 1934 1415 1955 nonne
1439 1923 1530 1955 nobis
1554 1928 1601 1954 te·

134 1987 205 2009 cum
221 1977 252 2008 id
269 1976 430 2018 convenit,
446 1978 592 2008 standum
607 1976 666 2008 tibi
680 1987 749 2008 esse
761 1976 905 2019 judiciis,
919 1988 989 2020 quae
1002 1976 1113 2009 civitas
1129 1978 1257 2009 tulerit?
1304 1978 1400 2015 Quod
1416 1978 1442 2009 si
1457 1977 1542 2020 leges
1556 1978 1601 2009 ita

85 2055 87 2058 .
135 2031 300 2072 loquentes
315 2030 546 2070 admiraremur,
561 2031 641 2063 forte
656 2031 819 2064 dicerent:
843 2031 933 2070 Noli,
959 2031 1114 2070 socrates,
1141 2043 1212 2074 quae
1228 2032 1322 2064 modo
1337 2033 1484 2071 diximus,
1499 2032 1600 2064 admi-

134 2084 212 2116 rari:
236 2085 332 2116 immo
345 2086 512 2127 responde,
537 2096 609 2117 cum
626 2085 684 2117 tibi
704 2090 737 2117 et
758 2085 947 2128 interrogare
968 2091 1001 2118 et
1019 2087 1209 2129 respondere
1233 2086 1274 2118 sit
1295 2092 1491 2119 consuetum.
1537 2086 1600 2119 Dic

133 2149 202 2180 age,
216 2138 368 2181 quidnam
383 2139 473 2170 nobis
487 2139 670 2182 civitatique
687 2150 884 2178 succenseas,
895 2151 959 2182 quo
971 2140 1141 2171 dissolvere
1150 2150 1208 2172 nos
1219 2141 1391 2172 contendas
1404 2141 1416 2172 ?
1430 2141 1600 2183 principio,

133 2203 239 2224 nonne
251 2203 308 2224 nos
324 2197 355 2224 te
367 2193 555 2235 genuimus?
579 2198 673 2236 atque
687 2190 741 2235 per
756 2204 814 2224 nos
829 2198 919 2236 pater
934 2198 1006 2225 tuus
1021 2198 1150 2225 matrem
1165 2194 1291 2235 accepit
1316 2198 1414 2232 tuam,
1435 2199 1468 2226 et
1487 2205 1600 2236 provo-

132 2246 238 2278 cavit?
282 2246 346 2278 Dic
360 2257 445 2290 ergo,
461 2257 500 2278 an
516 2248 571 2278 has
587 2241 668 2279 inter
684 2258 741 2280 nos
757 2247 855 2290 legeS,
871 2258 942 2290 quas
958 2252 1031 2279 sunt
1040 2247 1123 2279 'circa
1138 2246 1297 2290 conjugia,
1313 2247 1480 2290 improbes,
1503 2253 1598 2291 atque

133 2301 182 2333 his
207 2299 313 2343 aliqua
338 2301 371 2332 in
396 2306 495 2344 parte,
520 2301 610 2344 quasi
632 2302 734 2333 minus
753 2301 859 2344 rectis,
885 2312 1080 2335 succenseas.
1125 2301 1215 2333 Nihil
1241 2312 1424 2344 succenseo,
1451 2302 1599 2335 dicerem.

130 2353 193 2386 Sed
207 2365 247 2386 an
263 2355 310 2386 his
324 2355 457 2397 legibus,
480 2366 551 2399 quae
572 2356 752 2388 educationi
777 2356 1010 2398 eruditionique
1034 2361 1177 2387 natorum
1192 2356 1373 2398 provident,
1396 2356 1431 2388 in
1452 2367 1515 2399 qua
1529 2357 1597 2399 ipse

131 2418 258 2451 quoque
273 2409 413 2440 eruditus
428 2410 481 2441 es?
505 2420 545 2441 an
560 2420 626 2442 non
641 2415 725 2443 recte
741 2411 966 2453 disposuerunt
979 2411 1028 2441 hae
1047 2410 1134 2452 leges
1157 2411 1197 2441 ad
1218 2411 1279 2443 hoc
1294 2410 1431 2442 officium
1446 2411 1599 2450 conditae,

130 2472 202 2494 cum
212 2462 361 2503 juberent
374 2468 492 2506 patrem
509 2469 596 2495 tuum
611 2465 644 2496 in
660 2465 779 2497 musica
793 2470 825 2497 te
840 2469 872 2497 et
887 2464 1083 2508 gymnastica
1098 2464 1242 2497 erudire?
1287 2464 1391 2497 Recte
1405 2465 1598 2507 disposuisse

131 2509 359 2548 concederem-¹
390 2517 460 2559 Age
475 2528 561 2560 ergo,
582 2523 749 2562 postquam
773 2530 829 2562 per
849 2530 907 2550 nos
928 2519 1053 2561 genitus
1075 2529 1121 2557 es,
1146 2519 1360 2562 educatusque
1382 2529 1420 2551 ac
1445 2519 1597 2556 eruditus,

132 2569 231 2611 primo
247 2570 371 2612 quidem
387 2581 461 2602 num
483 2576 573 2613 potes
587 2583 713 2615 negare,
728 2579 760 2605 te
776 2578 915 2605 nostrum
930 2584 997 2605 esse
1013 2578 1046 2604 et
1062 2578 1169 2604 natum
1186 2578 1218 2604 et
1232 2583 1366 2611 servum,
1383 2573 1547 2616 ipsumque
1564 2577 1595 2604 te

130 2629 163 2655 ct
178 2624 411 2666 progenitores?
434 2625 562 2663 deinde,
576 2637 648 2658 curn
669 2627 702 2658 id
723 2627 768 2659 ita
792 2639 824 2660 se
847 2628 972 2665 habeat,
999 2638 1038 2658 an
1055 2632 1147 2669 putas
1168 2626 1221 2669 jus
1244 2638 1282 2659 ex
1304 2638 1395 2670 aequo
1416 2627 1475 2659 tibi
1500 2632 1596 2669 atque

130 2677 220 2708 nobis
235 2688 323 2718 esse3
346 2683 378 2710 et
392 2689 463 2720 quae
478 2689 536 2710 nos
553 2680 608 2712 tibi
633 2681 736 2713 facere
760 2683 989 2724 aggrediamur,
1013 2682 1123 2713 eadem
1140 2681 1276 2713 vicissim
1300 2682 1334 2713 in
1359 2691 1417 2713 nos
1431 2682 1486 2712 abs
1501 2686 1532 2713 te
1547 2691 1596 2713 re-

103 2752 109 2758 .
131 2729 202 2762 ferri
212 2730 332 2773 justum
349 2742 416 2763 esse
426 2731 573 2773 judicas?
618 2733 684 2773 An,
701 2745 772 2766 curn
787 2746 845 2767 nec
862 2736 901 2767 ad
922 2740 1053 2777 patrem,
1074 2746 1132 2767 nec
1155 2735 1195 2766 ad
1211 2735 1386 2777 dominum,
1411 2735 1437 2767 si
1452 2746 1524 2767 eum
1539 2736 1595 2766 ha-

131 2785 217 2822 beas,
233 2785 290 2816 tibi
302 2784 355 2827 jus
370 2797 406 2817 ex
423 2796 514 2828 aequo
529 2786 580 2824 sit,
595 2792 642 2825 ut,
658 2799 728 2830 quae
744 2790 783 2820 ab
803 2789 865 2820 illis
885 2789 1016 2831 patiare,
1039 2777 1072 2820 i'n
1096 2800 1150 2821 eos
1177 2789 1287 2821 referre
1304 2789 1404 2831 possis
1418 2801 1427 2829 ;
1450 2799 1553 2831 neque
1570 2789 1596 2820 si

129 2837 234 2880 jurgio
249 2839 280 2869 hi
297 2843 327 2870 te
342 2839 506 2877 lacessant,
533 2846 642 2872 contra
665 2840 740 2884 [51]
760 2842 900 2884 jurgare,
924 2854 1027 2885 neque
1043 2844 1068 2874 si
1085 2848 1115 2874 te
1131 2844 1304 2880 verberent,
1331 2843 1465 2874 vicissim
1487 2844 1592 2874 verbe-

131 2901 209 2929 rare,
224 2902 327 2934 neque
342 2893 404 2924 alia
427 2893 581 2935 ejusmodi
604 2894 637 2925 in
659 2905 712 2926 cos
737 2901 855 2927 tentare
880 2896 995 2928 liccat:
1020 2902 1128 2928 contra
1152 2898 1280 2938 patriam
1297 2907 1369 2928 vero
1385 2907 1421 2927 ac
1438 2896 1520 2937 leges
1537 2895 1592 2925 tibi

130 2943 257 2976 licebit?
280 2948 360 2978 adeo
375 2953 421 2985 ut,
439 2948 476 2985 si,
493 2959 549 2979 nos
563 2948 743 2989 judicantes
758 2949 789 2980 id
806 2960 872 2981 csse
884 2950 1016 2991 justum,
1032 2951 1205 2983 interficere
1222 2957 1252 2982 te
1263 2951 1404 2987 velimus,
1417 2956 1448 2980 tu
1460 2949 1592 2981 vicissim

133 3007 189 3028 ”⁰⁹
203 2998 285 3040 leges
301 3005 333 3032 et
348 3001 478 3045 patriam
497 3012 551 3045 pro
569 3002 683 3035 viribus
698 3003 818 3036 coneris
834 3004 989 3043 occidere,
1011 3005 1173 3048 dicasque,
1199 3010 1228 3036 te
1247 3005 1276 3036 in
1293 3004 1341 3036 his
1357 3003 1485 3045 agendis
1508 3001 1592 3042 justa
