1846 3268
260 303 337 342 330
854 294 1120 334 PLATONIS
1625 294 1730 346 [424

259 410 293 438 et
307 403 377 436 aliis
393 402 537 435 omnibus
553 410 750 444 quaecunque
765 398 889 431 essendi
912 398 1128 440 appellatione
1150 402 1224 430 sunt
1245 397 1366 440 digna?
1414 397 1536 430 Hsnu.
1560 397 1646 430 Mihi
1659 396 1731 439 qui·

263 459 335 491 dem
348 458 483 490 videtur.
529 457 587 488 So.
611 455 645 486 Si
672 454 742 496 quis
765 452 918 494 cujusque
946 451 1112 483 essentiam
1137 452 1252 483 imitari
1275 451 1372 483 literis
1396 451 1590 493 syllabisque
1605 451 1735 490 valeret,

261 524 368 545 nonne
395 512 472 554 quid
495 510 744 551 unumquodque
770 507 811 538 sit
831 506 1027 538 declararet?
1053 506 1150 548 [424]
1175 506 1300 539 Hsnm.
1322 506 1465 537 Maxime
1491 505 1629 546 quidem.
1675 505 1734 537 So.

264 567 368 604 Quem
380 567 464 597 hunc
480 575 547 596 esse
563 563 672 595 dices?
696 561 871 604 superiores
887 560 1016 602 quidem
1038 559 1149 601 partim
1175 560 1341 596 musicum,
1358 559 1470 600 partim
1489 559 1643 600 pictoremv
1656 569 1732 600 cog—

264 620 471 653 nominabas:
496 619 580 649 hunc
598 627 670 648 vero
686 615 845 658 quomodo
860 613 1012 646 vocabis?
1059 613 1182 644 Herm.
1205 613 1340 645 Videtur
1359 612 1411 644 hic
1437 612 1524 649 mihi,
1541 623 1560 643 o
1577 612 1734 654 Socrates,

264 685 358 716 quem
371 673 492 715 jamdiu
510 672 689 714 quaerimus,
703 663 887 700 nominandi
903 672 1023 699 auctor.
1069 667 1125 700 So.
1150 667 1184 698 Si
1199 677 1305 698 verum
1320 667 1380 698 hoc
1397 671 1456 704 est,
1471 666 1734 707 considerandum

259 726 327 768 jam
343 727 383 758 de
398 726 578 758 nominibus
591 725 667 761 illis,
682 734 753 766 quae
769 727 802 754 tu
819 722 979 764 exigebas,
995 722 1096 758 rhoes,
1110 720 1145 752 id
1161 725 1210 753 est
1221 721 1319 762 fluxu,
1335 721 1430 762 ienae,
1445 721 1477 752 id
1502 725 1551 752 est
1572 720 1628 758 ire,
1645 721 1734 752 sclie-

265 791 348 822 seos,
361 780 395 812 id
411 785 459 811 est
473 778 671 818 detentione,
688 781 791 808 utrum
814 775 912 807 literis
940 774 1133 818 syllabisque
1155 774 1218 807 suis
1240 786 1272 807 re
1286 785 1360 807 vera
1375 775 1541 807 essentiam
1563 774 1737 811 imitantur,

265 845 379 866 necue.
426 833 550 865 Hnnm.
574 833 714 864 Prorsus.
759 831 815 863 So.
838 830 908 871 Age
929 830 1104 867 videamus,
1128 828 1272 871 nunquid
1297 829 1365 861 haec
1390 828 1458 860 sola
1482 829 1582 870 prima
1607 827 1737 859 nomina

265 888 341 925 sint,
357 898 397 919 an
413 888 475 918 sint
489 891 523 918 et
537 887 600 918 alia
625 890 737 928 praeter
760 885 831 915 ista.
877 883 1000 916 Hmuvr.
1025 883 1100 914 Alia
1124 883 1270 925 equidem
1296 883 1435 914 arbitror.
1480 883 1537 914 So.
1561 882 1737 915 Consenta-

266 952 362 974 neum
378 928 436 973 est.
460 946 597 973 ceterum
614 940 683 982 quis
698 937 914 980 distinguendi
931 938 1054 974 modus,
1070 937 1155 969 unde
1172 937 1286 968 imitari
1311 936 1427 978 incipit
1450 936 1609 968 imitator?
1631 946 1738 967 nonne

268 995 526 1036 quandoquidem
542 993 639 1024 literis
654 1003 691 1024 ac
703 991 833 1035 syllabis
849 991 993 1022 essentiae
1010 991 1044 1021 fit
1059 990 1206 1027 imitatio,
1223 995 1349 1032 praestat
1364 990 1497 1032 primurn
1508 990 1664 1022 elementa
1675 989 1740 1022 dis-

268 1049 434 1091 tinguere?
459 1047 725 1090 quemadmodum
741 1045 796 1088 qui
809 1046 964 1087 rhythmis
977 1045 1056 1076 dant
1070 1055 1210 1086 operam,
1224 1045 1448 1076 elementorum
1465 1043 1565 1085 primo
1579 1043 1659 1075 vires
1673 1043 1738 1074 dis-

266 1102 429 1144 tinguunt,
445 1102 561 1134 deinde
587 1101 777 1143 syllabarum
801 1100 1115 1141 tantum,rhythmos
1141 1099 1268 1130 tandem
1295 1099 1380 1140 ipsos
1405 1098 1638 1140 aggrediuntur,
1652 1098 1740 1141 prius

269 1167 342 1188 vero
357 1165 568 1197 nequaquam.
615 1154 738 1185 HERM.
763 1152 894 1194 Utique.
940 1153 995 1183 So.
1018 1151 1071 1183 An
1099 1162 1163 1183 non
1190 1152 1234 1183 ita
1254 1156 1287 1183 et
1308 1163 1365 1183 nos
1381 1153 1480 1194 primo
1497 1157 1621 1195 oportet
1635 1151 1740 1184 literas

267 1209 395 1241 vocales
420 1209 624 1251 distinguere,
647 1212 758 1250 postea
780 1207 927 1248 reliquas,
943 1207 1115 1237 secundum
1137 1205 1271 1247 species,
1286 1211 1387 1237 mutas
1402 1211 1435 1237 et
1450 1205 1674 1238 semivocales?
1697 1206 1742 1237 ita

271 1263 405 1295 enimin
420 1263 468 1294 his
484 1261 598 1294 eruditi
614 1262 669 1292 viri
687 1264 869 1302 loquuntur.
893 1270 930 1291 ac
952 1270 1055 1290 rursus
1077 1259 1201 1291 vocales
1224 1259 1364 1301 quidem,
1386 1270 1450 1290 non
1479 1264 1580 1290 tamen
1607 1257 1742 1291 semivo-

268 1318 376 1349 cales?
399 1322 432 1349 et
456 1317 592 1358 ipsarum
615 1314 770 1346 vocalium
792 1314 912 1356 species
938 1313 1072 1345 invicem
1097 1313 1301 1345 differentes?
1326 1318 1358 1344 et
1381 1318 1548 1356 postquam
1572 1314 1640 1345 haec
1660 1313 1741 1344 bene

271 1372 378 1402 omnia
392 1370 640 1406 discreverimus‚
656 1379 759 1400 rursus
773 1369 923 1399 inducere
940 1368 1080 1405 nomina,
1092 1367 1366 1409 considerareque,
1381 1368 1407 1398 si
1420 1372 1494 1399 sunt
1506 1368 1538 1398 in
1551 1378 1622 1410 quae
1637 1366 1744 1398 omnia

268 1426 454 1462 referuntur,
471 1424 736 1466 quemadmodum
752 1423 910 1454 elementa
925 1434 932 1453 ι
957 1433 994 1453 ex
1010 1422 1124 1463 quibus
1150 1432 1340 1463 cognoscere
1362 1421 1438 1453 licet
1461 1426 1494 1452 et
1519 1420 1601 1463 ipsa,
1617 1426 1649 1453 et
1663 1420 1690 1452 si
1710 1420 1744 1451 in

269 1480 346 1521 ipsis
362 1479 485 1521 species
501 1479 703 1510 continentur
727 1478 839 1509 eodem
861 1477 967 1513 modo,
984 1476 1065 1508 sicut
1079 1476 1111 1507 in
1124 1475 1299 1508 elementis.
1344 1475 1403 1506 His
1418 1476 1563 1507 omnibus
1579 1475 1746 1517 diligenter

271 1533 468 1575 excogitatis,
486 1533 565 1564 scire
582 1537 708 1574 oportet
724 1531 833 1563 afferre
849 1531 1019 1563 secundum
1037 1530 1273 1561 similitudinem
1288 1530 1548 1572 unumquodque,
1567 1529 1634 1561 sive
1649 1539 1746 1560 unnrn

270 1588 324 1620 uui
340 1588 380 1618 sit
394 1587 638 1630 admovendum,
654 1596 709 1616 seu
725 1585 821 1616 multa
837 1584 972 1615 invicem
989 1584 1221 1615 commiscenda
1236 1594 1244 1616 :
1270 1594 1327 1615 ceu
1345 1583 1489 1626 pictores,
1505 1583 1743 1615 similitudinem

270 1642 413 1672 volentes
440 1640 626 1682 exprimere,
645 1640 802 1670 interdum
828 1649 1018 1680 purpureum
1045 1639 1197 1668 duntaxat
1224 1638 1360 1670 colorem
1399 1638 1560 1675 adhibent,
1586 1637 1743 1669 interdum

272 1696 414 1737 quemvis
431 1694 525 1725 alium
542 1695 679 1726 colorem
695 1705 703 1725 :
728 1694 920 1735 quandoque
938 1692 1052 1724 multos
1067 1692 1283 1729 commiscent,
1301 1692 1396 1723 veluti
1419 1702 1489 1723 cum
1505 1691 1674 1734 imaginem
1689 1690 1748 1723 viri

272 1760 368 1792 quarn
382 1748 570 1780 simillimam
594 1748 740 1789 effingere
758 1748 880 1787 volunt,
896 1747 945 1778 vel
969 1746 1054 1778 aliud
1081 1747 1233 1788 quiddam
1259 1746 1453 1788 hujusmodi,
1469 1750 1624 1788 quatenus
1639 1745 1743 1787 imago

273 1814 408 1846 quaeque
423 1803 515 1835 certis
531 1803 688 1834 coloribus
701 1802 835 1843 indiget.
859 1802 943 1832 haud
960 1811 1050 1832 secus
1065 1806 1097 1832 et
1120 1811 1179 1831 nos
1203 1801 1361 1832 elementa
1382 1801 1474 1833 rebus
1495 1800 1748 1832 accommodabi-

274 1868 356 1895 mus,
380 1862 413 1889 et
437 1868 532 1888 unum
559 1857 627 1894 uni,
643 1867 835 1898 quocunque
861 1866 953 1897 egere
981 1856 1114 1886 maxime
1130 1855 1294 1886 videatur:
1318 1855 1536 1897 symbolaque,
1551 1854 1584 1886 id
1608 1858 1657 1886 est
1670 1863 1748 1885 con-

270 1911 370 1953 jecta,
397 1911 615 1952 conficiemus,
640 1921 718 1952 quas
744 1910 881 1953 syllabas
895 1914 1019 1941 vocant.
1045 1919 1122 1950 quas
1150 1909 1202 1940 ubi
1223 1908 1431 1950 junxerimus,
1455 1908 1553 1951 [425]
1576 1919 1615 1940 ex
1639 1908 1748 1950 eisque

274 1965 402 1996 nomina
418 1966 574 2006 verbaque
590 1964 855 2001 constituerimus,
871 1974 974 1994 rursus
988 1974 1026 1994 ex
1050 1962 1231 1994 nominibus
1246 1973 1283 1994 ac
1298 1963 1400 1994 verbis
1414 1973 1560 2004 magnum
1570 1961 1639 2004 jam
1653 1962 1747 2005 quid·

274 2020 347 2052 dam
363 2025 395 2051 et
410 2019 574 2061 pulchrum
590 2024 622 2050 et
635 2020 789 2060 integrum
807 2023 1023 2050 construemus
1038 2029 1046 2048 z
1070 2023 1103 2048 et
1125 2018 1390 2059 quemadmodum
1414 2021 1514 2048 totum
1535 2016 1647 2058 ipsum.
1661 2025 1748 2047 com·

275 2073 412 2116 positum
428 2073 551 2115 pictura
563 2073 677 2104 animal
693 2078 796 2110 vocat,
812 2072 857 2103 ita
871 2083 929 2103 nos
944 2076 1127 2104 contextum
1143 2073 1227 2103 hunc
1242 2071 1412 2113 integrum,
1425 2071 1609 2108 orationem,
1622 2069 1673 2102 vel
1686 2079 1747 2102 no-

275 2127 418 2158 minandi
433 2127 547 2168 peritia
562 2127 610 2158 vel
628 2127 783 2158 rhetorica
797 2126 991 2163 fabricatam,
1008 2127 1056 2157 vel
1074 2126 1134 2157 alia
1145 2126 1254 2168 quavis
1266 2136 1336 2167 quae
1348 2126 1382 2157 id
1395 2125 1508 2158 efficiat
1522 2129 1600 2157 arte.
1645 2124 1746 2156 Immo

275 2192 341 2212 non
357 2191 414 2212 nos
428 2181 513 2212 istud
528 2191 666 2222 agemus.
691 2182 819 2212 modum
847 2191 973 2222 nanque
997 2180 1157 2222 loquendo
1173 2185 1378 2221 transgressus
1394 2190 1473 2211 sum.
1496 2180 1616 2222 quippe
1629 2183 1750 2211 veteres

274 2236 320 2268 ita
336 2235 524 2272 conflarunt,
540 2235 566 2266 si
581 2235 626 2266 ita
641 2240 688 2266 est
703 2235 922 2267 constitutum.
947 2245 1005 2266 nos
1027 2240 1132 2266 autem
1159 2239 1295 2276 oportet,
1311 2234 1336 2265 si
1351 2234 1446 2265 modo
1461 2233 1628 2265 artificiose
1642 2232 1748 2264 consi-

277 2288 413 2320 deraturi
425 2299 542 2327 sumus,
558 2290 625 2331 ipsa
642 2289 750 2321 omnia
766 2290 809 2322 sic
825 2288 1068 2330 distinguentes,
1085 2289 1153 2320 sive
1169 2293 1204 2320 ut
1218 2288 1367 2321 convenit
1381 2288 1480 2330 prima
1493 2287 1623 2319 nomina
1636 2291 1670 2319 et
1688 2296 1746 2328 po-

278 2342 407 2374 steriora
422 2342 485 2374 sint
501 2343 615 2384 posita,
631 2344 698 2374 sive
712 2353 790 2383 non,
813 2343 859 2374 ita
881 2342 1072 2384 excogitare.
1118 2341 1220 2374 Aliter
1247 2347 1351 2374 autern
1375 2346 1562 2373 connectere
1575 2340 1749 2373 videndum

277 2401 338 2438 est,
354 2407 372 2427 o
388 2397 487 2428 amice
502 2397 728 2439 Hermogenes,
744 2408 785 2428 ne
801 2397 880 2428 forte
896 2396 936 2427 sit
949 2407 1042 2428 error.
1086 2395 1210 2428 Hmm.
1234 2395 1328 2426 Forte
1344 2406 1398 2437 per
1411 2395 1432 2427 J
1434 2405 1535 2432 ovem,
1550 2405 1570 2426 o
1593 2395 1750 2427 Socrates.

278 2450 333 2482 So.
356 2449 510 2492 Nunquid
534 2452 602 2493 ipse
625 2451 757 2483 confidis
783 2451 829 2482 ita
852 2456 883 2482 te
908 2461 999 2491 posse
1026 2450 1244 2491 distinguere?
1269 2460 1327 2491 ego
1343 2449 1427 2481 enim
1444 2460 1493 2480 me.
1508 2459 1600 2491 posse
1625 2448 1749 2483 diffido.

267 2504 404 2539 ,Herum
428 2505 535 2537 Multo
551 2506 647 2548 igitur
662 2506 761 2548 magis
777 2506 844 2548 ipse
869 2505 990 2537 diffido.
1036 2505 1092 2536 So.
1118 2503 1324 2535 Dimittemus
1342 2503 1457 2545 igitur?
1480 2514 1520 2535 an
1530 2503 1577 2534 vis
1587 2507 1750 2545 utcunque

278 2559 428 2596 valemus,
440 2559 647 2601 experiamur,
663 2566 695 2592 et
711 2561 736 2591 si
758 2571 865 2602 parum
881 2559 958 2601 quid
974 2560 1083 2590 horum
1099 2569 1190 2589 nosse
1208 2567 1385 2599 possumus,
1402 2557 1628 2599 aggrediamur,
1639 2556 1685 2588 ita
1700 2562 1748 2588 ta-

279 2622 365 2654 men,
378 2617 413 2643 ut
427 2623 520 2655 supra
534 2614 605 2650 diis,
622 2614 755 2656 praefati,
777 2619 873 2656 utque
889 2613 950 2645 illis
975 2612 1129 2645 ediximus
1150 2612 1239 2643 Nihil
1256 2623 1314 2644 nos
1329 2613 1392 2644 veri
1407 2611 1632 2654 intelligentes,
1645 2609 1750 2652 opini-

282 2676 358 2698 ones
373 2667 535 2698 hominum
549 2669 588 2699 de
605 2668 664 2700 illis
681 2667 852 2710 conjicere,
868 2668 911 2700 ita
927 2673 960 2699 et
974 2678 1059 2699 nuuc
1077 2678 1246 2709 pergamus
1271 2667 1361 2698 nobis
1385 2666 1462 2708 ipsis
1484 2664 1624 2699 similiter
1638 2663 1752 2706 praedi-

281 2725 402 2757 centes,
418 2722 502 2762 quod
519 2722 546 2753 si
561 2732 655 2763 quarn
673 2722 793 2764 optime
808 2722 1033 2764 distinguenda
1047 2723 1115 2753 haec
1131 2722 1279 2759 fuissent,
1293 2720 1343 2753 vel
1366 2721 1406 2752 ab
1431 2718 1655 2762 alio-quopiam
1667 2717 1716 2750 vel
1732 2727 1752 2749 a

283 2774 389 2816 nobis,
405 2774 449 2806 sic
465 2780 549 2807 certe
564 2775 759 2818 distinguere
775 2777 975 2818 oportuisset.
1000 2786 1085 2808 nunc
1111 2781 1230 2816 autem,
1248 2780 1283 2807 ut
1297 2775 1403 2816 fertur,
1419 2784 1476 2816 pro
1491 2773 1607 2805 viribus
1621 2771 1681 2804 ista
1695 2782 1754 2803 nos

282 2833 414 2860 tractare
430 2828 550 2862 licebit.
594 2830 748 2862 Admittis
771 2831 864 2863 haec?
888 2830 937 2863 vel
965 2831 1042 2872 quid
1058 2831 1127 2862 ais?
1174 2830 1304 2864 Hmn.
1326 2829 1378 2861 Sic
1392 2837 1514 2870 prorsus
1528 2825 1650 2869 opinor.
1695 2826 1755 2858 So.

283 2881 466 2913 Ridiculum
483 2883 583 2914 visum
598 2882 648 2920 iri,
664 2894 682 2915 ο
699 2884 926 2926 Hermogenes,
943 2885 1083 2922 arbitror,
1105 2885 1192 2926 quod
1223 2894 1275 2916 res
1300 2883 1378 2926 ipsae
1392 2881 1564 2914 imitatione
1579 2890 1635 2923 per
1652 2880 1756 2912 literas

283 2936 483 2979 syllabasque
507 2937 591 2969 facta
616 2938 790 2970 manifestae
816 2939 903 2971 flant.
932 2939 1141 2971 necessarium
1172 2943 1288 2970 tamen.
1320 2946 1424 2979 neque
1449 2935 1533 2966 enirn
1556 2933 1669 2966 melius
1693 2934 1754 2965 hoc

285 2990 436 3022 habemus
459 2989 640 3034 quicquam,
656 2993 696 3024 ad
721 2993 807 3035 quod
832 2993 1034 3036 respicientes
1056 2994 1097 3026 de
1114 2992 1246 3025 veritate
1268 2991 1438 3035 primorum
1454 2989 1615 3022 nominum
1626 2987 1755 3030 judice-
