1846 3268
250 329 328 369 384
847 321 1130 369 PLA'roms'
1619 325 1723 384 ’μέν

247 442 328 470 mus,
355 425 541 471 metuentes,
565 442 606 464 ne
628 431 709 464 forte
731 430 764 463 in
788 431 989 473 supervacuis
1008 431 1127 464 diutius
1143 441 1345 465 versaremur.
1391 432 1488 476 Ergo,
1503 432 1551 466 ne'
1566 426 1718 477 deinceps

247 485 360 518 iterum
382 486 445 518 tale
466 487 556 518 nobis
578 486 698 528 aliquid
721 485 858 527 accidat,
871 485 987 517 iccirco
1009 496 1102 528 supra
1124 487 1210 519 dicta
1233 498 1253 519 a
1277 487 1368 520 nobis
1397 488 1504 520 omnia
1529 493 1616 531 puta.
1661 489 1718 522 80.
1736 510 1765 520 .--

245 539 328 571 Fiet.
351 539 404 572 dic
420 551 478 582 age
493 551 564 582 quae
587 545 716 572 restant.
762 539 869 571 How.
893 538 978 570 Dico
1000 538 1095 581 igitur
1120 545 1265 582 oportere
1287 546 1321 573 et
1343 552 1393 573 me
1417 547 1450 573 et
1466 546 1496 574 te
1512 538 1631 580 eorum,
1647 552 1719 585 quze

247 593 395 631 diximus,
412 605 535 636 semper
549 604 701 626 memores
715 604 796 635 esse,
809 592 1081 635 quotienscunque
1096 594 1146 625 vel
1164 595 1296 626 brevitas
1311 595 1360 627 vel
1384 595 1547 638 prolixitas
1569 597 1720 628 sermonis

246 647 280 679 in
296 639 672 690 vituperationem-cadit,
686 648 734 679 ita
747 651 784 679 ut
797 646 1012 679 non-invicem
1030 647 1224 689 prolixitates
1238 649 1461 691 dijudicemus,
1475 650 1530 681 sed
1546 650 1721 682 secundum

246 701 406 734 facultatis
422 702 607 734 dimetiendi
622 707 755 744 partem,
771 712 866 744 quarn
884 712 980 744 supra
996 695 1131 733 diximus
1146 703 1186 733 ad
1211 703 1317 735 decori
1337 714 1476 735 normam
1497 714 1566 736 esse
1589 704 1724 736 referen-

249 755 334 788 dam.
378 756 434 789 So.
455 756 553 789 Scite.
599 756 707 789 Hosv.
730 755 806 787 Non
822 766 896 798 ergo
913 756 951 787 ad
969 756 1028 787 hoc
1044 756 1151 787 omnia
1164 756 1326 788 referenda
1340 756 1496 789 videntur.
1518 768 1622 800 neque
1637 758 1722 789 enim

248 810 427 851 prolixitate
442 810 520 841 nulli
535 810 745 842 conveniente
761 810 800 840 ad
818 809 1013 852 voluptatem
1029 809 1202 851 egebimus,
1218 810 1277 840 nisi
1289 811 1374 852 quod
1389 815 1500 852 praeter
1515 810 1724 853 propositum.

249 862 296 894 Ut
311 868 414 895 autern
431 865 517 906 quod
533 865 694 906 quaeritur,
709 863 858 896 facillime
870 863 1091 906 celerrimeque
1106 864 1289 906 reperiatur,
1305 875 1368 895 non
1386 864 1499 906 primo,
1510 865 1564 896 sed
1581 866 1720 897 seeundo

247 916 318 948 loco
334 918 525 950 contendere
540 918 618 949 ratio
635 918 798 960 praecipit:
822 917 954 949 maxime
967 928 1039 949 vero
1055 918 1193 949 omnium
1210 923 1304 960 atque
1321 919 1452 960 primum
1468 919 1556 950 illum
1567 919 1719 951 bonorare

249 981 457 1012 progressum,
472 982 536 1014 quo
560 973 733 1004 secundum
760 972 882 1013 species
907 971 1099 1014 distinguere
1115 972 1298 1005 valeamus:
1322 973 1631 1015 disputationemque
1653 974 1722 1005 lon-

248 1034 320 1066 gam
336 1026 420 1057 haud
435 1025 565 1057 moleste
580 1026 672 1064 ferre,
692 1026 749 1057 sed
764 1026 910 1057 affectare
926 1025 1046 1068 potius,
1062 1026 1088 1056 si
1102 1026 1198 1056 modo
1214 1026 1304 1056 nobis
1321 1025 1360 1056 ad
1378 1024 1592 1057 inventionem
1608 1026 1720 1058 confe-

246 1082 314 1109 rat:
339 1079 527 1122 brevemque
541 1079 694 1112 similiter.
739 1079 884 1122 Eumque
899 1079 1005 1121 jubet,
1025 1079 1080 1121 qui
1105 1079 1251 1121 longiora
1264 1080 1356 1111 verba
1372 1079 1541 1123 vituperat,
1560 1080 1723 1112 circuitus·

247 1142 310 1174 que
334 1132 583 1175 disputationum
609 1132 791 1175 hujusmodi
816 1144 880 1165 non
910 1134 1062 1170 admittit,
1088 1134 1173 1165 haud
1206 1134 1251 1165 ita
1278 1133 1389 1166 leviter
1419 1139 1597 1175 temereque
1621 1133 1719 1176 [287]

247 1186 396 1218 damnare
411 1187 642 1229 prolixitatem;
665 1188 759 1220 immo
776 1189 941 1220 ostendere
957 1188 1055 1230 prius,
1068 1188 1314 1230 disputationem
1328 1188 1498 1220 breviorem
1512 1184 1677 1220 audientes
1689 1193 1723 1220 et
1771 1200 1775 1207 ·

247 1237 455 1282 pronfptiores
470 1242 509 1273 ad
526 1241 740 1274 disserendum
756 1247 789 1274 et
804 1243 844 1274 ad
860 1242 1083 1274 inveniendum
1106 1242 1281 1284 sagaciores
1295 1242 1483 1274 reddituram
1496 1253 1503 1273 ε
1531 1242 1607 1274 alias
1618 1249 1723 1274 autem

247 1299 282 1326 et
295 1295 357 1326 alio
369 1296 535 1328 tendentes
549 1296 780 1338 increpationes
795 1301 829 1329 et
843 1297 952 1329 laudes
968 1307 1027 1329 nec
1041 1307 1149 1328 curare
1171 1297 1297 1339 penitus
1313 1307 1371 1329 nec
1387 1296 1506 1330 audire.
1538 1296 1604 1329 'Ac
1617 1297 1658 1328 de
1673 1296 1721 1328 bis

245 1348 334 1386 satis,
350 1349 375 1380 si
392 1349 450 1380 tibi
464 1360 590 1392 quoque
605 1350 739 1383 videtur.
784 1351 837 1383 Ad
854 1351 977 1383 civilem
994 1351 1176 1383 facultatem
1200 1352 1312 1383 iterum
1335 1352 1509 1389 redeamus,
1526 1350 1652 1384 textoris
1668 1362 1721 1383 ex-

248 1403 398 1444 emplum,
415 1404 500 1445 quod
517 1415 611 1446 supra
633 1405 807 1447 posuimus,
823 1406 1030 1438 conferentes.
1076 1406 1133 1438 So.
1156 1405 1290 1448 Egregie
1317 1405 1441 1437 locutus
1465 1416 1522 1437 es:
1546 1411 1642 1447 atque
1663 1405 1720 1446 ita,

249 1461 285 1487 ut
295 1455 402 1498 jubes,
418 1458 600 1490 efficia-nus.
645 1459 752 1491 Hosr.
774 1459 892 1492 Nonne
903 1460 970 1502 jam
998 1471 1050 1492 rex
1077 1471 1096 1492 a
1122 1459 1228 1491 multis
1250 1465 1408 1502 pastorum
1432 1460 1554 1498 officiis,
1569 1460 1664 1490 immo
1679 1459 1719 1490 ab

250 1510 395 1542 omnibus
411 1517 618 1545 armentorum
634 1514 819 1545 custodibus
834 1519 882 1546 est
907 1514 1096 1546 distinctus?
1142 1514 1280 1545 Restant
1305 1514 1432 1544 urbanas
1454 1513 1620 1545 facultates
1642 1524 1719 1544 con-

249 1575 410 1596 causarum
424 1566 538 1607 pariter
553 1571 585 1598 et
599 1577 774 1607 causarum,
788 1579 865 1610 quas
889 1568 1022 1610 primum
1045 1578 1064 1598 a
1090 1579 1124 1599 se
1150 1568 1283 1599 invicem
1298 1578 1439 1609 separare
1455 1567 1616 1600 debemus.
1662 1567 1721 1598 So.

250 1617 365 1651 Recte.
411 1619 521 1652 Hosr.
546 1620 612 1652 H'as
629 1621 736 1663 partiri
752 1621 891 1653 bifariam
909 1621 1037 1652 difficile
1050 1626 1121 1665 est„
1154 1620 1254 1661 Cujus
1266 1620 1459 1652 difficultatis
1471 1630 1565 1652 causa
1579 1621 1724 1663 sequenti

249 1682 392 1705 sermone
415 1673 548 1716 patebit.
594 1674 651 1707 So.
675 1675 727 1706 Sic
753 1685 877 1717 prorsus
905 1675 1074 1716 agendum.
1121 1674 1229 1706 Hosoe.
1256 1674 1316 1705 Per
1341 1674 1476 1705 membra
1494 1674 1601 1716 itaque
1619 1674 1721 1716 ipsas,

247 1727 344 1758 instar
358 1727 504 1766 victimae,
519 1729 744 1771 discerpamus,
764 1734 929 1770 postquam
954 1739 1058 1760 secare
1082 1727 1223 1759 bifariam
1246 1738 1311 1758 non
1327 1727 1475 1759 valemus.
1497 1733 1621 1770 oportet
1635 1728 1719 1759 enim

246 1780 280 1811 in
307 1781 481 1824 proximum
509 1793 633 1825 semper
657 1794 819 1814 numerum
845 1783 1040 1815 distribuere.
1088 1782 1144 1813 SO.
1170 1782 1243 1819 Quo
1269 1782 1387 1824 pacto?
1421 1782 1615 1824 experiamur
1635 1781 1715 1824 jam.

248 1835 359 1867 Hosr.
382 1836 656 1873 Quemadmodum
673 1837 704 1868 in
722 1837 932 1879 superioribus
949 1847 1071 1878 ornnes,
1086 1847 1157 1878 quae
1181 1836 1388 1867 instrumenta
1410 1841 1539 1867 texturae
1555 1835 1719 1877 parabant,

247 1889 346 1921 veluti
361 1901 532 1922 concausas
555 1891 727 1933 posuimus.
771 1892 828 1923 So.
851 1890 989 1933 Nempe.
1037 1891 1147 1923 Hesp,
1172 1890 1260 1921 Idem
1285 1901 1411 1932 quoque
1436 1890 1470 1921 in
1497 1889 1673 1931 praesentia,
1689 1894 1721 1920 et

248 1945 348 1976 multo
365 1945 464 1987 magis
479 1947 647 1987 agendum.
671 1956 869 1988 quaecunque
893 1946 976 1978 enim
999 1956 1145 1987 magnum
1175 1945 1303 1986 aliquod
1320 1950 1376 1976 aut
1391 1955 1518 1986 parvum
1531 1944 1564 1975 in
1582 1945 1657 1976 urbe
1671 1943 1718 1975 fa-

249 1997 372 2029 bricant
382 1998 637 2040 instrumentum,
655 2003 805 2041 tanquam
821 2011 986 2031 concausae
1003 2000 1160 2041 ponendae
1176 2004 1259 2030 sunt.
1283 2010 1354 2030 nam
1371 1999 1437 2031 sine
1453 1999 1500 2030 his
1515 1998 1625 2030 civitas
1641 2009 1718 2030 con-

248 2057 328 2084 stare
343 2064 406 2085 non
423 2059 538 2096 potest,
555 2065 658 2096 neque
674 2055 773 2087 civilis
788 2054 960 2096 disciplina
984 2055 1163 2087 consistere.
1207 2054 1339 2085 Nullum
1366 2058 1470 2085 tamen
1493 2054 1602 2084 tuorum
1625 2052 1719 2094 regiae

248 2107 322 2138 artis
338 2118 418 2149 opus
437 2119 504 2139 esse
526 2119 692 2150 ponemus.
739 2108 796 2140 So.
821 2107 953 2139 Nullum
977 2118 1114 2150 prorsus.
1162 2107 1271 2139 Hosrn
1296 2107 1395 2150 Atqui
1417 2106 1545 2138 difficile
1567 2107 1718 2150 quiddam

247 2162 497 2204 aggrederemur,
513 2163 539 2193 si
556 2172 654 2203 genus
669 2162 730 2193 hoc
751 2163 791 2192 ab
818 2162 887 2193 aliis
910 2161 1184 2204 distingueremus.
1231 2161 1295 2198 Qui
1319 2161 1427 2202 utique
1450 2159 1539 2198 dicit,
1556 2161 1649 2192 unius
1663 2173 1721 2193 cu-

244 2215 371 2257 jusdam
388 2226 507 2253 eorum,
523 2226 594 2258 quae
610 2220 694 2252 sunt,
711 2215 949 2246 instrumentum
969 2226 1049 2252 esse,
1061 2215 1230 2246 verisimile
1245 2214 1396 2256 quiddam
1413 2215 1500 2257 loqui
1517 2216 1661 2248 videtur:
1678 2217 1724 2248 al-

247 2275 346 2301 terum
370 2269 448 2312 quin
475 2271 570 2301 etiam
595 2280 713 2307 eorum,
730 2280 801 2312 quae
827 2269 1028 2312 possidentur
1056 2270 1088 2300 in
1115 2269 1259 2310 civitate,
1282 2270 1342 2300 hoc
1366 2274 1414 2300 est
1439 2269 1619 2301 dicendum.
1665 2270 1722 2303 So.

248 2325 409 2362 Quidnam
424 2325 435 2356 ?
480 2325 583 2356 Hosr.
607 2325 703 2362 Quod
721 2325 802 2356 hanc
818 2325 877 2355 vim
896 2335 959 2355 non
977 2325 1083 2356 habet.
1110 2335 1215 2366 neque
1231 2323 1314 2355 enim
1331 2334 1432 2355 causae
1456 2323 1666 2365 generationis
1689 2324 1722 2355 in

252 2378 327 2414 hoc,
342 2383 378 2408 ut
393 2378 424 2408 in
449 2379 669 2415 instrumento,
685 2378 740 2408 sed
768 2379 807 2409 ad
831 2377 900 2419 ejus
927 2379 1013 2419 quod
1040 2378 1223 2409 fabricatum
1249 2383 1298 2408 est
1323 2377 1454 2408 salutem
1482 2377 1618 2419 respicit.
1664 2378 1720 2410 So.

249 2431 352 2469 Quale
367 2432 453 2463 istud
467 2432 479 2463 ?
525 2432 633 2464 HOSP.
658 2431 753 2469 Quod
771 2432 863 2463 siccis
879 2437 907 2463 et
926 2432 1074 2468 humidis,
1092 2432 1164 2473 igne
1177 2431 1337 2462 calefactis
1352 2437 1384 2462 et
1398 2430 1518 2472 frigidis
1533 2432 1649 2462 varium
1666 2443 1720 2474 ge-

246 2496 306 2516 nus
320 2485 481 2524 effectum,
497 2487 583 2528 quod
599 2497 662 2517 una
674 2486 888 2528 appellatione
904 2496 957 2516 vas
974 2486 1184 2523 nominamus,
1201 2485 1342 2527 quamvis
1366 2485 1488 2527 species
1515 2485 1645 2527 plurima
1668 2487 1731 2518 sit..

247 2541 307 2571 hoc
323 2545 426 2572 autem
440 2541 581 2572 scientiae
596 2541 692 2582 illius,
704 2552 797 2583 quam
823 2540 921 2582 [288]
947 2540 1166 2582 perquirimus,
1182 2550 1245 2570 nou
1262 2545 1310 2571 est
1322 2549 1415 2581 opus,
1461 2540 1514 2571 So.
1539 2539 1614 2570 Non
1626 2546 1720 2572 certe.

245 2594 354 2626 Hosx’.
377 2594 480 2626 Tertia
498 2596 726 2636 possessionum
754 2595 875 2637 species
900 2595 1099 2626 multiformis
1126 2599 1269 2636 apparet,
1287 2593 1435 2625 terrestris
1451 2601 1545 2636 atque
1561 2594 1718 2635 aquatica,

246 2649 417 2690 multivaga
432 2654 464 2680 et
477 2660 540 2680 non
556 2660 671 2687 errans,
687 2650 824 2692 pretiosa
839 2655 871 2681 et
885 2649 954 2680 vilis
968 2660 975 2680 ε
1001 2660 1063 2680 uno
1086 2649 1263 2691 significata
1289 2649 1427 2685 nomine,
1451 2648 1525 2690 quia
1540 2647 1716 2679 universum

246 2704 307 2734 hoc
324 2712 445 2744 semper
470 2703 563 2734 alicui
585 2704 676 2735 sedes
701 2704 845 2741 efficitur,
860 2702 1053 2741 assessionis,
1071 2702 1280 2745 praesidentiae
1307 2701 1591 2744 explorationisque
1608 2701 1716 2743 gratia.

245 2757 302 2789 So.
326 2757 413 2794 Quid
430 2757 490 2788 hoc
504 2757 515 2787 ?
561 2758 669 2791 HosP.
693 2758 882 2790 Vehiculum
899 2768 1128 2799 nuncupamus,
1145 2758 1228 2788 haud
1243 2768 1317 2788 sane
1333 2756 1463 2788 multum
1480 2755 1600 2798 peritiae
1614 2755 1716 2787 civilis

247 2821 341 2853 opus,
356 2810 449 2842 immo
466 2811 681 2843 architectura!
697 2812 910 2855 figulariaeque
925 2818 958 2843 et
974 2811 1087 2843 aerariae
1115 2811 1274 2843 facultatis
1297 2811 1444 2842 officium.
1490 2810 1546 2842 So.
1569 2809 1718 2851 intelligo

246 2865 404 2907 equidem.
449 2865 555 2898 Hosr.
578 2865 732 2908 Nunquid
751 2872 893 2908 quartum
911 2872 1022 2908 praeter
1037 2866 1095 2897 ista
1112 2866 1294 2902 dicendum,
1311 2865 1341 2895 in
1357 2875 1422 2906 quo
1444 2863 1578 2906 plurima
1598 2873 1640 2894 -ex
1663 2864 1715 2900 iis,

249 2929 319 2962 quae
336 2929 427 2961 supra
445 2919 617 2958 retulimus,
633 2921 857 2952 continentur?
882 2921 1079 2958 vestimenta,
1096 2931 1178 2951 arma
1202 2920 1312 2956 multa,
1329 2919 1417 2954 muri,
1433 2917 1608 2958 terrenique
1624 2923 1656 2948 et
1673 2917 1718 2948 la·

246 2973 331 3015 pidei
347 2972 494 3010 ambitus,
510 2973 633 3015 aliaque
650 2974 813 3015 permulta.
860 2975 1004 3016 Cumque
1021 2975 1087 3006 liaec
1104 2974 1207 3005 omnia
1223 2972 1383 3004 muniendi
1400 2970 1633 3012 objiciendique
1646 2980 1718 3012 gra·

252 3027 294 3058 tia
320 3027 409 3066 fiant,
432 3032 514 3060 recte
539 3028 732 3060 munimenta
756 3029 980 3071 obstaculaquc
1005 3028 1210 3060 communiter
1226 3025 1377 3069 appellari
1396 3030 1539 3067 possunt,
1556 3023 1718 3072 multoque
