1846 3268
232 291 313 330 420
842 289 1109 333 PLAroms
1610 294 1708 349 [213

234 391 414 437 praeclaru'm
432 390 646 439 spectaculum
663 390 842 437 contuetur,
856 395 909 437 qui
926 395 970 426 illi
987 396 1134 428 cohaeret.
1148 405 1262 428 vnonne
1278 396 1407 438 cogitas,
1425 397 1510 439 quod
1525 397 1584 429 sibi
1599 396 1702 430 solnm

232 456 365 482 ‘cernens
380 450 433 482 ille
447 461 486 482 co
502 449 594 482 oculo
612 449 787 491 pulchrum,
803 459 869 491 quo
885 450 1005 491 percipi
1021 455 1136 492 potest,
1159 441 1222 482 non
1245 450 1396 493 imagines
1411 451 1532 483 virtutis
1558 452 1701 494 ulterius,

234 505 289 535 sed
316 503 446 535 virtutes
472 505 554 545 ipsas
580 503 707 545 pariet?
731 503 852 544 quippe
873 513 945 534 cum
967 513 1032 534 non
1052 503 1261 542 simulacrum,
1277 506 1332 536 sed
1357 515 1420 536 rem
1436 505 1535 547 ipsam
1556 506 1702 547 attingat.

234 553 370 599 cumque
385 553 535 589 virtutem
546 568 648 589 veram
666 555 766 598 pariat
776 561 871 597 atque
886 557 962 594 alat,
979 556 1052 588 Deo
1068 557 1186 589 amicus
1201 558 1361 596 efficietur,
1377 564 1410 590 et
1421 559 1446 590 si
1464 559 1534 600 quis
1546 553 1628 590 alius
1643 560 1700 591 ho-

233 611 365 649 minum,
381 612 407 642 is
431 611 565 642 maxime
583 607 772 642 ‘immortalis
797 607 935 641 exsistet.
980 610 1072 651 Haec,
1089 622 1108 642 ο
1131 610 1262 643 Phaedre
1288 612 1403 654 aliique
1429 612 1582 650 convivae,
1596 613 1702 655 inquit

235 662 390 697 Diotima.
414 664 466 696 cui
482 664 575 696 tidem
591 660 739 700 adhibeo,
755 669 849 705 atque
864 656 933 694 aliis
946 662 1133 705 persuadere
1149 665 1273 706 studeo,
1287 666 1446 697 hominum
1460 671 1601 697 naturam
1615 667 1700 697 haud

234 717 327 749 facile
343 729 434 758 posse
449 718 488 749 ad
508 718 608 749 beatas
623 717 866 749 immortalitatis
883 718 1109 759 possessionem
1123 718 1291 760 quicquam
1308 719 1447 761 legitimo
1462 730 1566 751 amore
1578 721 1701 752 condu-

232 771 358 802 cibilius
372 771 522 803 invenire.
567 772 778 809 Quamobrem
794 772 1010 802 honorandum
1024 770 1173 803 Amorem
1184 772 1223 803 ab
1235 773 1378 804 omnibus
1389 773 1567 805 hominibus
1576 783 1701 806 censeo.

232 825 380 867 equidem
395 823 545 857 amatoria
567 825 651 867 colo,
668 835 781 867 meque
807 836 1002 867 summopere
1028 826 1060 857 in
1086 826 1133 857 iris
1156 837 1298 863 exerceo,
1313 827 1454 869 aliosque
1479 828 1645 858 exhortor:
1670 832 1703 858 et

232 888 319 910 nunc
343 879 471 921 quidem
497 889 534 910 ac
558 888 679 920 semper
701 889 755 920 pro
778 879 900 920 ingenii
922 879 1073 911 facultate
1090 879 1216 911 Amoris
1232 880 1293 911 vim
1317 886 1349 911 et
1364 881 1577 913 fortitudinem
1591 881 1699 913 laudm

234 932 343 969 Hunc,
357 943 377 963 o
394 923 539 973 Phaedre,
554 942 740 974 sermonem,
756 933 779 964 si
797 932 855 975 vis,
871 933 958 974 quasi
976 933 1189 965 laudationem
1212 934 1370 975 quandam
1388 933 1511 966 Amoris
1536 933 1677 966 existima
1691 946 1700 964 :

234 986 282 1017 sin
298 991 402 1017 autem
419 986 508 1017 aliter
522 986 680 1028 appellare
698 986 813 1028 placet,
830 986 969 1028 appella.
1016 987 1096 1019 Cum
1114 988 1181 1019 haec
1194 987 1334 1025 dixisset,
1350 987 1456 1019 retulit
1471 986 1702 1025 Aristodemus,

232 1040 344 1082 reliqui
367 1038 475 1070 ornnes
498 1040 687 1081 probarunt:
714 1040 944 1081 Aristophanes
967 1040 1051 1072 solus
1074 1051 1248 1083 repugnare
1261 1041 1406 1079 tentavit,
1421 1041 1496 1083 quia
1510 1031 1702 1073 mentionem

234 1094 385 1125 sermonis
399 1093 484 1124 illius
500 1103 592 1135 supra
609 1093 738 1124 fecerat.
782 1093 844 1125 Sed
869 1099 998 1135 repente
1025 1095 1106 1125 aulae
1121 1095 1237 1126 ostium
1253 1105 1431 1137 percussum
1448 1095 1582 1126 sonitum
1598 1095 1704 1126 reddi-

233 1148 292 1185 dit,
307 1153 340 1179 et
354 1148 470 1179 clamor
484 1147 746 1179 debacchantium
767 1147 922 1189 juvenum
949 1148 1150 1190 tibicinisque
1176 1149 1313 1182 auditus.
1357 1149 1438 1180 Tum
1454 1148 1618 1190 Agathou,
1634 1147 1704 1179 Ad-

233 1201 356 1242 vertite,
364 1201 481 1243 inquit,
497 1201 641 1238 ministri,
656 1201 782 1242 quinam
798 1201 940 1234 homines
953 1202 1164 1239 adventarint,
1179 1208 1212 1233 et
1227 1203 1251 1233 si
1267 1202 1338 1245 quis
1353 1202 1512 1234 familiaris
1534 1207 1638 1234 noster
1652 1203 1702 1233 in-

233 1256 332 1292 tersit,
359 1255 399 1286 ad
421 1266 478 1286 nos
505 1255 676 1287 accersite:
701 1256 726 1286 si
752 1255 868 1296 nullus,
883 1267 940 1288 nos
964 1257 1048 1288 haud
1073 1256 1207 1298 amplius
1232 1257 1348 1295 bibere,
1371 1256 1425 1288 sed
1449 1255 1516 1298 jam
1540 1256 1703 1298 quiescere

233 1306 389 1341 nuntiate.
435 1309 482 1340 At
510 1309 604 1350 paulo
631 1314 704 1351 post
720 1320 827 1341 vocem
845 1309 1023 1341 Alcibiadis
1041 1310 1219 1347 audierunt,
1235 1309 1386 1342 ebrietate
1403 1310 1580 1341 insultantis
1594 1310 1703 1342 altius-

232 1362 341 1404 quein
357 1363 511 1394 vestibulo
536 1364 710 1395 clamantis.
732 1364 786 1405 qui
810 1364 864 1395 ubi
887 1368 969 1395 esset
985 1364 1132 1405 Agathou
1159 1365 1333 1406 flagitabat,
1348 1365 1386 1396 ad
1414 1374 1548 1406 eumque
1571 1374 1604 1395 se
1626 1364 1703 1396 duci

228 1417 374 1459 jubebat.
418 1417 499 1448 Eum
515 1417 609 1459 igitur
624 1417 740 1448 tibicen
758 1418 873 1459 aliique
889 1418 1128 1449 contubernales
1151 1419 1319 1456 duxerunt,
1335 1424 1368 1450 et
1389 1419 1428 1449 ad
1445 1419 1526 1450 fores
1540 1418 1620 1450 auloe
1635 1418 1703 1450 col-

233 1468 388 1512 locarunt,
404 1481 520 1502 corona
543 1471 678 1513 quadam
702 1482 738 1502 ex
762 1472 876 1503 hedera
893 1471 1044 1514 violisque
1067 1477 1210 1503 conserta
1236 1472 1413 1504 redimitum
1431 1472 1579 1514 vittisque
1595 1471 1702 1503 multis

231 1523 329 1566 caput
343 1524 580 1556 circumdatum.
605 1525 658 1556 ubi
672 1525 776 1556 statim
792 1524 950 1565 clamavit,
972 1526 1097 1557 Salvere
1120 1537 1175 1556 vos
1186 1525 1300 1567 jubeo,
1314 1525 1371 1558 viri
1386 1537 1393 1556 ι
1411 1525 1529 1557 ebrium
1543 1525 1700 1557 hominem

232 1579 326 1610 valde
351 1583 598 1621 compotatorem
626 1578 797 1620 suscipite:
822 1579 871 1610 vel
895 1579 1056 1619 abeamus,
1075 1579 1271 1621 Agathonem
1288 1579 1387 1610 solum
1399 1582 1596 1614 coronantes,
1611 1577 1703 1620 cujus

233 1633 331 1674 gratia
346 1633 497 1664 venimus.
519 1633 586 1664 heri
600 1632 747 1674 equidem
762 1632 913 1664 interesse
928 1633 1055 1675 nequivi
1075 1645 1083 1666 :
1108 1633 1203 1664 hodie
1218 1633 1290 1664 veni
1307 1633 1401 1664 vittas
1416 1632 1532 1674 ferens,
1546 1637 1582 1663 ut
1597 1642 1616 1663 a
1631 1642 1702 1663 meo

229 1687 333 1727 capite
349 1687 572 1729 sapientissimi
587 1686 849 1728 pulcherrimique
874 1693 981 1729 caput,
995 1687 1020 1718 si
1046 1687 1089 1718 ita
1113 1686 1297 1728 praedixero,
1313 1685 1570 1728 circumligarem.
1594 1696 1634 1717 an
1650 1696 1701 1717 me

232 1739 323 1782 quasi
337 1741 456 1771 ebrium
479 1739 686 1771 deridebitis?
710 1743 770 1782 ego
795 1745 912 1779 autem,
928 1741 1070 1782 quamvis
1093 1740 1258 1781 irrideatis,
1282 1740 1379 1782 [213]
1403 1750 1475 1771 vera
1496 1745 1602 1772 tamen
1617 1738 1704 1781 loqui

231 1805 282 1826 me
297 1794 374 1826 scio.
387 1795 575 1837 respondete
591 1795 734 1835 obsecro,
750 1795 894 1835 nunquid
908 1796 947 1825 ad
959 1795 1025 1826 haec
1041 1794 1163 1837 ingredi
1179 1794 1365 1837 permittatis
1379 1805 1385 1825 :
1413 1794 1518 1825 bibitis
1529 1794 1645 1831 adhuc,
1660 1803 1702 1824 an

231 1859 307 1880 non.
329 1859 425 1891 quare
450 1849 701 1880 acclamaverunt
725 1859 846 1886 omnes,
869 1848 1030 1890 jusserunt
1055 1849 1175 1891 ingredi
1202 1855 1296 1891 atque
1322 1849 1517 1880 accumbere.
1539 1846 1703 1879 accersivit

232 1903 397 1945 Agathou.
442 1902 640 1934 Alcibiadem
656 1903 795 1933 tulerunt
817 1903 1069 1935 contubernale&
1115 1903 1175 1935 Ille
1202 1903 1297 1935 vittas
1312 1903 1443 1934 tollebat
1459 1900 1634 1944 Agathonis
1648 1911 1701 1932 ca-

231 1962 290 1998 put
305 1957 561 1994 circumdaturus,
577 1957 747 1994 Socratem,
765 1956 840 1988 licet
862 1967 880 1988 e
906 1963 1078 1999 conspectu
1102 1958 1290 1994 adstantem,
1306 1967 1371 1988 non
1386 1957 1475 1989 vidit.
1498 1966 1596 1998 prope
1613 1954 1701 1997 Aga-

231 2010 359 2041 tlionem
375 2010 502 2046 assedit,
519 2009 599 2041 inter
613 2020 685 2041 eum
697 2015 730 2041 et
746 2010 905 2042 Socratem
923 2011 1054 2042 medius.
1078 2011 1107 2042 ei
1124 2021 1260 2053 namque
1276 2011 1421 2042 Socrates
1434 2015 1581 2043 cesserat.
1617 2009 1700 2042 Cum

233 2064 378 2106 sedisset,
397 2063 559 2106 Agathoni
578 2065 813 2106 congratulatus
829 2069 1032 2107 est,eun›que
1048 2065 1220 2097 coronavit.
1267 2065 1430 2107 Agathou,
1440 2064 1570 2102 Solvite,
1585 2063 1700 2105 inquit,

230 2118 442 2155 Alcibiadem,
459 2118 567 2160 pueri,¹
585 2123 620 2150 ut
643 2119 676 2149 in
699 2129 826 2150 numero
843 2119 934 2150 trium
951 2120 1125 2152 accumbat.
1172 2118 1327 2150 Assensus
1342 2118 1538 2155 Alcibiades,
1551 2116 1624 2160 quis
1639 2121 1701 2148 ter-

231 2172 293 2204 tius
317 2172 567 2211 conviva'ess‘et,
593 2173 783 2214 interrogat:
807 2176 1038 2215 conversusque
1066 2173 1224 2205 Socratem
1241 2173 1340 2214 videt,
1363 2178 1396 2204 et
1421 2179 1597 2213 assurgens,
1612 2169 1698 2202 Proh

231 2226 396 2263 Hercules,
412 2227 528 2268 inquit,
544 2227 620 2269 quid
639 2228 698 2258 hoc
714 2227 784 2258 est?
809 2228 859 2258 hic
882 2228 976 2259 etiam
1007 2228 1170 2259 insidiatus
1185 2227 1273 2268 mihi,
1287 2238 1306 2258 o
1330 2227 1484 2264 Socrates,
1504 2223 1701 2257 consedisti?

231 2280 274 2312 sic
301 2290 422 2322 semper
448 2281 541 2318 soles,
568 2281 621 2312 ubi
652 2281 778 2313 minime
802 2281 942 2313 omnium
969 2287 1193 2324 exspectarem,
1210 2281 1352 2323 protinus
1375 2280 1451 2311 mihi
1477 2289 1648 2312 occurrere.
1670 2283 1703 2310 et

230 2330 316 2365 nunc
331 2344 385 2365 cur
400 2335 462 2366 huc
481 2335 618 2366 venisti?
641 2346 696 2367 cur
712 2336 764 2368 hic
790 2337 895 2377 potius
918 2347 1011 2378 quam
1037 2337 1122 2378 apud
1139 2336 1383 2377 Aristophanem
1406 2335 1509 2374 sedes,
1521 2338 1576 2365 aut
1589 2333 1617 2365 si
1631 2333 1702 2375 quis

231 2385 310 2418 alius
325 2387 475 2419 ridiculus
490 2389 580 2420 adest
605 2390 844 2431 permittitque?
867 2389 964 2421 immo
989 2389 1186 2431 excogitasti,
1201 2389 1281 2429 scio,
1297 2388 1390 2430 juxta
1414 2387 1614 2419 convivarum
1629 2386 1701 2427 pul·

229 2441 413 2472 cherrimum
439 2442 489 2474 hic
512 2443 631 2475 sedere.
656 2444 798 2475 Socrates
825 2449 928 2475 autem
954 2444 995 2475 ad
1023 2443 1223 2485 Agathonem
1251 2452 1432 2483 conversus,
1460 2441 1559 2478 Vide,
1583 2439 1700 2482 inquit,

231 2493 391 2536 Agathou,
407 2496 430 2526 si
447 2507 510 2538 quo
524 2501 616 2538 pacto
633 2497 707 2528 mihi
719 2508 896 2530 succurrere
910 2503 1012 2539 potes.
1035 2508 1121 2529 amor
1137 2497 1258 2539 quippe
1275 2495 1372 2538 hujus
1388 2494 1523 2531 hominis
1534 2494 1618 2526 haud
1631 2494 1700 2525 leve

229 2547 380 2589 quiddam
397 2549 470 2580 mihi
486 2549 615 2582 exstitit.v
638 2562 677 2582 ex
700 2551 738 2583 eo
759 2553 895 2593 namque
923 2556 1076 2593 ternpore,
1091 2561 1154 2592 quo
1179 2551 1263 2582 hunc
1290 2560 1392 2581 amare
1418 2548 1514 2591 coepi,
1538 2557 1700 2589 nunquam

231 2602 307 2632 mihi
329 2602 404 2634 licet
426 2609 480 2634 aut
505 2604 645 2646 aspicere
670 2605 833 2647 pulchrum
859 2605 996 2647 aliquem
1013 2609 1067 2636 aut
1082 2603 1212 2646 alloqui,
1229 2603 1306 2645 quin
1324 2603 1385 2635 iste
1411 2603 1590 2645 zelotypus,
1604 2602 1639 2633 id
1654 2605 1703 2632 est

232 2656 382 2687 amatoria
396 2657 576 2698 suspicione
590 2664 702 2700 captus
713 2664 747 2690 et
762 2658 920 2697 invidens,
934 2658 1012 2690 mira
1026 2659 1169 2701 quaedam
1186 2662 1287 2690 tentet
1301 2656 1558 2698 convicieturque
1571 2668 1579 2686 =
1605 2655 1700 2686 immo

230 2709 281 2740 vix
307 2719 340 2741 se
366 2711 518 2748 continet,
534 2711 610 2753 quin
637 2723 745 2744 manus
769 2713 893 2746 inferat.
939 2713 1022 2745 Vide
1036 2713 1147 2755 igitur,
1166 2723 1206 2744 ne
1221 2712 1255 2743 in
1272 2711 1436 2754 praesentia
1451 2710 1513 2742 tale
1525 2709 1600 2752 quid
1615 2714 1701 2751 agat,

231 2764 286 2795 sed
301 2774 359 2795 nos
373 2764 507 2796 concilia
521 2775 528 2796 :
555 2765 603 2797 vel
630 2766 654 2797 si
670 2767 741 2798 vim
754 2767 868 2799 inferre
886 2772 1028 2808 conetur,
1042 2766 1209 2809 opitulare.
1233 2776 1305 2797 nam
1332 2764 1427 2807 hujus
1437 2764 1522 2797 furor
1535 2767 1701 2795 etvamato·

230 2818 292 2849 rius
308 2818 442 2861 impetus
469 2829 518 2850 me
544 2819 675 2852 maxime
700 2826 805 2854 terret.
850 2820 904 2853 Ad
929 2822 1005 2854 haec
1024 2821 1217 2858 Alcibiades,
1232 2820 1320 2851 Inter
1344 2829 1392 2850 me
1415 2829 1452 2850 ac
1474 2823 1505 2850 te
1520 2816 1699 2850 conciliatio

232 2872 319 2903 nulla
329 2872 432 2904 cadit:
458 2874 511 2905 sed
530 2874 638 2905 horum
649 2886 742 2906 eausa
755 2876 831 2907 alias
857 2882 888 2908 te
909 2876 1051 2908 ulciscar.
1074 2886 1159 2907 nunc
1181 2879 1297 2911 autem,
1314 2873 1476 2915 Agathou,
1492 2870 1565 2903 mihi
1579 2869 1700 2912 aliquas

231 2938 267 2957 ex
284 2927 331 2957 liis
346 2926 431 2958 vittis
444 2927 614 2969 impertias,
631 2933 665 2960 ut
681 2935 711 2960 et
728 2929 821 2971 hujus
838 2930 980 2962 irritabile
998 2931 1057 2962 hoc
1073 2934 1170 2972 caput
1185 2938 1345 2967 exornem,
1362 2937 1402 2958 nc
1417 2925 1492 2958 inibi
1506 2928 1700 2960 succenseat.

232 2980 316 3022 quod
335 2985 364 3013 te
386 2983 617 3015 coronaverim:
643 2994 706 3015 non
735 2983 848 3026 ipsum,
866 2985 920 3027 qui
948 2995 1055 3017 omncs
1079 2983 1219 3017 homines
1234 2981 1426 3015 sermonibus
1451 2978 1621 3021 superavit»
1636 2987 1701 3010 ”0¹¹
