1846 3268
234 244 309 282 192
842 245 1110 286 PLATONIS
1595 251 1692 304 [456

226 352 351 390 putato.
395 347 555 386 Quidnam
568 346 806 389 reportabimus.
823 347 846 379 si
863 348 893 379 in
910 354 994 380 tuam
1012 361 1068 381 nos
1085 350 1304 384 tradiderimus
1326 351 1527 394 disciplinam
1543 353 1554 383 ?
1577 353 1693 395 quibus

224 402 266 433 de
281 402 372 433 rebus
387 401 431 433 rei
449 401 583 443 publicas
599 401 762 433 consulere
778 402 948 443 poterimus
964 403 975 433 ?
999 404 1144 446 nunquid
1161 405 1201 435 de
1212 405 1300 447 justo
1323 406 1422 436 solum
1438 411 1471 438 et
1483 406 1602 448 injusto
1618 407 1629 438 ?
1653 416 1695 438 an

224 460 375 498 praeterea
387 456 427 488 de
442 456 491 488 his
506 467 577 498 quae
593 456 687 487 modo
702 455 846 487 Socrates
869 457 1069 489 adducebat?
1114 457 1168 489 Da
1188 469 1315 501 operam
1339 459 1444 501 igitur,
1468 471 1487 491 o
1511 459 1642 501 Gorgia,
1657 465 1694 491 ut

223 510 273 541 his
286 511 486 553 respondeam
531 510 623 542 Gon.
648 510 795 542 conabor
814 511 961 552 equidem
985 522 1109 544 omnem
1128 512 1184 544 tibi
1201 513 1359 545 rhetoricae
1374 514 1554 545 facultatem
1572 514 1695 556 planius

224 564 391 605 explicare.
414 565 484 606 ipse
508 564 591 596 enim
608 563 744 606 perbelle
767 564 808 595 ad
835 564 867 596 id
891 575 948 596 nos
971 566 1141 598 deduxisti.
1185 567 1252 599 Scis
1277 567 1398 610 utique,
1419 569 1486 599 haec
1511 567 1647 605 navalia,
1662 572 1696 599 et

222 618 337 649 moenia
351 618 547 650 Athenarum
563 623 737 661 portusque
760 618 999 662 dispositionem
1024 621 1134 662 partim
1160 621 1392 663 Themistoclis,
1410 622 1522 664 partim
1550 621 1697 660 Periclis,

223 683 286 704 non
303 673 452 714 opificum
468 672 600 706 consilio
615 683 683 704 esse
697 678 887 706 constructa.
931 674 989 706 So.
1014 673 1167 706 Feruntur
1183 676 1263 716 haec,
1280 687 1299 706 o
1315 675 1446 718 Gorgia,
1462 677 1502 707 de
1513 675 1695 707 Themisto·

220 727 284 758 cle.
327 726 479 758 Periclem
495 737 569 758 vero
586 726 654 769 ipse
669 726 777 757 audivi
792 727 833 758 de
849 737 937 758 muro
953 727 1058 759 medio
1075 730 1285 761 construendo
1301 729 1421 761 civitati
1436 730 1690 772 persuadentem.

223 780 316 813 Gon.
340 781 496 812 Praeterea
507 780 653 822 quotiens
667 781 709 811 de
724 781 786 822 his,
806 781 903 823 [456]
926 792 997 824 quae
1025 787 1059 813 tu
1085 783 1179 814 modo
1205 783 1370 821 referebas,
1385 784 1587 820 deliberatur,
1604 782 1691 815 vide·

219 841 357 868 oratores
381 834 466 876 ipsos
492 834 666 871 consulere,
693 844 864 876 eorumque
888 836 920 866 in
946 836 993 867 his
1019 836 1110 868 rebus
1138 837 1274 878 praeferri
1303 838 1486 870 sententias.
1531 837 1587 869 So.
1611 836 1691 868 Haec

219 890 367 931 equidem
384 889 552 926 admirans,
568 887 698 930 Gorgia,
710 887 899 930 jamdudum
915 899 934 920 a
949 894 979 921 te
995 890 1036 922 de
1047 890 1208 922 rhetoricae
1224 895 1380 932 potestate
1398 892 1552 934 perquiro.
1575 901 1690 933 nempe

217 944 295 975 mihi
308 944 376 974 haec
391 942 545 984 cogitanti
569 942 677 973 divina
691 942 837 984 quaedam
854 943 1020 984 potestatis
1036 943 1106 986 ejus
1123 945 1308 987 magnitudo
1325 947 1459 977 videtur.
1504 945 1596 978 Gon.
1618 944 1648 977 O
1665 946 1691 976 st

219 1002 333 1030 cuncta
349 997 454 1034 scires,
468 1007 487 1028 o
503 997 660 1036 Socrates,
676 996 798 1028 videres
814 997 968 1038 profecto,
983 998 1063 1030 hanc
1081 1009 1200 1037 ornnes,
1217 1004 1251 1030 ut
1266 1000 1442 1031 summatim
1458 1000 1574 1036 dicam,
1585 999 1644 1030 sub
1657 1009 1690 1030 se

218 1052 298 1083 vires
313 1051 472 1093 amplecti.
496 1050 588 1092 cnjus
609 1051 737 1093 quidem
762 1051 805 1082 rei
830 1061 976 1092 magnum
1002 1052 1060 1083 tibi
1084 1053 1211 1084 afferam
1236 1059 1464 1094 argumentum.
1509 1053 1600 1094 Saepe
1622 1053 1690 1095 jam

219 1115 292 1137 cum
314 1106 406 1137 fratre
428 1116 498 1137 meo
523 1105 655 1148 aliisque
681 1105 813 1137 medicis
838 1106 877 1136 ad
906 1105 1041 1148 aliquem
1065 1107 1283 1149 aegrotantium
1295 1108 1468 1150 ingressus,
1484 1117 1555 1140 cum
1571 1106 1624 1139 ille
1639 1106 1691 1139 vel

218 1160 419 1202 pharmacum
446 1158 546 1190 nollet
570 1159 687 1196 bibere,
711 1159 760 1191 vel
786 1160 958 1192 secandum
985 1161 1176 1193 urendumve
1202 1172 1235 1194 se
1261 1162 1384 1194 medico
1410 1173 1474 1194 non
1499 1161 1692 1204 permittere,

218 1225 322 1257 neque
335 1214 521 1256 persuadere
536 1218 643 1255 posset
655 1213 796 1245 medicus
814 1225 823 1246 2
846 1225 906 1256 ego
924 1215 1076 1256 persuasi,
1091 1226 1154 1246 non
1171 1215 1231 1247 alia
1247 1226 1341 1258 quam
1355 1217 1515 1248 rlietoricae
1526 1215 1690 1250 facultate.

217 1278 320 1300 assero
334 1272 451 1304 autem,
468 1267 495 1299 si
518 1277 611 1309 quam
635 1267 667 1299 in
690 1268 795 1299 urbem
811 1268 916 1299 rhetor
938 1269 1103 1300 accesserit
1118 1274 1213 1311 atque
1228 1270 1381 1308 medicus,
1396 1275 1593 1312 certeturque
1607 1269 1689 1302 inter

217 1333 271 1354 eos
287 1322 387 1354 verbis
403 1322 434 1352 in
450 1322 605 1354 concione
620 1321 667 1352 vel
685 1322 716 1352 in
734 1321 796 1352 alio
813 1322 925 1363 quovis
939 1326 1035 1359 coetu,
1051 1327 1120 1353 uter
1136 1322 1177 1353 sit
1201 1334 1258 1364 pro
1279 1323 1402 1355 medico
1427 1323 1603 1365 eligendus,
1618 1323 1688 1354 rhe-

216 1383 306 1409 torne
321 1387 360 1408 an
377 1376 536 1408 medicus:
560 1375 626 1407 fore
648 1381 682 1406 ut
698 1375 837 1407 medicus
858 1376 987 1417 quidem
1004 1386 1159 1417 nusquam
1175 1382 1350 1418 appareat;
1372 1377 1504 1419 eligatur
1525 1381 1643 1414 autern,
1664 1376 1690 1407 st

217 1431 313 1463 modo
327 1430 395 1472 ipse
410 1429 497 1467 velit,
512 1429 639 1461 dicendi
656 1429 784 1470 peritus.
806 1429 1013 1470 similiterque
1039 1429 1065 1460 si
1090 1430 1236 1461 adversus
1260 1430 1356 1462 alium
1380 1431 1521 1472 quemvis
1536 1430 1686 1462 artificem

215 1490 314 1517 certet
327 1484 509 1525 rhetoricus,
527 1483 683 1514 obtinebit
695 1488 729 1514 ut
742 1483 810 1525 ipse
828 1483 932 1524 potius
947 1493 1041 1525 quam
1057 1483 1160 1525 quivis
1175 1484 1253 1515 alins
1268 1484 1414 1526 eligatur.
1436 1484 1512 1515 nihil
1529 1485 1612 1516 enim
1627 1489 1687 1521 est,

216 1540 258 1571 de
272 1549 336 1582 quo
350 1549 415 1569 non
431 1537 540 1579 majori
555 1547 626 1568 cnm
642 1537 844 1579 persuasione
860 1536 1044 1575 rhetoricus,
1058 1548 1151 1579 quam
1168 1538 1301 1580 quilibet
1316 1539 1438 1576 artifex,
1457 1538 1553 1580 vulgo
1576 1539 1687 1581 loqua-

217 1598 278 1624 tur.
322 1592 472 1623 Potentia
485 1590 583 1633 igitur
598 1592 673 1623 artis
687 1591 781 1634 hujus
797 1596 885 1623 tanta
899 1596 947 1623 est
962 1597 1056 1634 atque
1072 1592 1153 1623 talis.
1176 1593 1269 1624 decet
1291 1598 1410 1635 tamen,
1425 1604 1443 1624 o
1466 1593 1621 1631 Socrates,
1639 1593 1683 1624 ita

214 1647 368 1678 rhetorica
391 1646 447 1683 uti,
463 1645 728 1688 quemadmodum
754 1650 786 1676 et
809 1645 895 1676 omni
918 1645 982 1676 alia
1003 1645 1154 1677 facultate
1179 1647 1332 1679 certandi.
1356 1658 1460 1690 neque
1474 1647 1558 1678 enim
1574 1647 1612 1689 is,
1627 1648 1683 1689 qui

213 1701 328 1743 pugnis
342 1700 504 1732 lacertisve
520 1705 553 1731 et
566 1699 658 1730 armis
674 1699 717 1730 ita
732 1710 872 1741 pugnare
888 1699 1046 1737 didicerit,
1062 1705 1096 1730 ut
1111 1698 1221 1732 amicis
1235 1706 1276 1732 'et
1294 1700 1431 1732 inimicis
1456 1701 1596 1743 superior
1611 1712 1683 1743 pos-

213 1756 253 1787 sit
265 1756 409 1792 evadere,
425 1755 466 1786 ob
481 1755 541 1786 hoc
556 1755 705 1785 adversus
726 1764 834 1785 omnes
850 1764 940 1796 aeque
955 1758 1073 1786 certare
1089 1754 1196 1792 debet,
1223 1759 1258 1785 ut
1273 1755 1389 1786 amicos
1405 1755 1499 1787 etiam
1518 1755 1684 1797 percutiat,

214 1814 347 1852 pungat,
364 1809 501 1841 occidat.
528 1819 587 1840 nec
603 1807 698 1839 etiam
715 1819 770 1850 per
790 1809 811 1841 J
814 1819 918 1850 ovem,
934 1809 958 1840 si
974 1809 1045 1851 quis
1073 1809 1216 1852 palaestra
1241 1809 1428 1841 exercitatus
1455 1809 1543 1852 pugil
1565 1809 1686 1846 robusti

214 1864 353 1906 eorporis
368 1863 515 1900 evaserit,
531 1863 648 1895 deinde
666 1868 811 1905 parentes
827 1869 882 1894 aut
903 1863 1039 1906 aliquem
1064 1863 1159 1894 alium
1185 1864 1426 1896 domesticorum
1441 1863 1490 1895 vel
1515 1863 1684 1896 amicorum

213 1919 317 1962 pulset
332 1930 338 1949 :
365 1922 529 1960 propterea
546 1917 748 1959 paedotribas,
763 1923 796 1948 et
815 1928 870 1948 eos
894 1917 949 1960 qui
975 1917 1066 1948 armis
1082 1928 1219 1960 pugnare
1235 1918 1363 1954 docent,
1375 1917 1450 1949 odio
1466 1917 1579 1949 habere
1595 1921 1628 1948 et
1642 1927 1680 1948 ex

214 1973 341 2005 urbibus
356 1972 512 2014 expellere
524 1973 629 2004 decet.
675 1971 729 2003 Illi
740 1972 823 2003 enim
839 1972 907 2003 haec
930 1972 1136 2007 tradiderunt,
1153 1977 1188 2002 ut
1202 1972 1269 2003 haec
1283 1972 1439 2003 discentes
1455 1977 1563 2002 contra
1577 1971 1682 2002 hostes

213 2033 246 2059 et
260 2027 429 2059 inferentes
443 2025 588 2068 injuriam
614 2025 711 2068 [457]
737 2030 907 2068 uterentur,
923 2025 1110 2057 ulciscentes
1121 2025 1281 2067 videlicet,
1297 2036 1359 2057 non
1376 2025 1556 2058 inferente&
1589 2023 1680 2055 Non-

213 2082 292 2114 nulli
308 2092 380 2113 vero
396 2082 462 2113 haec
486 2085 698 2122 pervertentes
723 2081 832 2111 robore
854 2085 983 2123 arteque
1008 2080 1189 2112 abutuntur.
1212 2080 1268 2111 sed
1294 2090 1357 2111 non
1375 2084 1539 2122 propterea
1553 2079 1606 2122 qut
1621 2079 1680 2110 do-

212 2141 345 2170 cuerunt
358 2135 494 2177 improbi
508 2139 582 2166 sunt
591 2134 761 2176 judicandi
775 2146 784 2174 ;
807 2145 912 2176 neque
927 2145 975 2166 ars
989 2134 1162 2175 culpanda,
1179 2134 1322 2176 malaque
1337 2135 1481 2165 habenda
1495 2145 1503 2165 :
1525 2135 1594 2171 sed,
1610 2144 1679 2166 meo

212 2192 339 2235 quidem
366 2189 501 2231 judicio,
531 2189 586 2231 qui
616 2199 758 2231 perverse
787 2193 926 2220 utuntur.
970 2188 1091 2220 Eadem
1117 2199 1245 2230 quoque
1269 2189 1309 2219 de
1337 2189 1490 2221 rhetorica
1516 2189 1594 2221 ratio
1619 2194 1681 2222 est.

214 2246 326 2278 Potest
339 2244 421 2276 enim
438 2248 470 2275 et
485 2244 632 2275 adversus
648 2253 756 2274 omnes
771 2248 802 2274 et
818 2243 960 2286 qualibet
974 2243 1014 2275 de
1030 2253 1061 2274 re
1077 2247 1179 2273 orator
1195 2242 1298 2274 dicere
1313 2254 1320 2273 z
1345 2244 1425 2275 adeo
1447 2249 1484 2275 ut
1498 2245 1581 2287 apud
1599 2245 1685 2276 mul--

212 2299 379 2331 titudinem
395 2297 486 2330 facile
501 2298 672 2329 admodum
688 2298 728 2329 de
741 2309 771 2329 re
784 2297 925 2340 qualibet
937 2297 1155 2340 persuadendo
1165 2296 1305 2338 superior
1317 2308 1383 2329 esse
1397 2298 1506 2339 possit.
1551 2297 1596 2329 At
1609 2309 1680 2330 vero

213 2353 240 2385 si
255 2353 409 2395 quispiam
435 2353 570 2394 adeptus
595 2352 792 2394 rhetoricam,
808 2351 924 2383 deinde
948 2351 1064 2394 injuste
1092 2351 1234 2394 potentia
1258 2351 1352 2393 hujus
1376 2353 1448 2383 artis
1465 2357 1587 2385 utatur:
1612 2363 1677 2385 non

213 2418 284 2439 eum
301 2407 354 2449 qui
369 2407 488 2447 docuit,
503 2407 607 2438 odisse
620 2412 715 2449 atque
731 2408 804 2438 urbe
816 2406 972 2449 expellere
992 2406 1085 2438 decet
1102 2418 1110 2437 2
1133 2406 1202 2447 ipse
1217 2406 1300 2437 enim
1316 2407 1356 2437 ad
1377 2406 1498 2448 justum
1513 2418 1601 2438 usum
1618 2413 1679 2440 tra-

213 2461 307 2499 didit,
323 2462 373 2492 hic
388 2471 459 2491 vero
475 2466 583 2492 contra
600 2461 708 2493 utitur.
755 2461 956 2504 Quapropter
969 2471 1040 2493 eum
1055 2461 1110 2503 qui
1125 2471 1189 2492 non
1204 2466 1287 2492 recte
1305 2461 1412 2499 utitur,
1430 2472 1485 2504 par
1507 2466 1555 2493 est
1576 2463 1679 2494 odisse

213 2516 293 2548 etin
308 2515 451 2547 exsilium
468 2515 588 2546 mittere
604 2520 635 2547 et
649 2516 846 2548 interimere:
873 2520 1096 2558 praeceptorem
1112 2525 1184 2547 vero
1208 2526 1419 2557 nequaquam.
1462 2516 1514 2549 So.
1538 2516 1680 2549 Arbitror

214 2576 257 2609 te,
274 2570 404 2612 Gorgia,
421 2569 526 2600 multis
541 2570 810 2611 disputationibus
825 2570 1014 2611 interfuisse,
1028 2569 1125 2612 idque
1148 2569 1181 2600 in
1207 2569 1327 2611 eisjam
1344 2576 1538 2612 compertum
1554 2572 1680 2609 habere,

213 2635 267 2657 eos
280 2623 441 2661 videlicet,
457 2623 512 2665 qui
529 2624 608 2655 inter
624 2635 656 2655 se
672 2623 847 2666 disputant.
862 2624 946 2655 haud
962 2623 1054 2655 facile
1071 2633 1175 2665 posse,
1191 2633 1263 2654 cum
1289 2624 1466 2666 disceptare
1489 2624 1676 2667 inceperint,

213 2679 258 2711 sic
267 2678 368 2716 abire,
384 2682 416 2708 ut
433 2688 495 2709 rem
513 2677 612 2720 ipsam
628 2678 815 2710 definientes
830 2689 863 2710 se
878 2677 1011 2709 invicem
1026 2677 1127 2708 solum
1149 2678 1286 2709 doceant
1301 2683 1396 2720 atque
1411 2678 1534 2710 discant
1548 2691 1555 2709 :
1580 2680 1634 2710 sed
1650 2679 1678 2710 si

214 2734 254 2765 de
269 2732 375 2775 aliquo
392 2732 598 2768 contendant,
616 2743 718 2774 neque
734 2733 913 2765 concedant
936 2731 1013 2763 alter
1038 2731 1126 2763 alteri
1150 2737 1205 2763 aut
1219 2742 1290 2763 vere
1315 2740 1369 2763 aut
1394 2732 1559 2775 perspicue
1575 2732 1676 2774 toqui,

213 2787 416 2828 indignantur
430 2791 462 2817 et
477 2797 533 2828 per
548 2786 698 2817 invidiam
715 2787 834 2819 dictum
851 2792 975 2829 putant,
990 2792 1144 2818 certantes
1159 2786 1262 2824 simul,
1286 2797 1350 2818 non
1371 2793 1476 2818 autem
1497 2787 1584 2828 quod
1611 2792 1676 2818 erat

214 2840 407 2883 propositum
424 2840 648 2882 perquirentes.
672 2851 899 2884 nonuunquam
915 2851 986 2872 vero
1002 2842 1129 2872 tandem
1151 2842 1231 2873 adeo
1258 2841 1388 2883 turpiter
1408 2841 1587 2879 discedunt,
1602 2852 1676 2874 cum

210 2894 324 2937 jurgiis
337 2893 514 2936 mutuisque
531 2894 716 2931 nialedictis,
730 2900 764 2926 ut
779 2895 872 2926 etiam
897 2894 1049 2937 poeniteat
1063 2896 1238 2933 audientes,
1263 2896 1347 2937 quod
1364 2894 1518 2937 ejusmodi
1534 2896 1678 2928 homines

217 2948 395 2991 putaverint
410 2948 596 2982 audiendos.
623 2959 769 2992 quorsum
787 2960 857 2981 vero
874 2950 939 2981 tna-c
967 2950 1062 2982 dico?
1086 2950 1233 2992 qnoniam
1258 2954 1290 2980 tu
1306 2959 1367 2980 non
1386 2948 1459 2980 mihi
1477 2948 1591 2981 videris
1606 2950 1684 2983 satis
