1846 3268
223 271 300 311 160
681 260 906 303 INGERTI
943 258 1220 299 AUCTORIS
1589 258 1686 311 [539

221 377 279 410 So.
303 375 337 409 Si
354 380 502 420 praeterea
512 383 563 406 mc
574 372 619 404 ita
632 380 769 413 rogares,
791 369 975 411 Postquam,
989 379 1008 399 o
1023 367 1178 403 Socrates,
1195 365 1227 396 in
1243 364 1375 397 Homeri
1389 363 1577 396 carminibus
1599 363 1690 396 inve-

222 431 298 463 nisti
311 441 382 473 quae
395 430 511 471 cuique
525 428 665 463 istarum,
687 435 758 467 quae
781 423 875 455 dictae
894 427 978 459 sunt,
999 421 1111 454 artium
1134 419 1312 463 judicanda
1331 424 1415 456 sunt,
1438 429 1508 460 age,
1528 417 1596 460 jam
1612 418 1689 450 milri

220 485 368 529 reperias,
384 494 530 527 quaenam
546 493 565 514 a
579 486 651 512 vate
665 478 878 524 vaticinioque
888 476 1026 519 judicari
1040 475 1220 511 conveniat,
1242 479 1367 505 rectene
1387 483 1427 505 an
1441 478 1552 504 contra
1565 473 1606 504 ab
1619 472 1689 504 Ho-

221 551 308 572 mero
322 540 387 571 sint
399 539 505 570 dicta:
530 536 669 572 adverte,
685 544 779 577 quam
801 532 896 564 facile
920 541 956 563 ac
972 541 1043 562 vere
1063 529 1121 562 tibi
1150 529 1367 571 respondeam.
1411 527 1633 569 Saepenumero
1655 525 1688 557 in

223 594 373 637 Odyssea
388 591 505 631 scribit,
521 589 692 634 praesertim
707 597 747 620 ea
761 597 832 631 quae
847 585 1156 628 Melampodidarum
1171 589 1258 616 vates
1272 582 1528 626 Theoclymenus
1540 581 1689 614 adversus

223 659 337 692 procos
351 648 446 686 fatur,

398 723 497 767 [539]
522 721 552 755 O
567 720 682 758 miseri,
698 719 776 763 quid
790 729 889 756 nunc,
904 717 965 749 heu
979 717 987 749 !
1010 715 1099 748 vobis
1114 714 1255 748 imminet
1270 714 1329 747 atri
1342 714 1355 745 ?

395 779 483 811 Dum
495 777 621 809 mollem
635 779 732 807 noctu
744 773 858 816 capitis
869 783 924 815 per
938 772 1078 804 membra
1090 780 1247 812 soporem,

396 833 523 866 Cuncta
534 832 672 864 fremunt
686 830 785 867 luctu,
800 831 925 860 resonat
942 826 1143 869 plangoribus
1159 825 1273 855 aether:

393 887 560 928 Scissaque
576 885 662 916 triste
676 883 806 915 madent
819 881 955 914 lacrimis
965 879 1163 912 manantibus
1178 888 1243 910 ora.

392 939 594 972 Vestibulum
608 938 735 982 plenum
750 942 799 969 est
813 935 995 972 simulacris,
1011 934 1111 966 omnis
1125 938 1158 964 et
1171 932 1255 964 aula.

392 995 458 1028 Sub
473 994 610 1026 tenebris
624 992 744 1024 Erebus
755 991 846 1033 riget,
862 989 1082 1030 exstinctoque
1097 998 1152 1030 per
1167 987 1273 1018 orbem

395 1047 532 1081 Lumine
547 1046 669 1079 velatur
681 1045 762 1077 tristi
776 1043 912 1087 caligine
925 1042 1050 1075 coelum.

221 1129 444 1171 Saepenumero
468 1124 563 1156 etiam
581 1123 615 1155 in
629 1123 745 1161 Iliade,
772 1126 809 1155 ut
832 1121 866 1154 in
891 1129 1048 1153 murorum
1065 1118 1315 1162 expugnatione,
1331 1127 1401 1161 quae
1417 1117 1456 1149 ad
1476 1121 1578 1150 vatem
1594 1117 1690 1160 perti·
1730 1103 1737 1111 x*

221 1187 312 1225 nent,
327 1181 440 1224 tangit.
462 1179 507 1211 ibi
521 1178 606 1211 enim
621 1178 666 1211 sic
681 1177 786 1220 inquit
799 1188 807 1208 ε

397 1255 573 1290 Certabant
586 1254 694 1287 Danai
706 1253 812 1297 Trojae
825 1263 1024 1297 perrumpere
1040 1261 1155 1291 muros,

393 1301 636 1353 Altivolansque
650 1310 740 1343 Jovis
755 1310 917 1352 pendebat
931 1309 1066 1351 desuper
1078 1308 1155 1346 ales,

393 1365 564 1408 Unguibus
577 1364 716 1397 incurvis
730 1364 855 1396 rubrum
869 1362 1033 1406 complexa
1045 1362 1213 1394 draconem
1230 1372 1238 1392 ε

394 1419 602 1461 Pellebatque
616 1418 698 1451 acies
714 1419 746 1450 in
761 1417 872 1449 laevam
885 1429 893 1450 τ
917 1422 984 1448 tum
998 1417 1081 1448 ferus
1093 1415 1146 1447 ille

393 1474 581 1517 Respirans,
596 1478 629 1506 et
642 1473 746 1506 adhuc
757 1473 903 1505 transfixo
919 1475 1047 1514 pectore
1062 1470 1197 1508 luctans,

394 1529 459 1561 Ore
472 1533 584 1572 petens
600 1527 736 1571 aquilam
749 1526 930 1570 perstrinxit
943 1525 1071 1557 vulnere
1087 1529 1204 1567 guttur.

391 1582 580 1623 Illabdole‘ns
595 1593 730 1625 anguem
744 1581 865 1614 dimisit
877 1581 912 1613 in
927 1580 1054 1623 agmina
1068 1579 1204 1621 lapsum,

395 1637 574 1680 Sauciaque
586 1637 619 1669 in
634 1641 746 1670 ventos
761 1636 873 1680 pennis
889 1634 1014 1667 sublata
1028 1633 1154 1676 refugit.

217 1717 298 1750 Haec
309 1714 456 1759 equidem
467 1715 584 1753 dicam,
598 1718 632 1747 et
643 1713 706 1746 alia
714 1711 910 1756 hujusmodi,
923 1722 943 1744 a
954 1716 1025 1744 vate
1037 1710 1279 1752 consideranda,
1287 1709 1526 1754 judicandaque
1537 1722 1616 1745 esse.
1632 1712 1686 1747 Io.

219 1772 262 1804 Et
277 1782 350 1804 vera
363 1770 503 1813 quidem,
519 1781 539 1802 ο
551 1770 708 1802 Socrates.
752 1769 811 1801 So.
835 1767 877 1800 Et
888 1772 935 1806 tu,
951 1778 971 1799 o
986 1766 1060 1805 Ion,
1074 1777 1147 1798 vera
1157 1776 1273 1799 narras.
1318 1765 1401 1808 Age,
1417 1767 1684 1808 quemadmodum

217 1837 278 1869 ogo
294 1826 354 1858 tibi
364 1824 562 1868 exlodyssea
576 1829 609 1856 et
622 1824 725 1856 Iliade
740 1823 895 1865 excerpsi,
908 1833 979 1865 quae
989 1822 1029 1854 ad
1042 1826 1159 1863 vatem,
1172 1831 1243 1863 quae
1253 1821 1294 1852 ad
1306 1820 1476 1863 medicum,
1487 1832 1559 1864 quae
1568 1823 1608 1854 ad
1623 1822 1687 1865 pis-

219 1885 356 1912 catorem
370 1880 524 1923 pertinere
540 1878 708 1910 videntur:
731 1877 776 1909 sic
792 1882 825 1909 et
839 1882 886 1914 tu,
902 1875 958 1918 qui
973 1875 1121 1917 majorem
1136 1874 1170 1906 in
1186 1875 1316 1906 Homeri
1332 1875 1455 1917 scriptis
1469 1875 1614 1917 peritiam
1631 1877 1688 1909 ha·

218 1935 286 1974 bes,
299 1934 398 1977 eligas
413 1939 447 1966 et
460 1933 600 1966 adducas
614 1931 647 1964 in
660 1931 812 1970 medium,
826 1941 897 1973 quae
905 1934 979 1962 sunt
990 1928 1164 1961 recitatoris
1180 1928 1316 1970 propria,
1332 1938 1402 1970 quae
1419 1934 1531 1970 praeter
1539 1930 1616 1961 alios
1631 1931 1688 1962 ho·

219 1990 322 2023 mines
334 1989 400 2032 ipsi
413 1989 610 2021 considerare
620 1987 830 2031 judicareque
842 1984 1004 2032 convenit.
1048 1983 1102 2015 Io.
1122 1983 1251 2021 Omnia,
1267 1993 1286 2014 o
1297 1983 1454 2022 Socrates,
1466 1994 1582 2018 assero.
1626 1985 1684 2018 So.

218 2045 297 2078 Non
312 2044 418 2076 omnia
433 2049 576 2087 tusupra
591 2043 731 2080 dicebas,
748 2053 767 2074 ο
783 2040 857 2073 Ion.
881 2050 957 2071 num
982 2039 1029 2071 ita
1050 2037 1222 2070 obliviosus
1235 2048 1269 2069 es
1282 2037 1293 2068 ?
1316 2037 1406 2080 atqui
1429 2048 1494 2069 non
1506 2039 1623 2082 ⁸decet,
1637 2051 1687 2071 re-

219 2099 383 2133 citatorem
397 2098 557 2130 hominem
573 2096 760 2130 obliviosum
783 2106 863 2128 esse.
907 2094 961 2126 Io.
983 2093 1146 2131 Quidnam
1169 2092 1268 2135 [640]
1291 2091 1483 2125 obliviscor?
1526 2094 1585 2126 So.
1607 2093 1684 2126 Non

219 2153 370 2185 memoria
384 2157 485 2191 tenes,
512 2157 609 2184 artem
631 2150 786 2184 recitandi
806 2150 900 2182 aliam
922 2149 963 2181 ab
983 2147 1138 2190 aurigaria
1158 2152 1190 2179 te
1205 2147 1343 2179 dixisse?
1387 2147 1440 2180 Io.
1461 2147 1583 2182 Teneo.
1627 2149 1686 2181 So.

218 2207 340 2240 Nonne
361 2218 434 2240 curn
460 2206 523 2238 alia
543 2206 596 2245 sit,
620 2206 684 2238 alia
711 2205 909 2248 cognituram
935 2214 970 2236 es
994 2202 1158 2235 confessus
1171 2202 1182 2233 ἓ
1227 2201 1280 2235 Io.
1313 2202 1474 2235 Profecto.
1518 2203 1576 2236 So.
1607 2203 1685 2235 Non

217 2260 313 2304 igitur
327 2261 434 2294 omnia
448 2259 605 2304 percipiet
619 2261 793 2293 secundum
810 2269 983 2292 sermonem
1006 2262 1094 2289 tuum
1118 2267 1166 2289 ars
1182 2256 1348 2295 recitandi,
1374 2267 1479 2300 neque
1502 2257 1571 2300 ipse
1588 2258 1684 2290 etiam

216 2317 378 2349 recitator.
419 2315 474 2350 10.
495 2314 600 2347 Immo
615 2315 733 2353 omnia,
758 2318 870 2356 praeter
891 2312 967 2344 talia
987 2311 1145 2354 quaedam.
1189 2311 1242 2343 So.
1266 2311 1347 2343 Cum
1370 2317 1482 2354 proeter
1506 2312 1582 2344 talia
1595 2323 1685 2355 quas-

217 2372 292 2406 dam
307 2370 399 2412 dicis,
413 2374 525 2412 praeter
538 2379 578 2402 ea
591 2379 662 2411 quae
681 2367 812 2400 aliarum
828 2367 940 2398 artium
956 2371 1030 2396 sunt
1052 2366 1148 2396 ferme
1169 2364 1343 2406 significas.
1366 2366 1422 2397 sed
1445 2376 1590 2408 quaenam
1605 2378 1682 2409 cog-

216 2429 339 2466 noscet,
352 2429 520 2466 postquam
541 2433 608 2454 non
626 2423 734 2454 omnia
754 2421 880 2454 noscit?
924 2419 976 2452 Io.
999 2419 1081 2456 Quas
1100 2419 1216 2451 decens
1242 2425 1291 2451 est
1313 2425 1349 2451 ut
1362 2420 1407 2451 vir
1431 2420 1588 2462 loquatur,
1610 2431 1682 2464 quae

217 2479 339 2518 mulier,
354 2488 471 2515 servus,
486 2477 577 2518 liber,
598 2476 771 2519 subjectus,
795 2476 954 2518 princeps,
980 2474 1048 2506 haec
1071 2474 1178 2505 omnia
1198 2478 1319 2505 noscet.
1363 2473 1420 2506 So.
1442 2475 1538 2512 Quod
1565 2475 1682 2508 decens

217 2538 266 2566 est
279 2537 316 2564 ut
330 2531 479 2575 princeps
503 2530 538 2563 in
556 2531 644 2567 mari,
669 2529 819 2562 navicula
834 2533 1019 2572 tempestate
1035 2537 1197 2570 oppressa,
1221 2527 1342 2564 afferat,
1369 2528 1557 2561 recitatorne
1583 2530 1682 2573 magis

216 2598 313 2631 quam
336 2586 525 2629 gubernator
549 2585 744 2628 cognoscet?
789 2584 843 2616 Io.
865 2583 899 2616 N
900 2594 941 2615 on
954 2594 962 2614 :
995 2582 1052 2614 sed
1073 2582 1261 2624 gubernator
1286 2581 1398 2614 melius
1426 2583 1488 2615 hoe
1517 2583 1683 2627 percipiet.

216 2642 274 2675 So.
295 2641 361 2673 Sed
383 2651 422 2673 ea
436 2641 639 2683 quadecens
654 2644 703 2672 est
717 2643 752 2671 ut
767 2639 914 2682 princeps
928 2638 964 2670 in
978 2636 1085 2669 morbo
1111 2636 1270 2679 loquatur,
1292 2636 1438 2669 recitator
1460 2637 1571 2670 melius
1585 2649 1680 2681 quam

216 2694 360 2731 medicus
373 2694 555 2736 intelliget?
599 2694 654 2726 10.
675 2693 792 2736 Neque
807 2694 886 2726 haec.
930 2692 988 2724 So.
1010 2691 1074 2723 Sed
1099 2701 1138 2723 ea
1159 2701 1230 2734 quae
1256 2702 1344 2723 servo
1359 2691 1565 2730 conveniunt,
1578 2692 1681 2725 dicis?

216 2751 270 2783 Io.
294 2750 399 2782 Certe.
443 2749 501 2781 So.
525 2748 654 2780 Scilicet
674 2759 745 2791 quae
760 2749 877 2780 decens
891 2752 951 2785 est,
968 2751 1004 2778 ut
1018 2745 1105 2778 dicat
1119 2756 1223 2777 servus
1240 2745 1408 2783 bubulcus,
1429 2746 1505 2778 dum
1519 2746 1560 2778 de
1575 2745 1680 2779 suren-

217 2805 302 2836 tibus
317 2808 350 2836 et
363 2802 500 2836 efferatis
518 2803 619 2834 bobus
634 2802 864 2841 confabulatur,
880 2802 1026 2835 recitator
1040 2800 1119 2843 ipse,
1145 2811 1209 2832 non
1230 2801 1384 2832 bubulcus
1409 2802 1582 2843 agnoscet?
1627 2801 1679 2834 Io.

217 2858 440 2901 Nequaquam.
484 2858 540 2890 So.
562 2849 728 2900 Numquid
744 2868 781 2889 ea
796 2867 868 2900 quae
883 2857 1000 2889 decens
1014 2861 1062 2888 est
1077 2861 1113 2888 ut
1133 2855 1246 2887 mulier
1262 2855 1303 2888 de
1319 2855 1457 2888 lanificio
1473 2856 1585 2887 textori
1599 2856 1679 2888 rese-

217 2914 288 2946 rat?
332 2913 385 2945 Io.
407 2912 494 2946 Non.
539 2912 595 2945 So.
618 2912 666 2944 Ea
680 2923 751 2955 quae
766 2913 884 2944 decens
907 2917 955 2944 est
974 2916 1010 2943 ut
1024 2911 1069 2943 vir
1087 2911 1151 2942 dux
1173 2911 1327 2943 exercitus
1347 2909 1446 2948 dicat,
1470 2910 1544 2941 dum
1564 2909 1681 2942 milites

219 2969 374 3011 hortatur,
386 2967 580 3010 cognoscet?
625 2966 676 2999 Io.
700 2967 788 2999 'salia
804 2967 944 3010 profecto
958 2971 1044 3006 sunt,
1059 2977 1130 3010 quae
1142 2965 1288 3000 recitator
1302 2964 1455 3009 agnoscit.
1498 2964 1555 2997 So.
1577 2963 1610 2996 N
1613 2974 1679 2996 um-
