1846 3268
201 237 298 288 266]
596 208 597 211 '
803 232 1088 271 SOPHISTA.
1593 236 1671 274 365

199 340 434 383 cognominari?
479 338 566 371 Tua.
591 337 667 368 Non
683 336 783 368 aliter.
827 337 894 368 Ηο.
919 337 1092 378 Postquam
1118 335 1218 367 oratio
1238 335 1350 377 partim
1367 345 1439 366 vera
1461 337 1571 377 partim
1587 337 1667 369 falsa

205 404 273 426 esse
287 393 446 436 apparuit,
459 391 609 434 cogitatio
625 401 696 422 vero
712 390 839 422 interior
854 390 952 432 ipsius
968 390 1079 421 animae
1093 389 1276 427 collocutio,
1293 389 1401 431 opinio
1417 400 1489 420 vero
1505 391 1671 432 cogitatio·

203 449 252 479 nis
275 447 448 484 conclusio,
465 446 496 477 in
523 456 585 488 qua
607 444 766 487 opinionis
789 453 959 485 sensusque
982 443 1162 475 commixtio
1179 443 1349 485 reperitur:
1373 443 1580 475 necessarium
1603 449 1671 475 esse

201 502 334 543 videtur,
351 507 384 532 ut
399 501 605 542 cogitationes
622 500 849 541 opinionesque
875 499 987 540 partim
1002 509 1082 529 verae
1109 498 1220 539 partim
1244 497 1329 529 salsae
1354 497 1438 537 sint3
1462 498 1582 538 quippe
1598 507 1670 528 cum

201 555 262 586 sint
277 554 406 586 orationi
423 559 578 595 cognatae.
623 554 711 586 Tua.
735 553 824 584 Nihil
842 558 1006 594 repugnat.
1039 551 1108 583 Ηο.
1134 551 1340 588 Advertisne,
1354 561 1411 583 nos
1427 551 1669 592 facilius,quam

202 609 398 650 putabamus,
412 608 585 639 orationem
612 613 644 640 et
671 608 894 650 cogitationem
921 607 1030 638 falsam
1057 606 1212 638 invenisse
1226 607 1236 637 ?
1282 606 1505 644 Metuebamus
1528 616 1614 643 sane,
1630 616 1671 637 ne

201 673 283 704 opus
298 662 415 694 irritum
431 668 464 694 et
482 662 707 705 inexplicabile
730 662 790 693 ista
804 666 979 704 quaerentes
994 663 1242 703 aggrederemur.
1285 661 1373 692 Tris.
1397 659 1551 692 Adverto.
1597 659 1668 691 Ho.

201 715 283 758 Ergo
298 727 337 748 ne
359 716 699 758 reliqua-metuamus:
724 726 829 747 verum
854 719 1018 757 postquam
1043 715 1203 756 patefacta
1229 719 1303 745 sunt
1327 714 1398 754 ista,
1413 714 1586 756 superiores
1601 713 1670 744 illas

199 771 370 802 secundum
383 771 504 812 species
515 771 686 802 divisiones
696 771 805 802 iterum
817 779 1019 802 resumamus.
1062 768 1150 800 Tria.
1175 768 1317 806 Quales?
1356 767 1423 799 Ho.
1447 767 1668 809 Imaginariam

199 829 295 856 artem
311 825 344 855 in
358 825 436 855 duas
452 824 624 862 divisimus,
641 823 884 856 assimilatricem
901 822 1020 854 scilicet
1036 828 1068 853 et
1083 822 1326 864 phantasticam.
1356 821 1446 854 Tne.
1471 822 1524 853 Sic
1539 821 1672 863 egimuS.

203 878 270 910 Ho.
293 879 367 917 Qua
391 889 462 910 vero
477 880 511 910 in
528 884 593 910 arte
608 879 736 909 duarum
754 877 924 919 sophistam
941 876 1176 913 collocaremus,
1193 877 1438 917 ambigebamus.
1482 875 1569 906 Tria.
1592 875 1670 906 Pro·

205 932 300 964 fecto.
345 933 413 964 Ho.
436 933 514 964 Post
529 934 610 964 lianc
625 932 859 974 ambiguitatem
875 935 1004 972 repente
1021 930 1204 971 profundior
1218 929 1342 962 emersit
1357 930 1470 971 caligo,
1485 939 1555 961 cum
1571 939 1672 960 sermo

206 986 260 1018 ille
275 986 396 1018 cunctis
411 986 526 1017 dubius
540 987 715 1028 inferretur,
727 986 810 1028 quod
825 995 926 1026 neque
939 985 1043 1026 imago
1055 995 1157 1026 neque
1168 984 1363 1015 simulacrum
1373 975 1476 1025 neque
1489 983 1672 1025 phantasma

207 1040 336 1071 omnino
354 1050 480 1081 usquam
497 1045 555 1078 est,
571 1040 645 1082 quia
661 1040 748 1071 nullo
765 1040 858 1070 modo
873 1049 1025 1080 nusquam
1038 1049 1198 1080 nunquam
1211 1038 1321 1069 salsum
1337 1042 1450 1070 exstat.
1483 1036 1571 1069 Tm.
1588 1037 1673 1068 Vera

206 1105 321 1125 narras.
366 1094 430 1124 Ho.
453 1094 548 1125 Nunc
571 1099 674 1126 autem
699 1098 863 1136 postquam
891 1093 1036 1134 apparuit
1060 1093 1184 1134 quidem
1208 1093 1318 1129 oratio,
1344 1091 1491 1133 apparuit
1514 1095 1547 1122 et
1562 1089 1671 1132 opinio

205 1148 295 1185 falsa,
312 1148 460 1189 possibile
475 1153 523 1180 est
537 1148 700 1179 simulacra
716 1149 859 1190 qua-:dam
883 1158 982 1179 rerum
999 1159 1136 1179 verarum
1152 1147 1264 1178 aernula
1286 1156 1366 1184 esse,
1381 1150 1413 1177 et
1427 1146 1466 1176 ab
1488 1146 1548 1176 hac
1563 1144 1672 1185 dispo-

202 1202 316 1233 sitione
331 1207 428 1234 artem
443 1202 623 1245 decipiendi
637 1213 772 1236 manare.
817 1202 904 1234 Tne.
928 1202 1081 1233 Possibile
1096 1207 1190 1234 certe.
1234 1200 1302 1232 Ho.
1325 1200 1412 1238 Quin
1429 1198 1523 1230 etiam
1539 1198 1623 1240 quod
1637 1198 1670 1228 in

206 1255 253 1287 his
269 1255 417 1298 Sophista
433 1262 584 1294 versatur,
606 1262 654 1289 est
676 1257 881 1289 concessum?
924 1257 1012 1288 Tne.
1035 1256 1103 1288 Est.
1149 1255 1215 1287 Ηο.
1239 1254 1429 1286 Adnitamur
1452 1254 1574 1289 iterum,
1592 1252 1672 1283 bisa-

205 1309 280 1340 riam
297 1320 393 1351 genus
410 1310 603 1352 propositum
627 1311 806 1352 partientes,
825 1321 947 1351 semper
961 1310 1001 1340 ad
1026 1311 1183 1340 dexteram
1201 1308 1346 1350 progredi
1368 1308 1459 1338 divisi
1486 1312 1617 1348 partem,
1639 1308 1672 1337 et

205 1373 277 1404 quae
292 1374 362 1394 cum
378 1364 524 1405 Sophista
541 1374 667 1406 quoquo
684 1366 778 1395 modo
789 1363 1291 1404 communicant,circumspicere,
1302 1367 1335 1392 ut
1346 1360 1562 1392 communibus
1573 1359 1674 1390 omni·

207 1415 263 1447 bus
278 1418 446 1458 amputatis
463 1418 616 1459 propriam
633 1418 701 1458 ejus
729 1419 833 1449 sedem
850 1423 944 1459 atque
961 1417 1094 1459 effigiem
1117 1422 1148 1448 et
1165 1427 1221 1448 nos
1238 1417 1423 1452 iutueamur,
1439 1419 1471 1446 et
1487 1415 1546 1451 his,
1571 1414 1668 1456 [265]

206 1470 260 1511 qui
276 1471 315 1502 ad
332 1471 511 1512 hujusmodi
527 1472 702 1513 disciplinae
719 1482 914 1514 progressum
938 1477 1048 1502 natura
1063 1472 1219 1503 accedunt
1240 1481 1333 1513 quam
1360 1469 1509 1511 proxime,
1525 1468 1672 1499 ostenda-

205 1534 286 1557 muS.
329 1525 417 1556 Tms.
440 1525 552 1558 Probe.
598 1525 664 1557 Ηο.
687 1525 804 1557 Nonne
821 1527 860 1557 ab
876 1525 966 1556 initio
983 1530 1077 1556 artem
1094 1525 1249 1556 efficiendi
1273 1535 1379 1564 uuam,
1394 1522 1575 1564 acquirendi
1593 1522 1671 1553 altc-

206 1588 269 1608 rarn
288 1579 457 1620 partientes
468 1579 668 1610 induximus?
712 1579 800 1611 Tnz.
824 1581 928 1612 Certe.
974 1580 1041 1610 Ηο.
1064 1579 1175 1610 Divisa
1187 1579 1387 1621 postmodum
1400 1576 1581 1619 acquirendi
1595 1581 1672 1613 arte,

207 1633 264 1663 sub
289 1643 326 1664 ea
352 1634 531 1675 Sophistam
556 1634 726 1666 locavimus
751 1634 783 1666 in
813 1634 991 1670 venatione,
1016 1634 1197 1673 certamine,
1222 1639 1393 1664 mercatura
1407 1637 1440 1663 et
1455 1631 1672 1672 hujuscemodi

207 1686 382 1728 speciebus.
426 1687 513 1719 Tun.
538 1688 589 1719 Sic
603 1699 724 1730 prorsus
739 1693 786 1719 est
799 1694 914 1720 actum.
960 1689 1028 1720 Ηο.
1051 1687 1146 1719 Nunc
1158 1698 1230 1718 vero
1245 1691 1408 1728 postquam
1422 1684 1579 1716 efficiendi
1592 1694 1672 1726 quo-

208 1751 270 1782 que
286 1751 333 1772 ars
348 1742 528 1783 Sophistam
544 1742 708 1784 complexa
721 1747 783 1782 est,
796 1747 920 1774 constat
934 1742 967 1772 in
979 1741 1084 1784 primis
1095 1746 1190 1772 artem
1202 1741 1282 1772 hanc
1294 1751 1361 1771 esse
1375 1738 1512 1770 bifariam
1526 1738 1673 1769 dividen-

206 1794 291 1827 dam.
316 1794 446 1826 imitatio
462 1796 581 1838 quippe
605 1797 732 1828 effectio
747 1797 890 1838 quaedam
907 1802 966 1833 est,
995 1795 1226 1827 simulacrorum
1242 1794 1372 1831 scilicet,
1389 1804 1453 1824 non
1470 1803 1606 1824 verarum
1623 1803 1671 1823 re-

161 1875 165 1878 .
207 1859 286 1886 rum,
301 1850 563 1890 quemadmodum
578 1861 671 1892 supra
686 1851 830 1883 diximus.
854 1851 983 1881 nonne?
1021 1850 1109 1883 Tru-2.
1133 1849 1245 1880 Procul
1263 1849 1372 1879 dubio.
1408 1847 1474 1878 Ηο.
1497 1845 1672 1878 Effectricis

206 1901 300 1943 igitur
314 1903 470 1935 facultatis
486 1905 556 1935 ‹luae
574 1904 705 1946 primum
730 1905 792 1935 sint
819 1910 932 1946 partes.
977 1904 1063 1936 Tun.
1087 1903 1192 1941 Qum?
1239 1902 1305 1934 Ηο.
1330 1901 1450 1933 Divina
1473 1906 1505 1932 et
1525 1901 1672 1931 humana.

206 1955 291 1987 Tne.
315 1957 465 1988 Nondum
480 1957 633 2000 intelligo.
680 1959 746 1990 Ηο.
772 1959 804 1990 Si
824 1960 916 1989 modo
929 1967 999 2000 quae
1023 1968 1115 1999 supra
1138 1958 1222 1989 dicta
1245 1962 1328 1993 sunt,
1352 1956 1558 1994 recordamur,
1573 1955 1669 1986 effec-

206 2010 312 2041 tricem
327 2011 507 2042 facultatem
523 2012 657 2043 diximus
674 2013 734 2043 vim
752 2013 924 2055 quandam,
949 2023 1019 2055 qnae
1035 2022 1128 2043 causa
1151 2016 1211 2053 est,
1226 2016 1261 2042 ut
1283 2011 1345 2041 sint
1369 2014 1488 2052 postea,
1512 2019 1582 2050 quae
1598 2013 1672 2039 ante

208 2074 270 2095 nou
286 2065 420 2097 fuerant.
452 2066 541 2098 Tnss.
563 2066 791 2099 Recordamur.
826 2067 892 2099 Ηο.
917 2067 1076 2098 Animalia
1092 2071 1206 2098 cuncta
1223 2064 1364 2096 mortalia
1377 2064 1574 2106 plantasque,
1585 2073 1672 2104 quae-

207 2128 331 2160 cunque
347 2125 426 2150 terra
440 2130 476 2150 ex
493 2120 663 2152 seminibus
677 2120 873 2152 radicibusve
889 2125 1070 2158 nascuntur,
1086 2125 1119 2151 et
1143 2129 1339 2161 quaecunque
1353 2118 1524 2148 inanimata
1544 2117 1575 2147 in
1592 2121 1672 2147 terra

207 2172 396 2211 consistunt,
411 2173 475 2204 sive
502 2174 654 2215 liquefieri
679 2175 801 2216 possint
825 2175 889 2206 sive
915 2185 979 2205 non
1006 2174 1138 2216 possint,
1161 2173 1303 2214 nunquid
1328 2172 1391 2202 alio
1406 2171 1541 2213 quodam
1557 2169 1672 2212 opifice

206 2225 356 2258 fabricata
372 2237 464 2269 quam
481 2227 552 2259 Deo
568 2228 633 2259 fieri
651 2235 733 2270 post,
750 2239 820 2260 cum
837 2229 921 2270 prius
938 2239 1000 2259 non
1016 2228 1143 2265 fuerint,
1160 2227 1398 2269 praedicabimus
1413 2226 1424 2256 ?
1446 2236 1485 2256 an
1503 2223 1669 2255 multorum

209 2281 380 2312 doctrinam
392 2292 610 2325 sermonesque
623 2283 831 2314 sectabimur?
875 2283 962 2314 Tun.
986 2283 1126 2319 Qum-um
1141 2282 1151 2312 ?
1197 2281 1264 2313 Ηο.
1290 2279 1471 2312 Dicentium
1487 2279 1548 2310 ista
1561 2282 1670 2308 natura

207 2333 280 2375 ipsa
295 2335 380 2377 gigni
395 2347 414 2367 a
429 2347 521 2368 causa
535 2338 669 2378 quadam
686 2337 828 2378 fortuita,
844 2337 910 2368 sine
926 2342 1030 2368 mente
1046 2337 1112 2367 haec
1128 2340 1259 2377 agente:
1285 2334 1334 2366 vel
1350 2345 1419 2365 cum
1434 2333 1552 2363 ratione
1567 2331 1672 2374 potius

207 2388 401 2432 scientiaque
417 2391 523 2422 divina
545 2392 584 2423 ab
600 2392 667 2434 ipso
683 2392 755 2423 Deo
782 2392 907 2423 tributa.
952 2391 1040 2422 Tris.
1066 2390 1132 2431 Ego
1147 2389 1226 2420 forte
1243 2394 1369 2430 propter
1392 2392 1515 2419 aetatem
1531 2391 1596 2417 tum
1613 2387 1675 2417 hoc

211 2447 278 2474 turn
294 2443 379 2475 aliud
396 2445 518 2486 opinor.
542 2445 574 2476 in
592 2446 758 2488 praesentia
784 2457 855 2477 vero
873 2446 912 2477 ad
929 2450 959 2477 te
975 2444 1157 2487 respicienS,
1183 2449 1360 2485 putansque
1375 2442 1548 2473 existimare
1565 2445 1595 2471 te
1621 2449 1677 2481 per

214 2496 320 2528 Deum
332 2498 399 2530 haec
409 2499 512 2530 omnia
522 2500 622 2541 gignI‚
633 2500 716 2532 idem
729 2501 795 2542 ipse
803 2511 929 2542 quoque
942 2500 1095 2530 existimo.
1119 2498 1185 2529 Ho.
1204 2497 1303 2529 Recte
1315 2494 1675 2532 admodum,'rheaetete,

209 2550 260 2582 Ac
272 2552 296 2582 si
307 2556 337 2583 te
349 2557 526 2594 putaremus
535 2554 568 2585 in
580 2559 736 2596 posterum
748 2555 837 2586 aliter
846 2555 1058 2597 opinaturum,
1070 2563 1153 2584 nunc
1165 2551 1296 2588 ratione,
1310 2550 1401 2581 simul
1411 2559 1481 2580 cum
1499 2547 1672 2580 necessaria

209 2605 344 2647 quadam
357 2607 570 2648 persuasione,
582 2617 616 2639 ut
625 2608 716 2640 nobis
727 2609 868 2640 crederes
884 2608 1086 2640 efficeremus.
1101 2606 1249 2648 quoniam
1262 2615 1332 2636 vero
1349 2603 1417 2645 ejus
1433 2601 1551 2644 ingenii
1566 2610 1633 2632 esse
1643 2606 1675 2630 te

210 2660 296 2697 novi,
314 2665 348 2690 ut
363 2661 455 2692 etiam
471 2661 539 2692 sine
554 2667 662 2694 nostra
673 2663 938 2694 demonstratione
950 2662 1030 2692 ultro
1045 2661 1085 2691 ad
1100 2660 1156 2691 illa
1167 2660 1208 2691 sis
1226 2658 1428 2700 profecturus,
1445 2657 1484 2687 ad
1496 2666 1566 2698 quae
1589 2662 1675 2684 nunc

209 2715 287 2745 trahi
305 2719 335 2746 te
352 2715 443 2752 dicis,
453 2714 618 2748 dimittam.
636 2726 707 2747 nam
719 2727 914 2758 supervacua
929 2716 1102 2758 disputatio
1113 2715 1182 2746 talis
1193 2717 1285 2746 esset.
1308 2713 1429 2743 Ponam
1442 2721 1513 2742 vero
1526 2708 1590 2745 illa,
1604 2717 1674 2750 quae

210 2775 318 2800 natura
328 2769 413 2811 gigni
425 2769 581 2807 dicuntur,
594 2775 658 2802 arte
671 2771 778 2802 divina
789 2771 854 2802 fieri
869 2782 877 2802 ι
896 2781 966 2812 quae
974 2775 1077 2801 autem
1092 2768 1184 2800 exhis
1194 2768 1233 2799 ab
1243 2766 1421 2798 hominibus
1432 2767 1674 2805 componuntur,

209 2823 365 2855 humana:
391 2829 485 2865 atque
510 2824 569 2854 hac
595 2824 714 2855 ratione
740 2825 804 2856 duo
831 2825 998 2856 effectricis
1024 2823 1180 2854 facultatis
1203 2831 1327 2863 genera,
1342 2821 1511 2850 humanum
1527 2815 1674 2846 videlicet

209 2883 242 2909 et
257 2878 410 2909 (livinum.
453 2877 540 2910 Tuss.
565 2877 728 2910 Praeclare.
774 2878 840 2910 Ηο.
866 2879 947 2910 Cum
969 2888 1040 2909 vero
1057 2878 1128 2908 dum
1151 2877 1212 2907 sint
1233 2881 1324 2911 artes,
1347 2879 1508 2913 utramque
1533 2868 1671 2899 bifariam

211 2931 328 2965 divide.
373 2931 459 2965 Tur-2.
485 2932 549 2970 Qui
563 2932 573 2963 ?
619 2932 684 2966 Ηο.
709 2933 986 2971 Quemadmodum
1012 2932 1110 2974 [260]
1135 2941 1181 2963 ars
1197 2929 1348 2962 effectrix*
1362 2926 1505 2958 universa
1529 2932 1583 2965 per
1600 2922 1671 2954 lati-
