1832 3256
190 248 243 286 ω
779 242 1044 283 PLATONIS
1549 247 1648 298 [266

189 359 270 390 opus
284 358 348 380 non
362 349 516 390 ingratum
530 345 623 379 fuerit
636 351 831 378 consecutus.
867 346 962 377 Pam.
986 346 1073 383 Quas
1088 343 1208 386 specics
1223 344 1324 377 dicis?
1370 346 1426 377 So.
1450 345 1495 378 Ut
1509 346 1539 378 in
1556 357 1651 379 unam

187 402 290 435 ideam
306 402 513 444 conspiciens,
536 400 649 442 passim
670 400 810 441 dispersa
832 399 1011 431 conducat:
1035 404 1099 440 qno
1119 398 1243 440 singula
1266 399 1430 437 definiens,
1451 401 1650 433 manifestum

189 457 300 488 reddat
314 466 435 497 semper
449 456 494 492 id,
509 456 548 486 de
564 465 627 496 quo
642 453 762 495 agitur:
788 453 1051 495 quemadmodum
1074 462 1132 484 nos
1147 451 1179 483 in
1196 454 1372 494 praesentia,
1395 454 1471 496 quid
1487 453 1586 485 Amor
1599 455 1651 493 sit,

188 509 398 550 definivimus,
427 509 493 540 sive
518 509 610 545 bene,
637 508 703 538 sive
732 507 812 538 male
837 507 868 537 id
895 507 1012 538 sactum
1039 506 1090 537 sit.
1137 505 1230 538 Certe
1252 507 1524 549 hinadisputatio
1547 512 1654 539 nostra

189 563 361 596 claritatem
377 563 456 594 inse
480 562 602 602 habuit,
618 565 881 602 constantemque
900 560 957 591 sibi
982 559 1044 601 ipsi
1059 560 1269 591 concordiam.
1313 560 1406 594 Ριυε.
1427 561 1566 593 Alteram
1583 572 1655 593 vero

189 617 326 659 speciem
341 627 434 659 quam
449 615 540 652 dicis,
562 626 581 646 o
597 615 738 646 Socrates
752 615 763 644 ?
808 615 862 645 So.
885 614 931 645 Ut
945 624 1047 645 rursus
1070 614 1242 645 secundum
1259 613 1381 656 species
1396 615 1579 646 articulatim
1595 625 1652 656 pro

188 681 289 702 rerum
317 675 427 701 natura
449 669 592 701 incidat:
631 679 735 710 neque
761 668 899 710 imperiti
922 667 1016 709 coqui
1041 668 1099 698 ritu
1128 667 1192 698 ulla
1219 669 1356 699 membra
1380 668 1568 710 confringat,
1595 669 1653 701 ned

188 725 319 766 perinde
341 724 449 765 faciat,
472 728 510 754 ut
533 723 704 765 superiores
730 732 886 753 sermones
910 722 1063 758 fecerunt,
1090 721 1144 763 qui
1167 722 1408 754 concitationem
1431 722 1544 754 mentis
1557 733 1652 754 unam

188 788 385 810 communem
409 777 548 819 speciem
573 780 772 818 acceperunt.
817 775 1091 812 Quemadmodum
1119 785 1192 806 vero
1215 775 1249 806 in
1276 786 1340 807 uno
1366 786 1496 818 corpore
1516 777 1654 808 membra

188 831 313 873 gemina
326 832 437 862 eodem
451 831 578 862 nomine
594 835 825 872 nuncupantur,
843 829 940 871 [266]
964 829 1104 860 dextrum
1131 839 1240 871 unum,
1259 829 1415 861 sinistrum
1434 830 1592 862 alterume
1609 830 1655 862 sie

188 890 222 917 et
235 881 453 917 concitationis
468 884 605 926 speciem
620 884 653 915 in
668 884 759 915 nobis
773 889 884 914 natura
899 893 991 913 unam
1007 893 1164 914 sermones
1179 883 1223 914 illi
1239 883 1505 915 existimaverunt.
1523 888 1558 915 et
1571 883 1656 926 prior

185 938 241 970 ille
256 939 381 980 quidem
397 943 515 980 partem
540 937 692 968 sinistram
709 937 867 975 dividens,
890 947 928 968 ac
943 947 1044 967 rursus
1060 937 1141 968 hanc
1165 937 1314 978 partiens,
1338 947 1402 968 non
1421 937 1508 979 prius
1522 937 1656 975 destitit,

186 1002 280 1034 quam
294 991 338 1023 ibi
351 991 507 1022 sinistrum
522 991 678 1032 quendam
689 991 836 1031 reperiret
851 990 1011 1031 Amorem,
1025 990 1264 1033 inventumque,
1277 995 1311 1021 ut
1321 1001 1376 1032 par
1386 996 1445 1028 est,
1455 991 1655 1033 improbaret.

186 1056 319 1087 sequens
342 1045 420 1076 alter
443 1044 475 1075 in
499 1045 638 1076 dextram
663 1044 773 1075 furoris
798 1048 915 1085 partem
941 1054 1000 1074 nos
1026 1043 1128 1084 duxit,
1154 1044 1208 1074 ubi
1234 1043 1395 1082 Amorem,
1417 1044 1544 1076 nomine
1560 1044 1654 1086 priori

187 1099 331 1140 similem,
355 1099 411 1130 sed
434 1097 574 1128 divinum
601 1097 776 1137 inveniens,
798 1101 831 1128 et:
853 1096 1061 1138 amplificans,
1076 1097 1218 1128 laudavit
1232 1102 1381 1139 tanquam
1396 1099 1547 1130 bonorum
1561 1098 1653 1130 nobis

186 1163 312 1184 cansam
337 1152 552 1182 maximorum.
605 1150 699 1183 Pnae.
735 1149 907 1181 Verissima
931 1150 1079 1192 loqueris.
1135 1151 1191 1183 So.
1230 1150 1350 1182 Harum
1374 1162 1434 1193 ego
1461 1151 1652 1184 divisionum

186 1206 483 1247 collectionumque,
498 1215 516 1235 o
529 1204 673 1243 Phaedre,
688 1203 806 1235 amicus
821 1214 901 1241 sum,
916 1208 954 1234 ut
968 1208 1001 1235 et
1014 1203 1225 1246 intelligendi,
1240 1209 1273 1235 et
1283 1204 1433 1246 loquendi
1443 1205 1500 1237 sim
1512 1215 1654 1247 compos.

187 1260 238 1292 Ac
253 1259 280 1291 si
294 1269 386 1302 quem
401 1258 496 1290 alium
513 1268 603 1300 posse
618 1257 747 1288 arbitror
762 1262 827 1288 tum
843 1258 883 1288 ad
899 1268 994 1288 unum
1010 1261 1075 1289 tum
1091 1258 1131 1288 ad
1157 1257 1252 1289 multa
1268 1268 1325 1300 pro
1347 1268 1447 1290 rerum
1471 1263 1583 1290 natura
1604 1269 1653 1291 re·

187 1312 421 1355 spicere,hujus
433 1322 453 1343 a
466 1317 552 1353 tergo
563 1317 711 1354 tanquam
723 1311 776 1342 dei
791 1311 923 1353 vestigia
937 1321 1062 1354 sequor.
1082 1316 1177 1353 atque
1192 1321 1257 1348 eos,
1273 1312 1328 1354 qui
1341 1311 1377 1343 id
1392 1312 1494 1344 facere
1509 1318 1653 1354 possunt,

187 1372 313 1399 rectene
328 1377 410 1398 anne
424 1371 533 1398 contra
547 1365 777 1407 cognominem,
793 1365 883 1397 Deus
898 1365 968 1407 ipse
991 1365 1091 1397 novit.
1136 1375 1215 1397 voco
1230 1370 1334 1397 autem
1357 1366 1508 1398 hactenus
1522 1365 1652 1399 Dialec-

189 1421 282 1453 ticos.
325 1420 358 1452 N
361 1430 422 1451 unc
435 1430 508 1451 vcro
523 1420 587 1460 dic,
603 1420 744 1460 obsecro,
759 1430 823 1461 quo
839 1418 966 1468 nomine
982 1430 1037 1461 pro
1053 1424 1108 1450 tua
1129 1419 1296 1463 Lysiaeque
1309 1420 1467 1451 sententia
1480 1421 1655 1463 nuncupari

190 1479 344 1517 oporteat.
389 1474 439 1505 An
455 1475 522 1505 haec
537 1473 665 1505 dicendi
680 1483 728 1504 ars
742 1478 801 1513 est,
817 1484 880 1515 qua
893 1473 1142 1515 Thrasymachus
1158 1473 1275 1515 aliique
1289 1473 1350 1511 usi,
1365 1474 1524 1516 sapientes
1538 1479 1570 1506 et
1591 1474 1654 1516 ipsi

142 1526 149 1528 “
189 1529 223 1560 ὶιι
248 1528 383 1560 dicendo
407 1528 545 1568 fuerunt,
571 1532 752 1569 ceterosque
778 1528 916 1558 reddunt
938 1527 1028 1568 tales,
1050 1527 1106 1569 qui
1130 1526 1203 1565 illis,
1230 1533 1378 1570 tanquam
1393 1528 1527 1570 regibus,
1543 1528 1653 1560 offerre

189 1593 318 1614 munera
339 1581 473 1613 volunt?
518 1573 612 1614 Pria-2.
635 1580 730 1623 Regii
754 1580 882 1623 quidem
905 1580 951 1612 illi
967 1580 1037 1621 viri,
1051 1591 1114 1612 non
1131 1586 1234 1612 tamen
1251 1591 1355 1613 earum
1370 1592 1470 1613 rerum
1487 1581 1590 1624 periti,
1612 1582 1654 1614 de

189 1637 302 1679 quibus
325 1636 506 1677 interrogas.
550 1635 614 1667 Sed
639 1636 719 1667 hanc
745 1635 882 1677 speciem
907 1640 990 1666 recte
1014 1645 1089 1666 sane
1104 1635 1313 1667 Dialecticam
1330 1635 1490 1677 appellare
1515 1635 1652 1668 videris:

187 1690 340 1722 rhetorica
353 1701 424 1721 vero
439 1690 541 1721 adhuc
556 1700 614 1721 nos
628 1689 721 1731 fugit.
766 1690 820 1721 So.
843 1689 1012 1727 Quomodo
1028 1689 1112 1720 istud
1128 1689 1197 1721 ais?
1231 1690 1441 1721 Pulchrumne
1453 1689 1569 1732 aliquid
1582 1689 1655 1727 erit.

189 1745 274 1786 quod
290 1745 329 1775 ab
349 1744 388 1775 iis
409 1743 558 1784 alienum,
580 1749 645 1775 arte
667 1749 771 1775 tamen
791 1743 1004 1785 percipiatur?
1048 1744 1291 1786 haudquaquam
1312 1744 1522 1786 spernendum
1544 1743 1580 1775 id
1594 1743 1654 1776 tibi

188 1798 329 1840 mihique
356 1803 415 1834 est,
445 1798 500 1828 sed
528 1798 708 1834 dicendum,
735 1797 810 1839 quid
839 1798 880 1828 sit
906 1797 1059 1840 reliquum
1088 1798 1121 1828 in
1150 1798 1312 1829 rhetorica.
1355 1797 1450 1830 Puae.
1481 1797 1655 1836 Permulta,

190 1863 211 1884 o
236 1853 391 1894 Socrates,
412 1851 446 1882 in
472 1851 569 1891 libris,
592 1851 633 1882 de
659 1857 725 1882 arte
751 1851 880 1882 dicendi
904 1851 1098 1892 compositis,
1114 1852 1238 1884 tradita.
1283 1852 1336 1883 So.
1359 1851 1546 1893 Opportune
1567 1862 1653 1884 com-

189 1905 377 1938 memorasti.
423 1904 612 1936 Prooemium
637 1904 767 1936 arbitror
790 1904 919 1946 primam
945 1904 1093 1935 orationis
1118 1910 1237 1946 partem
1260 1915 1328 1936 esse
1340 1905 1533 1945 gvocandam.
1577 1905 1654 1937 talia

187 1961 331 2003 quaedam
346 1958 470 2000 egregia
483 1958 540 1989 illa
553 1964 734 1990 ornamenta
748 1954 1000 2000 artisappellas?
1035 1958 1129 1990 Pam.
1152 1958 1243 1991 Sane.
1273 1959 1329 1991 So.
1350 1958 1499 2001 Sequitur
1511 1960 1651 1991 secundo

188 2014 260 2046 loco
284 2012 430 2051 narratio,
451 2012 760 2054 testimoniorumque
786 2013 936 2044 assertio:
962 2012 1065 2050 tertio,
1090 2011 1300 2054 conjecturae:
1325 2017 1446 2055 quarto,
1462 2012 1652 2046 verisimilia.

186 2067 402 2110 probationem
418 2077 543 2109 quoque
559 2072 593 2111 et
606 2067 875 2108 approbationem,
891 2072 926 2098 ut
936 2066 1075 2104 arbitror,
1088 2067 1225 2109 optimus
1237 2067 1409 2098 orationum
1422 2066 1508 2098 faber
1522 2067 1651 2110 Byzan-

186 2121 249 2153 tius
270 2121 318 2153 vir
338 2120 473 2152 induxit.
517 2120 610 2153 Pam.
634 2120 790 2151 Eximium
815 2121 894 2152 dicis
919 2121 1144 2152 Theodorum?
1188 2121 1246 2153 So.
1271 2120 1439 2162 Equidem.
1483 2121 1534 2153 hie
1557 2121 1650 2153 etiarn

185 2176 319 2212 invenit,
334 2185 396 2217 quo
412 2179 506 2216 pacto
519 2174 553 2205 in
569 2175 768 2206 accusatione
784 2180 817 2206 et
831 2174 1015 2206 defensione
1039 2174 1118 2215 fieri,
1132 2179 1165 2205 et
1186 2173 1335 2215 geminari
1351 2175 1528 2216 redargutio
1542 2175 1652 2217 possit.

186 2230 283 2272 [267]
301 2228 466 2270 Egregium
482 2234 586 2259 autem
602 2228 699 2259 virum
715 2228 859 2259 Euenum
875 2227 1002 2259 Parium
1017 2239 1071 2259 cur
1085 2228 1118 2258 in
1134 2228 1270 2259 medium
1286 2238 1349 2258 non
1365 2229 1574 2260 adducimus?
1597 2229 1653 2272 qui

186 2282 469 2314 subdeclarationes
484 2282 599 2322 primus
621 2282 755 2319 invenit,
777 2281 1025 2313 collaudationcs
1044 2286 1204 2321 praeterea.
1247 2291 1306 2312 nec
1323 2282 1447 2319 desunt,
1464 2282 1518 2323 qui
1532 2283 1654 2326 dicant,

184 2336 427 2378 vituperationes
439 2334 617 2376 hujusmodi
640 2336 789 2377 quasdam
814 2335 1001 2366 carminibus
1022 2334 1176 2365 memorie
1197 2334 1296 2375 gratia
1316 2334 1405 2366 illum
1421 2335 1563 2369 inserere.
1606 2338 1653 2369 vir

184 2391 270 2423 enim
284 2389 409 2431 sapiens
424 2393 482 2420 est.
527 2388 654 2430 Lysiam
674 2398 747 2419 vero
771 2387 983 2430 Gorgiamque
1002 2387 1104 2419 valere
1125 2387 1272 2425 sinemus,
1292 2388 1347 2430 qui
1371 2388 1547 2421 verisimilia
1571 2391 1652 2423 veris

185 2447 444 2487 anteposuerunt,
459 2452 495 2473 ac
511 2442 540 2472 vi
551 2441 699 2473 orationis
709 2442 862 2482 efficiunt,
870 2447 906 2472 ut
917 2452 1011 2484 parva
1022 2452 1090 2473 esse
1099 2452 1223 2483 magna,
1235 2446 1269 2472 et
1277 2452 1389 2484 magna
1397 2442 1530 2474 vicissim
1543 2454 1651 2486 parva,

185 2503 291 2531 vetera
304 2498 380 2529 item
395 2505 489 2533 nova,
504 2501 536 2527 et
548 2494 715 2526 novissima
730 2500 835 2527 vetera
851 2495 1024 2527 videantur.
1063 2496 1254 2528 Brevitatem
1270 2506 1397 2538 quoque
1412 2496 1561 2539 loquendi
1575 2508 1653 2530 con·

183 2552 293 2594 cisam,
305 2560 470 2592 rursusque
485 2549 636 2580 infinitam
653 2549 812 2580 verborum
830 2549 1038 2591 prolixitatem
1060 2549 1297 2583 adinvenerunt.
1341 2550 1422 2587 Qua:
1437 2561 1508 2583 cum
1523 2551 1597 2583 olim
1613 2564 1651 2585 ex

184 2617 235 2639 me
257 2605 379 2638 audiret
399 2603 564 2642 Prodicus,
589 2603 667 2640 risit,
695 2613 791 2645 seque
816 2603 915 2641 solum
941 2603 1099 2636 invenisse
1119 2604 1260 2644 asseruit,
1285 2604 1398 2646 quibus
1413 2605 1512 2636 verbis
1526 2616 1574 2637 ars
1595 2606 1652 2638 illa

181 2660 334 2702 indigeat.
377 2668 468 2699 egere
482 2661 586 2688 autem
600 2667 702 2698 neque
719 2657 841 2699 paucis,
884 2667 988 2699 neque
1003 2657 1122 2695 multis,
1143 2658 1198 2689 sed
1215 2658 1434 2690 mediocribus.
1479 2659 1572 2691 Pam.
1593 2659 1650 2691 Sa·

183 2712 377 2757 pientissime
391 2709 590 2753 respondisti,
615 2711 762 2743 Prodice.
806 2711 861 2742 So.
883 2710 1036 2754 Hippiam
1058 2722 1129 2743 vero
1148 2722 1344 2753 nequaquam
1362 2722 1651 2746 commemoramus.

183 2767 313 2800 arbitror
325 2766 420 2802 enim,
435 2775 505 2796 cum
532 2764 600 2806 ipso
616 2764 773 2797 Eliensem
800 2775 927 2807 quoque
950 2765 1105 2808 hospitem
1133 2766 1319 2799 consentire.
1363 2766 1456 2798 Pus.
1481 2766 1546 2798 Cur
1559 2767 1648 2798 non?

181 2822 237 2854 So.
259 2819 347 2858 Quid
362 2829 452 2862 porro
467 2819 508 2850 de
524 2819 639 2850 musica
654 2819 723 2850 Poli
739 2819 952 2851 concinnitate
966 2820 1128 2852 dicemus?
1145 2820 1198 2861 qui
1215 2820 1456 2862 geminationem
1469 2820 1646 2862 verborum,

179 2876 320 2917 insignes
333 2872 515 2913 sententias,
528 2873 788 2915 comparationes,
805 2873 1090 2916 similitudinesque
1113 2874 1240 2911 invexit,
1263 2874 1485 2916 nominumque
1500 2885 1589 2906 usum
1605 2876 1644 2906 ad

181 2928 328 2962 orationis
343 2927 553 2971 splendorem,
569 2932 661 2970 prout
675 2937 694 2959 a
708 2927 918 2970 Licymnione
933 2928 1055 2962 didicit.
1100 2928 1194 2961 Puae.
1218 2928 1395 2971 Protagora·
1408 2932 1511 2960 autem
1527 2927 1643 2971 scripta
