1846 3268
222 261 298 302 126
823 259 1090 301 PLATONis
1228 255 1244 266 “
1596 260 1695 315 [160

218 376 317 398 unum
331 365 392 398 illis
408 364 500 404 inest,
515 365 668 408 siquidem
685 374 748 396 uno
764 374 888 406 prorsus
902 365 1076 397 orbantur.'
1107 365 1159 398 Sic
1174 370 1234 398 est.
1278 365 1392 408 Itaque
1414 375 1474 397 nec
1489 363 1612 401 similia,
1635 373 1693 395 ne-

218 431 282 464 que
296 420 470 458 dissimilia,
484 431 544 452 nec
560 420 671 452 eadem
687 425 762 450 sunt
775 418 838 450 alia
849 419 916 455 uni,
929 428 1034 462 neque
1045 420 1107 452 illis
1122 420 1294 452 similitudo
1310 431 1347 452 ac
1361 419 1584 452 dissimilitudo
1599 418 1696 451 inest.

217 475 345 506 sienim
368 475 483 506 similia
504 479 598 517 atque
617 473 781 505 dissimilia
803 473 872 515 ipsa
894 478 1011 515 essent,
1035 485 1072 505 ex
1095 485 1134 506 eo
1157 475 1243 517 quod
1265 475 1300 506 in
1315 485 1348 506 se
1362 474 1439 517 ipsis
1452 471 1692 506 similitudinem

216 528 568 571 dissimilitudinemque
592 528 756 570 haberent,
776 527 855 558 duas
877 527 988 569 ntique
1011 528 1182 560 contrarias
1208 529 1344 561 invicem
1371 529 1492 571 species
1519 527 1589 569 ipsa
1612 526 1692 564 alia,

218 593 313 626 quam
328 593 438 625 unum,
451 583 484 614 in
505 593 538 614 se
561 582 639 625 ipsis
651 582 965 623 comprehenderent.
1009 580 1164 624 Apparet.
1209 583 1292 615 Fieri
1316 588 1422 615 tamen
1436 593 1500 615 non
1517 586 1634 624 potest,
1653 584 1691 612 ut

220 648 292 680 quas
312 637 401 669 nullo
420 636 627 679 participant,
646 637 712 668 duo
738 632 883 679 quaedam
911 636 944 668 in
966 646 999 668 se
1019 636 1096 678 ipsis
1119 638 1290 681 accipiant.
1333 637 1410 669 Non
1435 641 1532 669 certe.
1575 634 1693 677 Neque

219 702 295 734 ergo
310 691 434 732 similia,
448 701 554 734 neque
568 691 663 723 etiam
688 690 853 722 dissimilia
873 695 959 729 sunt,
981 701 1086 733 neque
1110 692 1224 734 pariter
1249 692 1354 725 ambo.
1377 691 1494 724 etenim
1517 690 1543 721 si
1563 689 1691 726 similia,

221 746 320 789 [160]
342 746 392 781 vel
408 745 572 778 dissimilia
586 746 660 784 sint,
677 756 740 777 una
754 746 891 788 quadam
906 745 1003 777 altera
1015 747 1121 789 specie
1138 747 1360 789 participarent
1373 757 1382 778 ς
1407 750 1442 777 et
1455 745 1480 777 si
1492 744 1597 781 ambo,
1611 743 1691 775 dua-

219 801 279 833 bus
289 801 477 843 quibnsdam
491 799 652 832 contrariis
667 800 845 842 speciebus.
868 800 936 831 haec
952 805 1057 831 autem
1071 801 1278 843 impossibilia
1293 811 1360 832 esse
1382 799 1496 842 patuit.
1538 797 1624 830 Vera
1638 796 1689 828 di·

218 855 277 888 cis.
320 853 403 901 Non·
411 854 506 897 igitur
520 854 644 892 eadem,
658 865 724 886 non
739 854 847 892 altera,
863 865 928 886 non
945 854 1075 897 agitata,
1091 866 1154 887 non
1169 856 1288 898 quieta,
1300 866 1364 886 non
1380 853 1524 895 orientia,
1537 862 1602 884 non
1617 861 1689 894 per·

221 909 341 950 euntia,
369 919 435 941 non
456 908 588 951 majora,
614 919 680 940 non
706 909 840 948 minora,
860 919 926 941 non
951 920 1055 952 aequa,
1075 920 1139 941 non
1159 910 1296 952 denique
1312 910 1396 941 aliud
1411 908 1583 951 quidquam
1598 905 1694 947 hujus

220 962 344 1007 generis
359 963 468 996 sortita
482 968 566 995 sunt.
589 973 661 994 nam
678 963 704 995 si
719 963 796 1005 quid
811 964 874 996 tale
887 965 1092 1007 susceperint,
1111 975 1309 1008 unoquoque
1324 969 1357 996 et
1371 963 1507 1000 duobus,
1532 967 1566 994 et
1579 961 1690 998 tribus,

220 1019 353 1062 parique
377 1022 415 1060 et
430 1017 541 1059 impari
568 1017 793 1060 participarent
811 1029 820 1050 ι
841 1029 972 1061 quorum
996 1019 1199 1062 participatio
1220 1020 1282 1051 illis
1297 1019 1394 1051 vetita
1414 1023 1464 1050 est
1480 1026 1546 1049 uno
1569 1025 1695 1058 prorsus

220 1072 411 1107 carentibus.
456 1071 627 1104 Verissima
654 1073 722 1104 haec
747 1077 831 1105 sunt.
876 1073 938 1110 His
963 1084 1037 1116 ergo
1063 1075 1104 1106 de
1127 1074 1241 1111 causis,
1267 1084 1365 1105 unum
1391 1072 1416 1103 si
1437 1076 1497 1110 est,
1520 1069 1627 1102 omnia
1645 1073 1696 1100 est

219 1138 331 1166 unum,
344 1132 377 1159 et
390 1126 469 1158 nihil
485 1131 544 1164 est,
559 1131 593 1158 et
607 1126 647 1158 ad
660 1137 694 1159 se
707 1126 823 1170 ipsum,
839 1132 935 1171 atque
951 1129 991 1160 ad
1007 1128 1067 1160 alia
1085 1129 1198 1161 eodem
1217 1129 1323 1160 modo.
1367 1125 1506 1158 Omnino
1526 1124 1572 1157 sic
1590 1134 1624 1156 se
1646 1133 1696 1155 res

219 1182 329 1214 habet.
375 1180 422 1213 At
436 1191 509 1212 vero
524 1181 550 1212 si
565 1192 663 1213 unum
689 1192 754 1213 non
778 1182 828 1220 sit,
850 1183 927 1225 quid
950 1183 1125 1226 contingat,
1148 1194 1254 1215 nonne
1276 1182 1409 1225 posthac
1430 1178 1694 1213 considerandum

220 1237 292 1270 est?
338 1235 624 1269 Considerandum.
669 1236 827 1274 Quaenam
850 1238 918 1269 haec
934 1238 1110 1280 suppositio
1125 1242 1186 1279 est,
1207 1238 1240 1269 Si
1255 1248 1352 1269 unum
1367 1246 1432 1267 non
1454 1234 1524 1266 est?
1547 1243 1622 1265 num
1639 1232 1698 1264 ali-

220 1302 285 1334 quo
301 1290 406 1323 differt
421 1291 460 1322 ab
475 1290 548 1332 ista,
572 1290 685 1322 Sinon
702 1302 799 1322 unum
822 1302 888 1322 non
911 1294 982 1324 est?
1027 1292 1146 1325 Differt
1168 1302 1255 1324 sane.
1298 1291 1386 1323 Num
1409 1288 1606 1322 solummodo
1629 1287 1695 1318 dif-

219 1346 292 1384 fert,
314 1345 364 1377 vel
376 1345 471 1377 etiam
487 1344 615 1376 omnino
635 1345 790 1377 contraria
811 1351 859 1376 est
880 1347 959 1383 haec,
983 1347 1016 1376 Si
1038 1356 1103 1377 non
1126 1357 1223 1377 unum
1246 1356 1310 1377 non
1335 1350 1395 1382 est,
1420 1345 1517 1386 illius,
1539 1343 1573 1374 Si
1595 1353 1693 1373 unum

219 1410 286 1432 non
310 1399 382 1431 est?
429 1398 595 1431 Contraria
622 1399 761 1430 omnino.
807 1399 897 1436 Quid
925 1399 1057 1430 autern?
1080 1400 1106 1430 si
1131 1399 1286 1442 quispiam
1313 1398 1436 1439 dixerit,
1457 1398 1492 1429 Si
1510 1396 1696 1439 magnitudo

220 1465 287 1486 non
299 1458 360 1494 est,
369 1452 419 1484 vel
435 1452 571 1494 parvitas
585 1462 650 1483 non
665 1456 723 1489 est,
738 1451 786 1483 vel
812 1452 899 1483 aliud
912 1451 1086 1495 quidquam
1103 1453 1299 1495 hujusmodi,
1321 1463 1428 1484 nonne
1443 1452 1476 1484 in
1492 1451 1624 1494 singulis
1639 1451 1696 1482 de-

220 1512 418 1545 monstraret,
442 1506 530 1548 quod
553 1506 641 1538 aliud
661 1507 813 1549 quiddam
837 1507 1024 1549 exprimeret
1050 1507 1153 1550 ipsum
1168 1518 1233 1539 non
1255 1508 1335 1539 ens?
1380 1507 1532 1539 Omnino.
1579 1505 1696 1537 Nonne

219 1563 317 1606 igitur
331 1572 417 1594 nunc
432 1560 582 1602 declarat,
598 1561 683 1603 quod
700 1561 831 1593 alterum
848 1561 1000 1603 quiddam
1017 1566 1128 1604 praeter
1143 1562 1205 1594 alia
1219 1561 1323 1604 ipsum
1337 1573 1401 1593 non
1417 1572 1474 1593 ens
1487 1560 1578 1598 dicit,
1593 1569 1695 1602 quan-

221 1618 265 1649 do
280 1616 372 1659 dicit,
395 1626 492 1647 unum
516 1616 541 1647 si
555 1625 627 1646 -non
649 1616 722 1647 est?
745 1620 779 1647 et
798 1616 1014 1658 intelligimus,
1035 1615 1113 1659 quid
1136 1616 1243 1648 dicat?
1288 1615 1510 1658 Intelligimns.
1555 1614 1695 1646 Primum

221 1672 318 1715 igitur
332 1670 464 1713 aliquid,
480 1670 570 1713 quod
586 1670 736 1712 cognosci
752 1674 870 1712 potest,
885 1671 1051 1713 exprimit:
1076 1670 1193 1703 deinde
1208 1671 1338 1703 alterum
1358 1681 1453 1713 quam
1468 1669 1540 1707 alia,
1565 1679 1638 1701 cum
1652 1667 1698 1700 ait

219 1737 332 1763 unum,
355 1725 421 1757 sive
436 1735 504 1757 esse
520 1724 568 1756 illi
593 1723 760 1766 adjiciens,
784 1725 850 1756 sive
875 1736 940 1757 non
961 1736 1040 1758 esse.
1065 1725 1270 1757 nihilominus
1291 1724 1504 1768 cognoscitur,
1525 1724 1602 1767 quid
1627 1732 1696 1754 non

221 1791 290 1812 esse
305 1779 440 1820 dicatur,
455 1779 604 1821 quodque
618 1779 768 1811 differens
785 1779 936 1822 quiddam
951 1785 998 1812 est
1013 1780 1052 1812 ab
1066 1779 1145 1812 aliis.
1168 1790 1210 1811 an
1225 1790 1289 1811 nou
1302 1780 1314 1811 ?
1358 1779 1510 1812 Necesse.
1554 1778 1595 1810 In
1609 1778 1696 1810 hunc

219 1835 330 1877 itaque
343 1834 472 1866 modum
487 1844 505 1864 a
520 1833 678 1876 principio
694 1833 879 1873 dicendum,
904 1834 1012 1866 Unum
1028 1834 1055 1866 si
1069 1845 1134 1866 non
1149 1840 1208 1873 est,
1223 1834 1300 1877 quid
1317 1845 1384 1866 esse
1398 1838 1535 1876 oportet.
1578 1833 1619 1864 In
1634 1832 1699 1874 pri-

221 1890 281 1921 mis
296 1890 403 1931 itaque
417 1888 478 1930 ipsi
494 1889 554 1920 hoc
569 1893 694 1930 oportet
709 1888 864 1927 accidere,
890 1894 925 1921 ut
940 1889 1076 1927 videtur,
1093 1900 1161 1922 esse
1177 1889 1325 1921 videlicet
1339 1889 1496 1931 quandam
1511 1887 1581 1930 ejus
1595 1886 1697 1919 scien-

221 1943 311 1982 tiam,
326 1947 382 1974 aut
394 1942 474 1974 nihil
489 1942 665 1984 intelligere
680 1952 750 1980 nos,
766 1943 843 1985 quid
860 1943 1014 1981 dicamus,
1031 1944 1158 1986 quando
1173 1941 1282 1976 Unum
1299 1943 1324 1974 si
1339 1953 1404 1975 non
1420 1947 1480 1985 est,
1494 1941 1695 1985 proferimus.
1727 1955 1731 1959 ·

221 1998 310 2031 Vera
332 1997 479 2040 loqueris.
524 1996 578 2028 An
593 2007 657 2028 non
672 2002 706 2028 et
719 1997 781 2028 alia
803 1998 901 2029 altera
923 2008 1005 2036 esse,
1027 2009 1121 2040 quam
1145 1998 1236 2036 illud,
1251 1998 1302 2030 vel
1326 2008 1430 2041 neque
1455 1997 1537 2029 illud
1563 1996 1699 2028 alterum

222 2063 317 2096 quam
332 2052 394 2085 alia
408 2051 595 2094 praedicari?
641 2052 796 2086 Maxime.
840 2052 925 2095 Ergo
945 2053 1108 2084 diversitas
1132 2064 1260 2096 quoque
1275 2058 1386 2096 praeter
1399 2052 1560 2084 scientiam
1575 2050 1621 2083 illi
1637 2051 1696 2082 ad-

221 2113 280 2142 est.
302 2117 407 2149 neque
422 2107 504 2138 enim
521 2106 653 2138 aliorum
666 2106 875 2139 diversitatem
893 2107 983 2146 dicit,
999 2108 1127 2151 quando
1141 2119 1239 2139 unum
1255 2108 1386 2140 alterum
1402 2117 1496 2150 quam
1512 2105 1575 2137 alia
1589 2108 1695 2143 vocat,

221 2163 279 2195 sed
302 2161 351 2194 sui
373 2161 472 2204 ipsius
494 2161 717 2193 diversitatem.
762 2162 917 2204 Apparet.
962 2161 1051 2199 Quin
1073 2162 1167 2194 etiam
1195 2162 1294 2205 ipsius
1315 2162 1411 2199 illius,
1433 2165 1468 2193 et
1495 2159 1642 2202 alicujus,
1664 2163 1700 2191 et

220 2216 329 2259 liujus,
345 2221 378 2248 et
391 2215 479 2257 huic,
495 2220 528 2247 et
541 2216 664 2254 horum,
681 2221 777 2258 atque
792 2217 931 2248 omnium
950 2216 1172 2259 hujuscemodi
1197 2217 1356 2259 particeps
1378 2215 1481 2258 ipsum
1496 2225 1560 2246 non
1575 2224 1632 2246 ens
1646 2213 1698 2245 di-

221 2271 315 2304 citur.
337 2280 441 2313 neque
457 2270 542 2302 enim
566 2281 664 2301 unum
688 2270 855 2308 diceretur,
871 2281 975 2314 neque
990 2272 1029 2302 ab
1044 2271 1099 2303 illo
1123 2272 1232 2308 altera,
1255 2282 1314 2303 nec
1336 2271 1384 2302 illi
1407 2270 1580 2312 quidquam
1600 2273 1698 2310 esset,

221 2336 282 2358 nec
302 2325 408 2356 illius:
432 2335 538 2367 neque
552 2324 674 2367 aliquid
690 2325 911 2366 appellaretur,
935 2325 996 2357 nisi
1010 2325 1167 2368 particeps
1182 2329 1264 2356 esset
1277 2324 1375 2367 ipsius
1389 2322 1536 2366 alicujus,
1562 2327 1597 2354 et
1610 2327 1697 2355 cete·-

220 2390 324 2412 rorum
350 2378 471 2410 talium.
517 2378 633 2411 Recte.
679 2379 758 2411 Esse
785 2384 890 2411 tamen
905 2390 1015 2418 unum,
1042 2379 1104 2411 nisi
1125 2379 1267 2420 exsistat,
1293 2377 1487 2420 impossibile
1510 2381 1578 2411 est:
1601 2376 1698 2418 parti-

204 2471 211 2479 ,
221 2434 328 2476 cipare
341 2443 414 2464 vero
430 2431 548 2471 multis,
565 2432 644 2464 nihil
660 2433 816 2475 prohibet.
840 2434 937 2477 [161]
961 2445 1067 2466 verum
1082 2444 1211 2466 necesse
1226 2438 1287 2475 est,
1302 2433 1328 2464 si
1342 2432 1470 2475 quidem
1482 2431 1587 2474 ipsum
1596 2441 1694 2463 unum

219 2488 302 2521 illud
318 2487 493 2525 dumtaxat,
520 2497 580 2519 nec
605 2487 692 2520 aliud
717 2498 782 2519 non
802 2494 861 2521 est.
907 2489 1004 2527 Quod
1024 2489 1051 2521 si
1076 2499 1135 2520 nec
1158 2498 1268 2526 uuum,
1291 2498 1351 2519 nec
1366 2487 1456 2525 illud,
1483 2495 1586 2528 neque
1601 2485 1696 2518 etiam

221 2543 292 2585 erit,
310 2542 366 2574 sed
381 2542 422 2574 de
438 2541 500 2573 alio
512 2542 650 2584 quodam
666 2552 766 2574 sermo
782 2543 926 2581 habetur,
941 2543 1020 2575 nihil
1036 2542 1231 2585 pronuntiari
1244 2546 1380 2585 oportet.
1404 2541 1452 2573 sin
1475 2546 1582 2572 autem
1598 2534 1695 2572 unuin

219 2596 301 2629 illud
328 2597 504 2634 dumtaxat,
527 2606 592 2628 non
615 2596 702 2628 aliud
726 2599 993 2641 praesuppositum
1008 2602 1056 2630 est
1071 2608 1135 2630 non
1151 2607 1231 2636 esse,
1249 2597 1351 2639 ipsius
1372 2595 1471 2634 illius,
1497 2595 1694 2637 aliorumque

220 2650 390 2683 multorum
401 2650 560 2694 particeps
574 2651 747 2683 dicendum
763 2657 822 2685 est.
866 2652 909 2685 Et
923 2652 1055 2685 maxime
1065 2652 1207 2696 quidem.
1252 2651 1462 2690 Quamobrem
1473 2648 1697 2682 dissimilitudo

220 2705 268 2737 illi
291 2710 340 2737 est
362 2706 403 2737 ad
428 2705 500 2736 alia.
523 2715 596 2737 nam
620 2716 692 2738 cum
714 2707 778 2739 alia
800 2707 898 2740 altera
926 2708 1002 2751 sint,
1026 2718 1122 2750 quam
1151 2717 1261 2745 unum,
1287 2710 1435 2738 extranea
1464 2714 1532 2736 esse
1555 2707 1692 2746 oportet.

221 2759 369 2802 Oportet.
413 2758 569 2791 Extranea
584 2770 657 2792 vero
673 2771 780 2793 nonne.
795 2762 922 2795 aliena?
968 2761 1113 2800 Quidni?
1159 2761 1278 2793 Aliena
1302 2765 1408 2793 autem
1433 2768 1539 2791 nonne
1553 2757 1693 2790 dissimi-

220 2814 288 2846 lia?
333 2812 508 2846 Dissimilia
533 2814 637 2856 plane.
681 2814 784 2858 Atqui
810 2816 837 2849 si
863 2817 918 2849 uni
942 2817 1104 2849 dissimilia
1126 2821 1210 2856 sunt,
1233 2814 1376 2848 dissimili
1401 2811 1565 2845 dissimilia
1588 2816 1697 2844 amnt.

221 2868 335 2902 Plane.
378 2868 492 2900 Aderit
511 2868 621 2912 itaque
646 2874 679 2901 et
705 2870 761 2902 uni
783 2871 1021 2910 dissimilitudo,
1046 2872 1221 2904 secundum
1246 2880 1342 2914 quam
1364 2868 1428 2901 alia
1448 2867 1512 2910 ipsi
1531 2866 1694 2899 dissimilia

223 2927 308 2955 sunt.
351 2921 497 2956 Videtur.
543 2923 585 2955 Et
599 2924 624 2955 si
641 2923 686 2955 illi
701 2924 923 2959 dissimilitudo
939 2927 980 2958 ad
996 2926 1058 2959 alia
1073 2926 1239 2970 competit,
1255 2934 1361 2956 nonne
1376 2923 1416 2955 ad
1432 2932 1465 2954 se
1486 2921 1589 2964 ipsum
1607 2919 1695 2954 simi-

222 2978 325 3012 litudo
351 2978 544 3012 conveniet?
589 2979 736 3017 Quonam
763 2981 880 3014 modo?
926 2981 960 3016 Si
984 2981 1037 3015 uni
1062 2981 1137 3016 insit
1162 2979 1383 3014 dissimilitudo
1408 2977 1447 3010 ad
1476 2987 1586 3016 unum»
1609 2976 1695 3009 lund
