1846 3268
165 292 264 344 405]
730 288 1028 330 GRATYLUS.
1542 289 1620 330 319

162 397 261 429 Nulla
284 395 446 434 mehercle,
469 394 624 427 Socrates.
667 393 723 426 So.
747 392 818 425 Hae
841 393 883 424 de
903 403 999 424 causa
1019 391 1200 430 dicendum,
1221 390 1447 434 Hermogenes,
1461 392 1618 425 neminem

164 452 226 484 huc
242 450 328 483 illinc
342 449 423 481 velle
447 449 568 486 reverti,
583 455 685 490 neque
700 447 796 480 etiam
811 447 933 479 Sirenes
948 447 1052 488 ipsas:
1076 445 1170 477 immo
1193 451 1226 477 et
1247 455 1299 478 eas
1318 450 1352 478 et
1369 450 1489 478 ceteros
1510 456 1620 478 omnes

162 504 349 536 mavissimis
375 502 518 535 Plutonis
543 502 735 534 orationibus
759 501 940 533 demulceri.
985 500 1117 542 Estque,
1139 505 1174 532 ut
1195 498 1274 531 ratio
1295 501 1363 532 haec
1378 503 1518 537 testatur,
1540 500 1619 531 deus

163 558 215 590 hio
237 557 375 600 sophista
396 556 503 599 procul
525 555 622 587 dubio
643 555 876 595 disertissimus,
897 559 930 586 et
950 554 1091 596 ingentia
1111 554 1233 586 confert
1253 554 1301 586 his
1322 552 1377 596 qui
1398 563 1495 596 penes
1515 553 1618 596 ipsum

164 611 306 643 habitant
318 610 492 643 beneficia:
515 611 568 652 qui
585 619 683 652 usqne
706 610 785 641 adeo
807 608 927 640 divitiis
949 607 1067 640 affatim
1088 608 1240 645 abundat,
1263 612 1299 638 ut
1321 612 1408 639 tanta
1429 607 1521 639 nobis
1536 607 1621 639 bona

160 664 353 707 suppeditet.
374 665 458 696 unde
482 669 515 696 et
538 664 655 695 Pluton
671 669 718 695 est
733 668 945 705 nuncupatus.
988 662 1039 693 An
1065 671 1127 693 non
1144 660 1324 704 philosophi
1339 661 1397 693 tibi
1419 661 1618 693 videturoffi·

163 719 259 757 cium,
276 719 362 761 quod
378 718 459 750 nolit
471 718 649 750 hominibus
663 727 792 759 corpora
807 717 993 748 habentibus
1006 715 1173 753 adhaerere,
1186 716 1241 747 sed
1254 721 1328 747 tunc
1339 716 1464 747 demum
1477 715 1623 747 admittat

162 783 229 813 eos,
250 782 320 805 cum
336 772 455 804 animus
471 771 592 803 illorum
619 776 667 803 est
690 770 787 813 [⁴04]
811 770 968 812 corporeis
991 769 1135 801 omnibus
1150 769 1238 800 malis
1259 768 1522 811 cupidinibusque
1546 778 1620 811 pur-

161 826 277 868 gatus?
298 825 487 868 excogitavit
501 835 613 866 nempe
633 824 684 856 hic
707 825 797 864 deus,
821 824 880 855 hac
902 824 1021 855 ratione
1044 833 1078 855 se
1102 822 1224 854 animos
1248 822 1380 854 maxime
1405 823 1618 864 detenturum,

164 880 190 912 si
205 880 392 911 virtutis-eos
406 879 555 910 aviditate
571 879 711 910 vinciret.
734 889 789 910 eos
803 882 920 914 autem,
935 877 987 919 qui
1003 882 1129 920 stupore
1144 882 1176 908 et
1190 876 1462 919 insaniaZcorporis
1476 882 1550 908 sunt
1570 877 1621 907 in-

161 934 250 977 fecti,
275 944 314 966 ne
338 939 427 976 pater
454 933 581 975 quidem
611 933 757 964 Plutonis
785 932 939 963 Saturnus
967 931 1036 974 ipse
1064 932 1128 962 suis
1151 931 1213 962 illis
1238 930 1371 962 vinculis
1396 930 1541 963 coercere
1566 940 1619 961 va·

164 988 242 1020 leret
265 997 433 1030 secumque
456 992 574 1021 tenere.
619 987 740 1019 Hnnm.
764 986 917 1018 Nonnihil
941 986 1027 1028 loqui
1050 985 1175 1024 videris,
1191 996 1210 1016 ο
1236 985 1390 1017 Socrates.
1434 985 1490 1016 So.
1512 985 1622 1027 Longe

165 1042 263 1079 abest,
289 1041 513 1083 Hermogenes,
538 1046 573 1072 ut
594 1051 708 1072 nomen
735 1041 836 1073 Hadia
860 1040 950 1083 quasi
973 1040 1062 1076 aidis,
1089 1041 1121 1072 id
1145 1044 1194 1072 est
1206 1040 1291 1072 triste
1310 1040 1558 1076 tenebrosumve,
1580 1039 1622 1071 sit

165 1095 307 1127 dictami
327 1095 423 1126 immo
438 1095 478 1127 ab
493 1106 531 1127 eo
547 1096 686 1132 trahitur,
701 1096 787 1137 quod
803 1099 850 1127 est
866 1094 980 1132 idcnae,
1003 1094 1034 1126 id
1050 1099 1098 1125 est
1112 1103 1203 1126 nosse
1225 1093 1329 1125 omnia
1344 1093 1483 1135 pulchra.
1505 1104 1542 1126 ex
1559 1094 1621 1127 hoc

165 1149 272 1192 itaque
286 1150 364 1181 deus
379 1149 437 1181 iste
451 1159 471 1181 a
484 1149 645 1181 nominum
661 1149 824 1182 conditore
839 1148 920 1180 Adis
935 1154 981 1180 est
997 1153 1214 1190 nuncupatus.
1256 1147 1378 1180 Herna.
1404 1147 1490 1181 Esto.
1535 1147 1623 1186 Quid

168 1208 317 1244 praeterea
331 1203 463 1235 dicimus
478 1204 518 1235 de
533 1203 653 1236 Cereris
667 1204 795 1235 nomine
809 1203 829 1236 J
833 1203 1020 1245 unonisque‚
1036 1201 1195 1244 Apollinis
1209 1206 1242 1233 et
1255 1202 1409 1233 Minervae
1427 1202 1624 1245 Vulcanique

165 1262 199 1289 et
214 1257 326 1289 Martis
341 1263 574 1299 ceterorumque
602 1258 730 1289 deorum
745 1257 757 1289 ‚³
801 1258 858 1289 So.
881 1257 976 1289 Ceres
998 1256 1125 1299 quidem
1140 1256 1275 1288 Dimiter
1287 1261 1486 1298 nuncupatur
1498 1256 1538 1287 ab
1551 1253 1623 1297 ipsa

165 1311 381 1343 alimentorum
396 1311 574 1353 largitione,
589 1311 678 1354 quasi
691 1312 805 1342 didusa
827 1311 928 1352 miter,
945 1311 1004 1343 hoc
1019 1316 1067 1342 est
1081 1310 1231 1342 exhibens
1246 1315 1354 1343 mater.
1399 1308 1461 1341 Era
1482 1320 1568 1348 vero,
1589 1310 1623 1341 id

162 1369 213 1396 est
225 1365 247 1398 J
250 1375 325 1402 uno,
339 1365 426 1406 quasi
442 1370 538 1402 erate.
556 1366 587 1396 id
604 1371 652 1397 est
666 1365 820 1402 amabilis,
835 1371 961 1407 propter
981 1375 1116 1396 amorem
1131 1375 1194 1406 quo
1210 1363 1335 1406 Jupiter
1349 1364 1380 1395 in
1395 1374 1463 1396 eam
1479 1363 1622 1397 afficitur.

166 1418 256 1449 Forte
269 1418 364 1449 etiam
379 1418 511 1450 sublime
527 1423 673 1460 spectans
687 1419 743 1461 qui
758 1419 819 1450 hoc
835 1428 948 1450 nomen
963 1417 1110 1456 instituit,
1125 1418 1228 1451 ae'rem
1244 1418 1335 1450 Eram
1351 1418 1576 1460 denominavit,
1591 1423 1625 1450 et

163 1472 293 1503 obscure
308 1471 430 1504 locutus
446 1477 506 1510 est,
523 1482 643 1514 ponens
656 1473 690 1504 in
707 1473 768 1504 fine
782 1473 969 1515 principium
984 1482 992 1505 ε
1009 1473 1094 1514 quod
1110 1473 1237 1515 quidem
1253 1473 1374 1515 patebit
1389 1473 1456 1511 tibi,
1471 1472 1498 1504 si
1507 1483 1622 1504 nornen

164 1524 241 1556 illud
264 1525 441 1567 frequenter
455 1526 714 1568 pronuntiaveris.
758 1526 1014 1569 Pherephattam,
1030 1526 1063 1558 id
1087 1533 1135 1557 est
1152 1527 1380 1568 Proserpinam,
1394 1532 1428 1559 et
1442 1526 1623 1569 Apollinem

161 1579 324 1613 nominare
348 1580 491 1611 nonnulli
518 1585 672 1619 verentur,
696 1586 861 1623 propterea
883 1581 969 1623 quod
996 1580 1057 1612 illis
1081 1581 1191 1623 ignota
1212 1586 1261 1612 est
1275 1581 1438 1612 nominum
1454 1580 1622 1614 rectitudo.

166 1633 323 1664 enimvero
339 1638 549 1674 permutantes
570 1634 817 1676 Phersophonen
833 1634 934 1676 ipsam
955 1634 1166 1673 considerant,
1189 1644 1343 1677 graveque
1358 1635 1390 1666 id
1407 1633 1624 1677 lllisssapparet.

165 1686 225 1718 hoc
252 1690 355 1718 autem
382 1687 452 1719 deae
477 1687 574 1730 ipsius
599 1688 785 1730 sapientiam
806 1689 940 1720 indicat.
960 1689 1115 1731 sapientia
1136 1689 1245 1730 utique
1266 1693 1316 1720 est
1336 1698 1407 1730 quae
1422 1698 1469 1720 res
1490 1689 1625 1720 fluentes

163 1740 289 1782 attingit
302 1745 336 1772 et
356 1741 479 1783 assequi
494 1746 609 1784 potest.
652 1742 863 1780 Quamobrem
887 1743 1094 1785 Pherepapha
1116 1743 1226 1774 merito
1242 1743 1303 1774 dea
1317 1743 1385 1774 baec
1400 1742 1623 1780 nominaretur,

167 1799 292 1836 propter
306 1795 487 1836 sapientiam
504 1800 537 1827 et
550 1797 707 1838 epaphen,
730 1796 762 1828 id
778 1802 826 1828 ent
837 1801 1031 1838 contactum,
1045 1796 1249 1839 pheromenu,
1265 1796 1299 1828 id
1314 1801 1362 1828 est
1375 1797 1444 1838 ejus
1466 1797 1551 1838 quod
1566 1797 1628 1828 t'er⁴

165 1851 226 1889 tur,
241 1848 290 1879 vel
306 1849 368 1880 tale
383 1848 514 1891 aliquid.
560 1849 718 1887 Quocirca
731 1850 869 1881 adhaeret
882 1849 932 1882 illi
946 1850 1072 1891 sapiens
1087 1849 1154 1892 ipse
1169 1849 1383 1892 Pluton‚quia
1396 1850 1465 1892 ipsa
1480 1851 1549 1882 talis
1564 1855 1624 1884 est.

168 1900 264 1933 Nunc
279 1906 383 1933 autem
398 1910 512 1934 nomen
527 1903 587 1935 hoc
604 1904 777 1946 declinant,
797 1902 894 1946 pluris
919 1903 1070 1936 facientes
1085 1904 1269 1946 prolationis
1290 1903 1418 1945 gratiam
1436 1914 1529 1947 quam
1543 1904 1626 1936 veri·

169 1960 278 1993 tatem,
294 1961 329 1987 ut
343 1955 586 1999 Pherephattam
609 1958 783 1990 nominent.
825 1957 914 1990 Idem
937 1968 1064 2000 quoque
1084 1959 1167 1990 circa
1189 1957 1347 2000 Apollinis
1368 1968 1484 1989 nomen
1499 1958 1627 1991 accidit.

168 2018 240 2040 nam
255 2009 396 2051 plerique
417 2010 450 2041 id
466 2020 578 2042 nomen
594 2012 772 2052 exhorrent,
793 2011 883 2053 quasi
905 2011 1040 2043 terribile
1061 2011 1183 2053 aliquid
1207 2021 1270 2053 prae
1291 2022 1325 2043 se
1340 2011 1430 2044 t'erat.
1452 2022 1491 2043 an
1514 2012 1625 2045 nosti?

165 2063 287 2094 Hnu.
311 2062 395 2095 Vera
409 2064 535 2105 penitus
555 2064 704 2107 loqueris.
747 2066 803 2097 So.
827 2065 900 2097 Hoc
923 2070 1040 2102 aurem,
1067 2070 1102 2096 ut
1124 2065 1264 2103 arbitror,
1290 2065 1384 2107 hujus
1405 2065 1458 2097 dei
1471 2067 1626 2108 potentias

165 2116 298 2148 maxime
312 2117 471 2149 convenit.
516 2117 639 2150 Hans«.
662 2118 736 2156 Qua
757 2119 901 2150 ratione?
947 2119 1003 2151 So.
1026 2117 1172 2152 Cenabor
1186 2119 1371 2151 sententiam
1397 2129 1498 2151 meam
1521 2122 1626 2164 expri-

165 2179 259 2202 mere-
302 2170 433 2202 Nullum
455 2172 596 2214 profecto
620 2172 718 2215 [405]
742 2183 857 2204 nomen
882 2172 967 2204 aliud
995 2182 1091 2204 unum
1115 2178 1251 2215 quatuor
1277 2173 1371 2214 hujus
1397 2173 1449 2205 dei
1474 2175 1625 2217 potentiis

165 2224 290 2266 reperiri
305 2225 543 2257 convenientius
556 2227 721 2268 potuisset,
736 2227 822 2269 quod
836 2233 870 2258 et
883 2227 1161 2269 comprehenderet
1175 2236 1295 2269 omnes,
1309 2232 1343 2259 et
1356 2227 1454 2270 ipsius
1469 2230 1624 2271 quodam-

168 2278 262 2311 modo
276 2278 446 2311 declararet
469 2280 629 2318 musicam,
643 2280 836 2319 vaticinium,
854 2281 1038 2313 medicinam
1054 2286 1087 2312 et
1111 2281 1278 2323 sagittandi
1302 2281 1455 2323 peritiam.
1500 2281 1624 2316 Hanni.

167 2331 300 2373 aperias
309 2331 389 2374 jam.
412 2332 521 2364 mirum
535 2333 686 2375 quiddam
702 2344 816 2366 nomen
830 2344 898 2366 esse
912 2334 944 2366 id
960 2335 1015 2368 ais.
1039 2335 1097 2366 So.
1117 2334 1264 2376 Congrue
1273 2335 1400 2377 quidem
1415 2337 1624 2378 compositum

163 2389 213 2416 est
226 2391 451 2428 censerintque,
465 2391 575 2428 utpote
589 2388 675 2429 quod
692 2388 731 2419 ad
748 2388 840 2420 deum
858 2388 993 2430 pertinet
1003 2389 1165 2422 musicum.
1209 2388 1370 2431 Principio
1384 2390 1526 2432 purgatio
1544 2391 1627 2433 puri·-

165 2436 388 2480 ficationesque
401 2445 434 2471 et
446 2440 618 2472 secundum
635 2441 823 2474 medicinam
846 2447 879 2474 et
894 2443 1067 2474 secundum
1089 2441 1282 2480 vaticinium.
1305 2442 1379 2474 item
1402 2454 1472 2486 quae
1487 2444 1627 2476 medico·

166 2500 233 2522 rum
257 2491 430 2532 phonascis
453 2499 654 2535 peraguntur,
667 2501 705 2526 ac
720 2500 827 2526 vatum
843 2495 1072 2527 incantationes
1094 2496 1364 2539 expiatkmesque,
1386 2497 1507 2529 lavacra
1527 2502 1561 2530 et
1575 2508 1625 2530 as-

170 2545 339 2586 persiones,
363 2554 459 2578 unum
484 2547 545 2579 huo
570 2547 751 2590 intendunt,
776 2559 886 2591 purum
913 2549 1070 2582 hominem
1095 2555 1128 2582 et
1156 2560 1284 2592 corpore
1307 2556 1340 2582 et
1364 2550 1468 2583 anima
1483 2552 1623 2584 reddere.

165 2598 294 2630 nonne?
339 2599 461 2632 Hem.
483 2600 535 2633 Sic
550 2602 689 2634 omniuo.
733 2603 790 2636 So.
809 2602 925 2635 Nonne
938 2604 1019 2635 deus
1042 2604 1098 2646 qui
1113 2610 1236 2646 purgat,
1259 2605 1329 2647 ipse
1350 2606 1409 2637 erit
1430 2606 1569 2648 apoluon
1592 2610 1626 2637 et

167 2652 322 2694 apol-yon,
334 2653 370 2684 id
385 2660 433 2685 est
446 2654 575 2687 abluens
589 2665 608 2686 a
621 2655 708 2687 malis
723 2656 908 2699 solvensque
921 2667 933 2689 :
954 2658 1042 2700 quod
1059 2657 1202 2699 Aponon
1215 2658 1284 2700 ipse
1300 2658 1480 2701 significat?
1503 2659 1627 2692 Hanni.

167 2706 296 2748 Absque
310 2706 420 2738 dubio.
461 2707 517 2739 So.
539 2708 704 2745 Quatenus
719 2710 824 2752 itaque
847 2711 942 2742 diluit
954 2716 1051 2753 atque
1070 2711 1178 2749 solvit,
1202 2717 1237 2743 ut
1251 2712 1359 2744 talium
1381 2713 1533 2751 medicus,
1548 2723 1625 2755 apo·

169 2761 246 2802 lyon
262 2760 370 2792 merito
386 2767 594 2803 nuncupatur.
639 2763 817 2795 Secundum
833 2775 906 2796 vero
920 2765 1146 2796 divinationem
1160 2775 1329 2808 verumque
1341 2771 1376 2797 et
1390 2766 1509 2809 aplum,
1523 2766 1556 2797 id
1580 2771 1628 2797 est

167 2813 311 2856 simplex,
334 2815 420 2857 quod
445 2815 529 2847 idem
554 2821 615 2854 est,
637 2821 720 2849 recte
744 2827 828 2850 more
853 2819 1100 2851 Thessalicorum
1123 2819 1282 2851 nominare
1297 2821 1380 2852 hunc
1398 2830 1571 2862 possumus.
1594 2820 1627 2851 hi

168 2878 281 2910 nempe
295 2878 402 2900 omnes
417 2869 509 2900 deum
527 2870 609 2902 hunc
625 2870 720 2912 apion
736 2877 860 2904 vocant.
904 2872 1068 2909 Quatenus
1090 2878 1193 2904 autem
1209 2873 1239 2905 ai
1254 2873 1369 2915 vallon,
1384 2873 1416 2904 id
1431 2879 1490 2910 est,
1505 2883 1629 2913 semper

167 2922 339 2962 jaculando
353 2933 438 2960 arcu,
465 2924 632 2956 vehemens
647 2930 706 2963 est,
722 2925 752 2956 ai
775 2926 877 2957 vallon
899 2926 962 2958 dici
983 2931 1098 2967 potest,
1121 2927 1181 2959 hoc
1206 2933 1254 2958 est
1275 2933 1443 2970 perpetuus
1461 2926 1627 2968 jaculator.

171 2974 348 3008 Secundum
366 2988 436 3010 vero
451 2977 599 3011 musicam
616 2979 655 3011 de
670 2980 730 3011 hoc
746 2984 794 3012 eat
810 2980 1022 3022 cogitandum,
1037 2981 1298 3024 quemadmodum
1311 2982 1351 3012 de
1364 2992 1401 3012 co
1415 2980 1498 3022 quod
1512 2978 1627 3012 dicitur
