1846 3268
230 285 308 331 370
839 283 1107 325 PLAToms
1137 284 1140 287 ·
1602 283 1697 337 [aar

230 394 374 436 nunquid
391 393 423 426 in
448 385 628 436 judiciaria,
645 395 794 432 tanquam
821 394 1027 431 spectatorem
1051 387 1232 430 quendam?
1257 396 1296 418 an
1313 386 1344 417 in
1366 384 1563 427 imperatoria
1588 384 1706 427 potius,

231 448 321 491 quasi
335 448 522 480 dominum?
567 447 620 478 So.
645 445 682 476 In
698 445 757 475 hac
784 443 852 485 ipsa
877 443 994 485 potius.
1040 441 1148 474 Hosr’.
1165 441 1355 473 Videndum
1381 443 1543 482 praeterea,
1557 439 1584 471 si
1605 448 1700 480 quam

231 502 431 544 imperatoria
445 500 679 533 distinctionem
695 497 845 530 admittit.
869 496 1006 538 mihique
1029 496 1073 527 ita
1088 496 1211 527 videtur
1226 507 1234 526 ε
1257 505 1321 537 quo
1336 494 1441 526 differt
1455 503 1558 535 caupo
1574 492 1614 524 ab
1636 491 1704 528 illo,

219 556 287 598 *qui
318 556 478 598 proprium
506 565 585 597 opus
614 553 737 590 vendit,
767 562 806 583 eo
831 562 884 583 rex
914 561 934 582 a
964 561 1122 593 praecone.
1166 550 1222 582 So.
1247 548 1548 587 Quemadmodum?
1592 545 1702 577 Hosn-

233 610 402 652 Caupones
414 609 544 641 aliorum
561 618 658 651 opera
672 606 758 650 prius
769 605 898 638 vendita
907 605 1128 646 suscipientes,
1139 604 1200 646 ipsi
1212 614 1313 635 rursus
1325 603 1478 635 vendunt.
1500 602 1559 636 So.
1573 601 1706 633 Verum.

234 665 342 696 Hesp.
366 664 463 695 Haud
491 673 580 695 secus
605 672 710 705 praeco
738 660 926 693 sententiam
942 658 1068 691 alterius
1091 658 1270 690 mandatam
1286 657 1358 695 sibi,
1380 657 1448 688 aliis
1475 656 1542 698 ipse
1564 655 1704 687 mandat.

234 719 289 749 So.
313 718 365 749 Sic
380 723 438 749 est.
470 717 590 751 ·Hosr’.
602 716 666 749 -An
682 714 881 748 miscebimus
897 713 1078 746 facultatem
1101 712 1217 755 regiam
1242 710 1513 754 interpretatoriae,
1527 714 1704 752 praecepto-

233 772 298 810 riae,
322 771 472 803 vaticinio
500 775 595 812 atque
624 769 785 813 praeconio
812 767 947 809 aliisque
974 766 1137 809 permultis
1163 765 1307 808 ejusdem
1336 764 1458 810 generis
1483 762 1611 801 artibus,
1631 772 1703 805 quae

234 825 356 857 cunctis
372 825 526 867 imperant
539 825 550 855 ?
573 834 613 855 an
629 824 674 855 vis
692 822 810 865 potius,
825 822 997 854 secundum
1013 820 1204 863 superiorem
1216 818 1479 862 comparationem
1495 827 1610 849 nomen
1624 827 1705 859 quo-

235 889 297 920 que
313 889 368 920 per
382 878 647 920 comparationem
663 877 801 918 aliquam
818 874 1042 912 machinemur,
1057 873 1313 917 qnandoquidem
1330 883 1428 915 genus
1442 882 1561 913 eorum,
1580 870 1635 913 qui
1650 879 1708 901 sua

236 932 295 973 ipsi
312 928 512 974 praecipiunt,
528 931 624 962 ferme
641 931 767 962 nornine
782 934 867 961 caret
881 939 889 961 :
915 935 1009 971 atquc
1032 928 1076 960 ita
1089 929 1158 960 haec
1175 927 1353 970 partiamur,
1376 931 1412 957 ut
1425 925 1544 968 regium
1559 935 1658 968 genus
1673 923 1707 955 in

235 997 340 1017 eorum
357 997 497 1023 numero,
513 985 569 1027 qui
585 995 641 1016 sua
657 976 819 1021 mandant,
833 994 998 1025 ponamus,
1009 982 1132 1014 omissis
1142 982 1211 1013 aliis
1222 981 1379 1022 omnibus,
1389 980 1503 1022 quibus
1513 978 1594 1010 alius
1605 978 1708 1021 quivis

236 1040 377 1081 nomina,
394 1045 428 1071 ut
442 1039 540 1081 lubet,
554 1038 720 1081 imponat?
738 1037 889 1080 principis
905 1037 1025 1079 quippe
1041 1036 1152 1078 gratia,
1167 1046 1230 1066 non
1247 1034 1377 1076 subditi,
1389 1043 1487 1065 sermo
1500 1032 1592 1064 nobis
1607 1031 1709 1074 [261]

236 1099 283 1125 est.
298 1094 469 1125 institutus.
513 1093 571 1126 So.
594 1093 733 1134 Nempe.
777 1091 888 1123 Hosp.
914 1091 1085 1132 Postquam
1101 1091 1162 1121 hoc
1179 1089 1253 1120 satis
1268 1089 1308 1119 ab
1323 1087 1384 1119 illis
1398 1092 1446 1118 est
1457 1086 1637 1118 diversitate
1659 1085 1711 1117 di-

237 1149 385 1180 stinctum
402 1149 441 1180 ad
459 1148 698 1190 proprietatem,
713 1156 816 1178 rursus
831 1146 915 1177 idem
942 1150 991 1176 est
1006 1145 1225 1184 dividendum,
1249 1143 1274 1174 si
1288 1153 1382 1185 quarn
1398 1141 1493 1173 modo
1509 1139 1711 1183 partitionem

236 1203 401 1234 cedentem
430 1203 519 1234 nobis
544 1203 577 1233 in
604 1202 673 1244 ipso
701 1201 921 1243 comperimus.
963 1200 1021 1232 So.
1045 1198 1161 1230 Valde.
1206 1197 1314 1230 Hosne.
1338 1196 1436 1238 Atqui
1462 1194 1594 1227 inveniri
1617 1203 1708 1236 posse

239 1257 373 1290 videtur.
399 1268 449 1288 me
465 1257 558 1299 igitur
575 1266 704 1299 sequere
719 1254 904 1287 dividendo.
948 1253 1002 1286 SO.
1026 1254 1100 1291 Quo
1116 1253 1246 1295 sequar?
1293 1251 1400 1283 Hosr.
1424 1249 1615 1291 Quicunque
1631 1258 1710 1290 pras-

238 1311 568 1353 sident-'imperandm
597 1309 807 1352 generationis
838 1308 1003 1351 cujusdam
1034 1307 1132 1350 gratia
1157 1308 1324 1349 imperant.
1369 1305 1426 1337 So.
1450 1304 1564 1336 Procul
1599 1302 1709 1335 dnbio.

240 1364 347 1397 How.
370 1365 495 1397 Etenim
523 1365 630 1407 genita
660 1365 766 1396 omnia
797 1363 938 1395 bifariam
969 1363 1076 1405 partiri
1102 1363 1186 1394 haud
1213 1362 1343 1393 multum
1373 1359 1511 1395 difficile.
1556 1358 1614 1390 So.
1632 1349 1711 1396 'Qua

240 1418 392 1454 ratione?v
430 1419 538 1451 Hosr‘.
562 1419 679 1451 Partim
703 1418 839 1450 animata
865 1422 949 1454 sunt,
966 1417 1076 1458 partim
1102 1417 1283 1448 inanimata.
1329 1414 1387 1447 So.
1411 1414 1556 1447 Constat.
1601 1411 1710 1444 How.

239 1471 272 1503 Si
298 1473 333 1504 in
361 1474 498 1505 membra
524 1475 590 1505 haec
617 1484 721 1505 secare
747 1472 962 1514 speculatricis
986 1471 1144 1504 facultatis
1161 1475 1279 1513 partem
1307 1468 1535 1511 imperatoriam
1556 1465 1710 1502 ¹volumus,

240 1536 392 1559 sccemuS.
435 1527 492 1559 So.
517 1527 555 1558 ln
579 1528 675 1570 quae?
723 1527 831 1558 Ilosr‘.
853 1527 931 1558 Pars
947 1525 1015 1567 ejus
1041 1526 1072 1557 in
1088 1524 1288 1567 generatione
1303 1523 1542 1555 inanimatorum
1566 1524 1713 1563 ponatur,

240 1591 311 1621 pars
337 1581 368 1611 in
394 1582 596 1628 generatione
612 1582 844 1613 animatorum:
867 1586 962 1622 atque
985 1580 1029 1611 ita
1044 1585 1143 1611 totum
1163 1579 1195 1610 in
1211 1579 1275 1610 duo
1290 1577 1455 1610 secabitur.
1499 1576 1556 1607 So.
1579 1573 1714 1606 Revera.

242 1635 348 1666 Hosr‘.
372 1635 498 1667 Partem
524 1646 618 1667 unam
646 1636 819 1678 mittamus,
843 1635 970 1667 alteram
998 1638 1209 1666 resumentes:
1233 1643 1365 1675 eamque
1391 1630 1566 1663 universam
1590 1629 1625 1660 in
1648 1628 1721 1666 duo.

240 1689 350 1720 iterum
378 1689 568 1723 dividamus.
614 1690 670 1722 So.
694 1690 804 1722 Utram
830 1689 952 1720 illarum
977 1689 1194 1720 resumendam
1223 1687 1354 1719 censes?
1400 1685 1506 1717 Hosr.
1528 1684 1620 1721 Eam,
1640 1693 1713 1725 quae

239 1743 322 1773 circa
333 1742 477 1774 animalia
490 1743 635 1785 imperat¹
658 1754 762 1785 neque
777 1743 860 1774 enim
872 1742 956 1784 regia
966 1742 1112 1783 majestas
1128 1753 1192 1772 non
1204 1741 1360 1778 animatis,
1375 1740 1472 1771 instar
1487 1738 1712 1773 architecturae.

243 1796 414 1838 praesidet;
439 1798 492 1829 sed
510 1798 691 1840 generosius
713 1797 944 1829 animantibus:
969 1796 1101 1839 ejusque
1125 1800 1263 1838 potestas
1287 1795 1370 1827 circa
1384 1794 1443 1826 ista
1463 1798 1610 1825 versatur.
1654 1791 1711 1823 So.

242 1851 385 1892 Optime.
432 1851 542 1884 Hosv.
566 1852 658 1884 Circa
674 1852 907 1894 generationem
922 1851 1188 1892 nutritionemque
1210 1849 1390 1882 animalium
1406 1858 1479 1881 cura
1493 1847 1610 1890 duplex
1627 1846 1714 1877 inve-

241 1904 347 1936 nitur:
374 1905 516 1936 animalis
532 1905 697 1948 cujusdam
721 1915 806 1938 una:
833 1905 934 1947 gregis
962 1905 1057 1936 totius
1079 1905 1187 1937 altera.
1234 1903 1291 1937 So.
1314 1903 1429 1936 Recte.
1473 1902 1583 1936 noar».
1605 1900 1716 1933 Civilis

245 1963 350 1989 autem
366 1969 429 1990 non
449 1959 604 2001 propriam
620 1970 725 1991 curam
741 1959 933 2002 aggreditur,
948 1959 1211 2000 quemadmodum
1228 1963 1339 1996 arator,
1356 1958 1410 2000 qui
1421 1959 1532 1989 bovem
1544 1956 1652 1999 agitat,
1664 1955 1714 1992 vel

243 2012 394 2051 minister,
410 2014 464 2053 qui
482 2013 591 2045 sternit
606 2024 722 2056 equum
736 2025 744 2045 :
761 2014 815 2045 scd
831 2013 915 2045 illius
931 2014 1030 2045 vicem
1053 2013 1144 2055 gerit,
1160 2013 1215 2055 qui
1232 2023 1329 2054 equos
1344 2019 1399 2044 aut
1415 2013 1509 2043 boves
1524 2009 1711 2053 paseit.vSo.

246 2066 364 2097 Verum
381 2076 449 2099 esse
464 2067 601 2108 videtur,
623 2069 709 2110 quod
725 2078 809 2100 nunc
835 2073 884 2099 cst
906 2067 1037 2099 dictum.
1084 2067 1187 2099 HosP.
1212 2067 1324 2099 Utrum
1350 2077 1388 2098 ex
1411 2065 1592 2097 animalium
1616 2063 1716 2095 nutri-

250 2120 339 2151 tione
355 2121 454 2160 illam,
471 2132 542 2163 qum
558 2122 708 2165 gregatim
725 2133 761 2154 ea
785 2123 892 2160 nutrit,
910 2122 1010 2164 gregis
1024 2121 1224 2153 nutritionem
1247 2132 1286 2152 an
1299 2130 1495 2152 communem
1511 2118 1714 2150 nutritionem

247 2176 416 2207 vocamus?
463 2176 519 2208 So.
541 2176 718 2218 Utrumque
741 2178 772 2208 in
789 2177 948 2219 loquendo
972 2175 1139 2218 contingit.
1184 2175 1293 2207 Hesp,
1315 2174 1460 2217 Egregie,
1483 2173 1638 2213 Socrates,
1653 2183 1716 2204 res-

247 2230 385 2272 pondisti
400 2242 407 2261 :
425 2240 462 2262 ac
477 2230 501 2261 si
518 2231 678 2262 verborum
695 2231 906 2263 curiositatem
925 2230 1050 2271 vitabis,
1063 2230 1177 2262 evades
1190 2230 1223 2262 in
1235 2234 1396 2262 senectute
1407 2228 1576 2261 admodum
1588 2228 1714 2270 sapien-

245 2283 316 2316 tior.
339 2283 446 2326 itaquc
461 2285 494 2317 in
511 2286 690 2327 praesentia,
707 2292 740 2317 ut
751 2285 859 2328 jubes,
875 2285 1042 2327 agendum.
1089 2285 1152 2316 Sed
1180 2284 1323 2326 nunquid
1339 2284 1438 2321 vides,
1457 2293 1521 2326 quo
1535 2288 1629 2326 pacto
1644 2282 1715 2326 quis

248 2338 350 2380 gregis
365 2339 568 2371 nutritionem
585 2341 740 2382 geminam
758 2341 926 2372 osteudens
943 2340 1070 2382 efficiar,
1087 2345 1121 2371 ut
1136 2340 1221 2382 quod
1238 2340 1270 2371 in
1286 2338 1392 2381 duplis
1403 2338 1443 2369 ad
1454 2338 1497 2376 id,
1514 2337 1612 2380 [262]
1629 2338 1714 2379 quod

246 2403 331 2424 nunc
346 2394 542 2435 propositum
557 2399 616 2431 est,
633 2395 883 2437 investigabitur,
897 2395 929 2426 in
952 2394 1090 2425 dimidiis
1107 2394 1216 2426 iterum
1240 2391 1459 2436 perquiratur?
1503 2391 1560 2424 So.
1583 2391 1718 2423 Annitar

246 2447 393 2489 equidem
411 2461 418 2478 ι
443 2454 476 2480 et
485 2449 552 2491 jam
570 2449 644 2481 milri
661 2451 795 2492 videtur,
811 2461 904 2482 unam
927 2459 1123 2481 communem
1140 2448 1314 2486 hominurn,
1329 2447 1457 2478 alteram
1474 2446 1632 2478 brutorum
1648 2457 1717 2479 esse

246 2502 434 2534 custodiam.
479 2503 588 2535 Hosr.
611 2504 762 2546 Prompte
779 2504 906 2536 omnino
922 2514 959 2536 ac
980 2503 1101 2534 fortiter
1122 2500 1305 2534 discrevisti.
1328 2502 1502 2533 cavendum
1528 2511 1585 2544 pro
1600 2500 1717 2533 viribus

248 2563 364 2594 tamen,
393 2568 432 2589 ne
459 2558 590 2600 posthac
614 2559 704 2590 nobis
730 2559 763 2590 id
790 2558 925 2591 accidat.
968 2558 1023 2591 So.
1046 2556 1133 2594 Quid
1157 2555 1331 2588 cavendum
1357 2556 1488 2588 mones?
1531 2555 1640 2589 Hosv.
1665 2555 1717 2588 Ne

247 2611 391 2653 exiguam
408 2622 501 2643 unam
518 2613 703 2654 particulam
720 2613 868 2645 adversus
883 2612 1003 2655 amplas
1016 2617 1049 2643 et
1060 2611 1206 2654 plurimas
1219 2621 1426 2648 secernamuS,
1438 2620 1540 2653 neque
1549 2609 1636 2653 illam
1648 2611 1718 2643 sine

247 2665 352 2707 specie
368 2667 528 2708 capiamus
543 2678 550 2698 ε
577 2668 630 2699 sed
648 2679 718 2710 pars
734 2668 788 2699 illa
803 2668 895 2699 simul
911 2666 1049 2710 speciem
1065 2666 1190 2698 habeat.
1215 2665 1454 2708 pulcherrimum
1469 2674 1616 2707 namque,
1628 2664 1716 2707 quod

247 2718 394 2761 quaeritur
419 2720 459 2751 ab
486 2720 556 2752 aliis
580 2722 684 2752 statim
708 2722 894 2759 discernere,
920 2721 945 2752 si
970 2720 1064 2752 modo
1089 2724 1171 2752 recte
1193 2719 1226 2751 id
1250 2719 1325 2751 liat:
1359 2718 1623 2761 quemadmodum
1647 2718 1716 2760 ipse

247 2772 344 2815 paulo
360 2778 433 2805 ante
449 2774 489 2805 de
504 2774 677 2807 dividendo
689 2775 849 2818 judicans,
865 2780 1002 2808 attamen
1019 2774 1159 2806 dividere
1172 2774 1358 2817 properasti,
1368 2783 1540 2806 sermonem
1549 2771 1717 2804 attendens

248 2826 287 2859 ad
305 2827 446 2859 homines
462 2828 686 2862 declinantem.
708 2836 846 2862 ceterum
862 2830 946 2862 baud
962 2829 1049 2871 satis,
1064 2829 1177 2867 amice,
1194 2834 1295 2860 tutum
1310 2833 1368 2865 est,
1382 2828 1422 2859 ad
1438 2832 1608 2859 extremum
1622 2825 1716 2868 quid·

249 2882 322 2912 dam
348 2887 383 2913 et·
408 2887 502 2914 tenue
528 2883 671 2925 protinus
695 2885 873 2919 adventare.
899 2890 1025 2927 praestat
1045 2890 1148 2915 autem
1176 2894 1232 2926 per
1246 2883 1349 2915 media
1364 2881 1508 2924 progredi
1533 2879 1718 2923 partiendo:

248 2936 292 2968 sic
308 2935 392 2967 enim
418 2936 540 2968 facilius
564 2938 737 2981 meliusque
763 2939 850 2971 ideas
876 2939 1065 2971 invenimus.
1090 2939 1150 2970 hoc
1176 2943 1281 2969 autern
1305 2937 1344 2968 ad
1363 2935 1427 2974 illa,
1444 2945 1514 2977 quas
1531 2935 1715 2978 perquirun-

249 2994 307 3029 tur,
340 2995 438 3023 totum
468 2990 569 3032 rct'crt.
616 2990 674 3028 So.
699 2991 771 3031 Qua
803 2994 921 3027 ratione
961 2994 994 3027 id
1033 2993 1089 3034 ais,
1121 2992 1271 3036 Hospes?
1317 2990 1425 3024 Hosr.
1450 2988 1638 3022 Cenandum
1671 2988 1722 3022 ob.
