1832 3256
223 206 274 246 48
815 203 1080 245 PLATOle
1585 210 1697 263 [32ss

224 322 295 348 vero
312 315 418 344 contra
434 309 547 344 bestias
571 308 760 340 truculentas
783 308 922 341 minime..
969 308 1078 341 Civilis
1101 319 1235 353 namque
1250 310 1382 353 peritiae‚
1407 311 1496 354 cnjus
1512 322 1582 354 pars
1595 323 1683 354 quae-

223 369 296 399 dam
311 370 359 398 est
373 374 420 397 res
435 363 586 401 militaris,
610 367 752 404 expertes
772 368 871 396 erant.
916 363 960 394 Ut
975 364 1069 406 igitur
1083 375 1117 396 se
1132 365 1278 397 adversus
1294 377 1361 398 eam
1378 371 1496 408 pestem
1516 365 1684 408 munirent,

222 421 346 454 structis
362 419 488 451 urbibus
502 417 683 459 congregati
697 422 780 448 sunt.
826 416 1017 460 Congregati
1031 423 1134 452 autem
1151 419 1284 451 invicem
1301 420 1538 462 injuriabantur,
1561 420 1682 463 quippe

223 475 280 518 qui
293 473 378 506 civili
392 478 457 504 arte
471 476 622 521 carerent.
645 480 740 512 quare
755 470 886 512 dispersi
901 471 1013 502 iterum
1029 482 1048 503 a
1059 472 1131 504 feris
1143 473 1366 506 lacerabantur.
1411 474 1530 506 Verum
1543 475 1564 507 J
1567 473 1682 516 upiter,

223 530 367 560 humanas
382 525 474 558 saluti
489 524 666 566 consulens,
688 523 880 555 Mercurium
906 524 1001 564 misit,
1026 526 1177 567 pudorem
1193 532 1226 558 et
1242 527 1397 569 justitiam
1412 527 1590 559 horninibus
1605 528 1681 560 affe-

221 587 353 619 rentem,
368 585 404 612 ut
415 581 479 611 duo
495 580 562 610 haec
576 578 720 610 civitates
733 583 878 622 ornarent
892 578 1162 622 devincirentque,
1186 585 1219 612 et
1239 586 1346 612 mutua
1361 582 1582 614 benevolentia
1595 583 1681 614 cives

223 635 439 669 conciliarent.
483 630 690 673 Interrogavit
703 641 777 673 ergo
798 631 988 674 Mercurius,
1012 643 1075 674 qua
1096 634 1278 666 conditione
1302 636 1452 677 pudorem
1475 640 1509 667 et
1524 635 1680 677 justitiam

223 689 402 721 hominibus
415 687 562 718 traderet.
606 685 718 718 Utrum
733 686 776 716 ita
791 686 872 727 hac,
895 691 930 717 ut
951 691 1044 729 artes,
1062 687 1205 720 distribui
1221 689 1351 731 debent,
1364 689 1469 732 inquit
1482 689 1658 722 Mercurius
1671 690 1684 721 ?

221 744 284 776 illae
307 742 462 785 siquidem
485 740 529 772 ita
550 739 722 771 distributas
745 744 830 778 sunt,
853 745 889 771 ut
908 750 989 771 unus
1009 741 1041 771 in
1064 747 1128 773 arte
1152 742 1316 774 medicinae
1339 743 1456 784 peritus
1479 753 1533 786 pro
1555 743 1683 775 rudibus

222 797 328 830 multis
343 796 487 833 sufficiat,
501 800 676 836 ceteraeque
699 793 851 826 similiter.
874 795 1028 837 numquid
1049 796 1094 827 ita
1115 797 1266 838 pudorem
1281 801 1315 828 et
1333 795 1488 838 justitiam
1503 797 1684 828 horninibus

221 852 328 884 dabo?
351 849 550 887 anomnibus
574 848 733 880 inseram?
778 847 944 886 Omnibus,
967 850 1130 892 respondit
1150 850 1294 892 Jupiter:
1319 861 1427 883 omnes
1447 850 1601 894 siquidem
1624 851 1682 883 lro-

221 917 288 938 rum
302 905 472 947 participes
487 913 555 935 esse
570 902 699 934 debent.
732 913 836 944 neque
851 903 934 934 enim
950 903 1093 936 civitates
1108 905 1179 936 ullae
1194 910 1384 942 constarent,
1410 905 1437 937 si
1451 906 1559 937 horum
1575 905 1683 947 pauci,

220 965 257 991 ut
272 960 381 991 artium
398 957 540 998 aliarum,
556 956 722 998 participes
744 962 859 988 essent.
903 957 1020 1000 Legem
1043 963 1194 1000 praeterea
1217 969 1287 990 meo
1310 959 1436 990 nornine
1460 959 1590 996 condas,
1616 969 1681 1001 qua

221 1012 363 1056 quisquis
378 1011 506 1042 omnino
525 1009 657 1052 justitiae
673 1011 864 1053 pudorisque
889 1017 937 1043 est
963 1022 1085 1054 expers,
1110 1018 1259 1055 tanquam
1274 1013 1408 1045 civitatis
1421 1013 1519 1056 pestis
1536 1013 1681 1056 qnaedam

219 1067 331 1100 ultimo
347 1065 498 1097 afficiatur
512 1064 683 1105 supplicio.
726 1064 796 1097 Hac
811 1066 852 1097 de
867 1075 972 1104 causa,
988 1077 1008 1098 ο
1023 1067 1178 1105 Socrates,
1194 1072 1258 1099 tarn
1273 1068 1327 1099 alii
1342 1077 1461 1108 omnes,
1471 1077 1564 1109 quarn
1579 1066 1682 1098 Athe·

218 1122 355 1156 nienses,
369 1118 493 1161 quoties
507 1117 548 1148 de
563 1116 781 1154 architectura,
795 1119 845 1149 vel
861 1119 922 1149 alio
937 1121 1074 1159 quodam
1091 1120 1230 1161 opificio,
1243 1131 1343 1151 sermo
1358 1126 1406 1152 est
1419 1121 1594 1161 habendus,
1605 1131 1682 1162 pau-

219 1185 274 1208 cos
290 1174 329 1205 ad
345 1171 515 1205 consilium
527 1169 700 1209 adhibent3
723 1175 844 1202 ceteros
855 1176 958 1202 autern
974 1172 1007 1208 in
1030 1173 1148 1203 artibus
1162 1174 1254 1204 rudes
1269 1174 1456 1214 excludunt,
1481 1179 1516 1204 ut
1531 1179 1564 1205 et
1578 1179 1612 1205 tu
1627 1175 1686 1215 sis,

219 1235 252 1262 et
267 1239 326 1271 ego
348 1226 500 1268 approbo.
543 1223 677 1261 Quoties
698 1228 803 1255 autem
827 1225 868 1256 de
888 1225 973 1256 civili
995 1226 1264 1257 administratione
1290 1226 1386 1257 initur
1407 1226 1591 1268 concilium,
1613 1236 1685 1269 quae

217 1284 317 1315 virtus
332 1278 536 1323 temperantia
552 1284 584 1309 et
595 1277 720 1320 justitia
734 1283 869 1316 constat,
880 1278 954 1319 jure
967 1289 1223 1323 unumquemque
1233 1280 1402 1311 admittunt
1416 1292 1423 1312 ε
1449 1280 1547 1323 [823]
1563 1281 1683 1323 quippe

217 1348 290 1370 curu
305 1339 448 1378 oporteat
462 1342 572 1364 omnes
586 1330 680 1372 hujus
694 1331 817 1363 virtutis
839 1342 906 1363 esse
929 1332 1111 1376 participes,
1133 1334 1275 1376 alioquin
1291 1334 1435 1366 civitates
1449 1334 1552 1366 nullas
1565 1334 1682 1366 consis-

216 1397 293 1423 tere.
338 1389 431 1430 Haec,
447 1398 466 1418 o
481 1387 636 1423 Socrates,
651 1385 720 1427 ejus
735 1386 775 1417 de
789 1397 852 1428 quo
875 1386 1078 1419 dubitabatur
1099 1393 1148 1419 est
1166 1398 1271 1421 causa.
1317 1389 1380 1420 Sed
1396 1399 1436 1420 ne
1451 1393 1482 1420 te
1496 1388 1602 1430 decipi
1617 1399 1684 1420 sus-

217 1444 342 1487 piceris,
367 1443 448 1473 hanc
463 1442 593 1482 insuper
607 1440 716 1481 accipe
737 1439 964 1482 conjecturam,
990 1443 1075 1484 quod
1100 1452 1208 1474 omnes
1225 1442 1367 1474 homines
1380 1448 1530 1474 censeant
1543 1443 1683 1485 singulos

215 1498 339 1530 virtutis
354 1496 448 1539 hujus
463 1495 576 1536 civilis,
590 1494 806 1537 temperantiae
820 1495 941 1527 scilieet
954 1501 987 1527 et
997 1495 1144 1538 justitiae,
1165 1501 1328 1538 compotes
1342 1507 1422 1528 esse.
1463 1497 1632 1528 Enimvero
1648 1497 1682 1527 in

215 1553 326 1586 ceteris
337 1549 551 1591 facultatibus,
577 1554 613 1580 ut
628 1553 662 1580 tu
676 1549 734 1586 ais,
748 1549 773 1580 si
789 1549 858 1591 quis
872 1560 905 1581 se
925 1549 1038 1591 jactet,
1051 1555 1128 1592 puta
1144 1551 1230 1592 quod
1247 1551 1286 1581 sit
1301 1551 1440 1592 optimus
1454 1550 1584 1588 tibicen,
1606 1561 1678 1582 cum

215 1612 321 1639 tamen
338 1606 370 1636 in
391 1606 451 1635 hoc
477 1603 547 1645 ipso
567 1602 609 1634 sit
630 1603 727 1640 rudis,
751 1604 917 1635 audientes
937 1604 1022 1636 hunc
1048 1605 1163 1642 rident,
1189 1605 1282 1647 eique
1305 1604 1432 1647 plurimi
1455 1604 1679 1647 indignantur:

212 1661 316 1703 ipsum
333 1668 459 1701 quoque
474 1656 642 1699 propinqui
655 1657 826 1688 admonent
847 1662 884 1688 ut
902 1657 1060 1700 insanum,
1082 1664 1115 1689 et
1137 1658 1314 1701 increpant.
1359 1659 1479 1690 Contra
1491 1669 1564 1690 vero
1586 1659 1619 1690 in
1635 1659 1679 1691 ci-

212 1714 269 1746 vili
285 1714 399 1745 virtute
410 1711 578 1754 contingit.
601 1721 673 1742 nam
689 1711 764 1742 licet
778 1712 879 1743 sciant
894 1712 991 1754 aliqui
1006 1713 1186 1755 quempiam
1202 1712 1355 1755 injustum
1372 1724 1452 1751 csse,
1467 1717 1570 1745 tamen
1586 1713 1612 1745 si
1628 1713 1679 1745 ille

213 1770 276 1800 hoc
302 1777 405 1799 coram
426 1765 638 1798 nescientibus
660 1765 806 1807 fateatur,
833 1766 968 1798 insanire
993 1778 1064 1798 eum
1090 1767 1282 1806 existimant,
1307 1778 1411 1810 neque
1428 1767 1680 1810 patefaciendam

214 1826 345 1855 censent
358 1820 570 1862 iniquitatem,
593 1819 688 1851 immo
711 1829 845 1862 semper,
868 1819 935 1851 sive
955 1821 1049 1862 adsit,
1076 1822 1140 1853 sive
1163 1832 1241 1863 non,
1259 1821 1415 1863 justitiam
1438 1823 1680 1854 osoenwndamz

215 1886 286 1908 eum
301 1885 387 1912 vero,
410 1874 463 1915 qui
485 1883 549 1904 non
566 1873 691 1903 simulat
711 1873 884 1913 justitiam,
910 1874 1063 1905 delirare:
1089 1879 1236 1917 tanquam
1259 1880 1403 1917 oporteat
1425 1885 1680 1918 unumquemque

213 1928 314 1963 civilis
327 1927 448 1958 virtutis
462 1926 695 1968 quodammodo
712 1926 897 1968 participem
913 1937 993 1964 esse,
1009 1928 1108 1958 velex
1123 1929 1283 1959 hominurn
1297 1934 1380 1960 coetu
1395 1929 1522 1971 vitaque
1536 1930 1679 1961 extermi-

212 1983 291 2015 nari.
334 1980 382 2012 Ex
393 1981 441 2011 his
456 1980 644 2012 sufficienter
658 1985 816 2011 ostensum
834 1985 925 2022 puto,
940 1981 1025 2022 quod
1041 1981 1151 2012 merito
1169 1981 1342 2023 quemlibet
1356 1982 1397 2013 de
1411 1993 1444 2013 re
1456 1982 1540 2014 civili
1553 1983 1679 2014 eonsul-

213 2042 312 2068 torem
336 2034 520 2075 admittunt,
546 2034 619 2076 quia
635 2034 755 2065 virtutis
778 2033 872 2076 liujus
895 2039 1075 2077 compotem
1101 2035 1274 2078 quemlibet
1291 2046 1360 2067 esse
1381 2041 1540 2067 censeant.
1583 2037 1681 2074 Quod

211 2095 318 2123 autem
333 2088 478 2120 virtutem
490 2098 594 2129 neque
607 2088 741 2125 innasci,
756 2098 859 2130 neque
875 2095 956 2120 sorte
967 2089 1150 2131 contingere
1166 2094 1293 2132 putent,
1304 2089 1360 2121 sed
1372 2090 1514 2121 doctrina
1527 2095 1561 2122 et
1573 2092 1678 2123 studio

213 2142 400 2185 comparari,
422 2141 573 2183 deinceps
595 2141 651 2172 tibi
676 2142 817 2174 conabor
838 2143 1015 2175 ostendere.
1060 2142 1091 2174 N
1097 2153 1166 2174 erno
1189 2144 1231 2175 ob
1245 2153 1283 2175 ea
1305 2143 1399 2180 mala,
1421 2154 1492 2186 quie
1505 2145 1554 2176 vel
1569 2150 1680 2177 natura

212 2198 264 2230 vel
279 2207 354 2230 casu
375 2196 442 2228 fieri
466 2201 569 2238 putat,
595 2202 759 2228 succenset
779 2197 874 2230 alicui
890 2197 938 2228 vel
961 2197 1120 2240 objurgat,
1141 2198 1187 2230 vel
1211 2198 1338 2238 edocet,
1351 2198 1402 2229 vel
1421 2198 1513 2240 punit
1534 2208 1602 2236 eos,
1623 2200 1679 2242 qui

212 2252 300 2286 hisce
316 2252 406 2284 malis
419 2256 612 2294 premuntur,
627 2262 668 2283 ne
684 2251 762 2283 tales
778 2251 841 2282 sint
858 2264 866 2283 ε
890 2252 945 2284 sed
960 2262 1069 2284 omnes
1090 2252 1198 2295 potius
1213 2252 1407 2294 miserantur,
1430 2263 1489 2284 ceu
1510 2252 1677 2291 deformes,

214 2316 340 2350 parvos,
356 2306 599 2337 valetudinarios
614 2305 768 2337 homines.
790 2315 864 2336 nam
880 2306 950 2348 quis
965 2307 1046 2338 adeo
1066 2307 1207 2344 demens,
1231 2311 1268 2337 nt
1289 2306 1348 2337 ista
1370 2306 1539 2348 corripiat?
1562 2307 1678 2339 intelli-

214 2366 295 2404 gurot
308 2371 395 2398 sane,
419 2365 454 2391 ut
474 2360 614 2397 arbitror,
637 2370 757 2397 omnes,
779 2360 847 2392 haec
871 2360 963 2398 mala,
985 2371 1154 2404 eorumque
1177 2360 1343 2398 contraria,
1365 2364 1476 2391 natura
1497 2360 1677 2392 bominibus

213 2415 402 2456 fortunaque
426 2413 603 2455 provenire.
647 2413 764 2445 Contra
779 2425 854 2446 vero
875 2425 947 2447 cum
963 2415 1046 2447 mala
1059 2415 1205 2457 quasdam
1221 2415 1329 2446 adesse
1345 2415 1491 2456 cuiquam
1506 2425 1544 2446 ex
1559 2415 1677 2453 studio,

214 2468 443 2502 consuetudine
457 2473 491 2499 et
503 2468 646 2500 doctrina
669 2468 860 2511 existimant,
884 2473 959 2501 tunc
980 2469 1197 2513 indignantur,
1219 2470 1391 2512 increpant,
1411 2474 1507 2511 atque
1529 2469 1677 2510 puniunt.

214 2533 252 2554 ex
267 2532 397 2564 quorum
413 2531 540 2552 nurnero
557 2526 604 2553 est
623 2522 786 2563 iniquitas,
810 2529 842 2555 et
856 2524 1015 2567 impietas,
1040 2534 1078 2556 ac
1099 2524 1275 2555 summatim
1298 2522 1454 2565 quidquid
1469 2523 1556 2555 civili
1570 2523 1678 2555 virtuti

213 2580 380 2618 repugnat.
404 2575 501 2617 [324]
524 2585 595 2618 quae
610 2576 728 2608 idcirco
743 2578 875 2619 quisque
890 2578 1004 2621 passim
1019 2578 1148 2609 damnat
1160 2582 1194 2609 et
1206 2577 1345 2619 corripit,
1369 2578 1455 2619 quod
1470 2577 1512 2610 de
1525 2577 1679 2610 industria

213 2634 309 2672 atque
324 2629 491 2672 disciplina
506 2635 568 2661 tam
583 2631 737 2662 contraria
752 2633 899 2673 pravitas,
919 2643 1014 2675 quam
1029 2632 1129 2665 civilis
1140 2632 1250 2674 virtus,
1269 2632 1427 2665 adveniat.
1471 2631 1504 2664 si
1518 2632 1602 2664 enim
1616 2642 1677 2674 pu·

213 2683 344 2717 nit-ionis
358 2683 564 2715 intentionem
581 2685 778 2717 considerare
794 2686 940 2726 volueris,
964 2687 1125 2728 Socrates,
1145 2697 1183 2718 ex
1205 2697 1244 2718 eo
1258 2697 1385 2729 quoque
1397 2686 1567 2728 intelliges,
1588 2685 1674 2728 quod

214 2738 358 2769 homines
371 2738 515 2769 virtutem
532 2739 637 2770 studio
652 2742 824 2782 comparari
839 2745 965 2782 putant.
1009 2741 1114 2773 Nemo
1129 2741 1211 2772 enim
1229 2740 1377 2783 proeteriti
1398 2740 1497 2782 gratia
1517 2739 1621 2780 punit,
1643 2744 1676 2771 et

214 2802 254 2824 ea
269 2797 372 2824 mente
385 2791 517 2834 injustos
531 2790 642 2835 affligit
656 2793 767 2835 poenis,
783 2794 855 2836 quia
872 2794 1012 2836 injuriati
1027 2800 1101 2826 sunt
1114 2806 1122 2826 ε
1147 2794 1207 2826 nisi
1218 2795 1287 2837 quis
1302 2799 1450 2836 tanquam
1463 2792 1588 2824 brutum
1603 2793 1674 2823 abs-

215 2856 278 2888 que
297 2846 415 2878 ratione
432 2846 597 2888 percutiat.
632 2857 736 2879 verum
753 2848 808 2890 qui
823 2848 942 2880 ratione
966 2848 1076 2891 punire
1096 2849 1287 2891 aggreditur,
1309 2857 1372 2879 non
1389 2845 1535 2888 proeteriti
1549 2845 1674 2878 sceleris

215 2910 315 2934 causa.
323 2899 437 2944 punit:
461 2902 581 2943 (neque
603 2902 686 2934 enirn
707 2902 830 2945 assequi
847 2907 963 2945 potest,
984 2907 1020 2934 ut
1043 2903 1130 2945 quod
1154 2907 1202 2935 est
1221 2902 1338 2945 factum
1353 2900 1393 2933 sit
1405 2899 1555 2933 infectum
1569 2899 1596 2942 ι)
1618 2900 1674 2932 sed
