1846 3268
199 242 279 281 286
798 233 1063 275 PLA‘roms
1595 236 1667 290 [99

204 352 279 381 sunt
293 345 462 388 omniaque
476 345 559 376 bona
581 341 760 386 perficiunt.
780 346 919 374 attamen
940 343 996 375 diu
1021 342 1097 384 [98]
1118 343 1287 375 consistere
1302 343 1427 382 nolunt,
1441 343 1496 376 sod
1508 353 1548 375 ex
1562 342 1666 374 homi·

203 402 256 434 nis
275 402 382 433 animo
398 398 562 435 confestim
584 395 764 439 effugiunt:
787 402 978 439 quapropter
1003 407 1067 428 non
1083 397 1172 429 multi
1187 398 1280 440 pretii
1293 403 1378 436 sunt,
1398 399 1501 430 donec
1514 397 1585 440 quis
1599 395 1670 428 ilias

203 455 440 489 ratiocinatione
452 464 471 484 a
483 451 586 485 causis
595 451 694 483 ducta
708 450 796 492 liget.
842 450 922 483 Haec
936 461 1022 489 vero,
1038 451 1138 484 amice
1160 452 1295 490 Menon,
1312 452 1545 484 reminiscentia
1560 455 1619 489 est,
1632 455 1671 481 at

204 521 298 554 supra
322 511 403 542 iuter
428 518 486 539 nos
509 505 669 539 convenit.
714 505 887 547 Postquam
913 515 986 538 vero
1011 505 1118 548 ligatas
1140 512 1223 545 suut,
1250 507 1351 549 primo
1373 506 1502 549 quidem
1526 503 1668 537 scientim

205 566 305 597 fiunt:
329 563 446 595 deinde
461 565 714 603 perseverantes:
737 564 966 602 proptereaque
987 559 1118 592 scientia
1133 565 1217 592 recta
1230 561 1383 603 opinione
1399 559 1594 603 praestantior
1607 562 1670 594 est,

202 621 244 653 ab
259 629 360 661 eaque
375 616 500 649 vinculo
514 615 654 658 quodam
667 614 835 657 discrepat.
879 615 979 647 ΜΕΝ.
1002 615 1063 646 Per
1076 615 1203 656 Jovem,
1216 626 1235 647 o
1258 617 1411 652 Socrates,
1426 623 1566 656 congrue.
1580 622 1668 645 eom-

205 673 339 717 paratio.
383 671 440 705 So.
465 669 552 709 Quin
565 670 660 701 etiam
674 669 745 711 ipse
757 679 821 700 non
837 673 986 712 tanquam
1010 670 1123 708 sciens,
1138 671 1193 702 sed
1213 675 1250 702 ut
1270 669 1454 712 conjectans
1479 669 1523 699 ita
1549 667 1674 709 loquor.

206 727 304 766 Quod
318 736 392 758 vero
406 730 455 757 est
468 724 553 755 aliud
569 723 720 766 quiddam
737 734 809 755 vera
828 723 938 765 opinio
961 729 1055 766 atque
1078 724 1222 766 scientia,
1238 724 1332 767 plane
1354 723 1431 755 milri
1453 721 1610 764 conjicere
1623 718 1672 750 vi·

207 783 307 814 deor:
331 781 387 812 sed
406 784 441 811 et
463 779 490 811 si
512 778 681 821 quicquam
704 777 790 810 aliud
817 788 867 810 me
892 778 971 811 scire
986 779 1109 818 faterer,
1124 790 1195 822 quae
1210 790 1284 812 sane
1298 789 1401 823 pauca
1412 777 1562 813 dicerem,
1576 783 1674 807 unum

212 838 275 869 hoc
288 835 329 868 iis
343 844 414 877 quae
430 833 552 871 scirem,
567 833 814 864 adnumerarem.
857 833 896 864 M
901 843 960 866 mv.
984 833 1100 875 Probe,
1114 844 1133 865 o
1148 834 1303 872 Socrates,
1317 833 1464 876 loqueris.
1509 831 1565 863 So.
1589 828 1677 868 Quid

207 890 303 923 vero?
325 899 432 934 nonne
456 888 518 919 hoc
542 896 670 929 quoque
692 892 788 924 recte,
803 887 889 930 quod
904 897 978 919 vera
999 887 1109 930 opinio
1133 899 1213 931 opus
1237 888 1403 931 quodlibet
1427 888 1558 923 ducens,
1572 884 1673 916 nihilo
1697 886 1700 890 ”

209 944 302 988 pejus
317 953 411 987 quam
427 941 558 975 scientia
571 941 651 973 illud
674 941 872 984 assequitur?
915 941 1014 974 ΜΕΝ.
1038 942 1109 975 Hoc
1126 953 1252 985 quoque
1267 954 1386 975 verum.
1429 942 1490 975 So.
1512 940 1602 972 Nihil
1615 939 1678 981 igi-

207 1005 260 1031 tur
274 1008 346 1029 vera
359 996 470 1039 opinio
485 1006 579 1038 quam
596 995 727 1027 scientia
743 996 889 1033 deterior,
911 1006 971 1028 nec
987 997 1089 1028 minus
1111 997 1150 1028 ad
1167 998 1308 1030 actiones
1324 997 1408 1029 utilis
1421 1001 1470 1028 est
1483 1007 1491 1027 ε
1514 1004 1619 1037 neque
1634 993 1679 1025 vir

209 1062 314 1086 veram
325 1051 506 1094 opinionem
518 1050 648 1087 habens,
658 1060 753 1092 quam
765 1049 897 1081 scientia
909 1050 1071 1091 praeditus.
1114 1050 1214 1082 Man.
1236 1051 1287 1083 Ita
1299 1056 1357 1084 est.
1401 1051 1458 1083 So.
1481 1048 1568 1088 Quin
1582 1047 1678 1080 etiam

210 1107 310 1139 virum
334 1105 454 1137 bonurn
478 1105 588 1136 utilem
613 1114 681 1136 esse
703 1103 919 1137 convenimus.
965 1104 1065 1137 Mau.
1089 1105 1315 1138 Convenimus.
1367 1104 1425 1137 So.
1445 1103 1480 1136 Si
1502 1103 1598 1146 igitur
1621 1103 1678 1133 ho·

210 1162 312 1194 mines
327 1170 393 1192 non
413 1170 470 1202 per
487 1159 588 1202 ipsam
603 1158 765 1191 scientiam
781 1158 882 1190 solum
897 1158 974 1190 boni
988 1163 1084 1201 atque
1100 1159 1192 1192 utiles
1207 1159 1391 1192 civitatibus
1405 1163 1522 1196 essent,
1537 1157 1563 1189 si
1582 1155 1679 1188 modo

210 1215 436 1252 invenirentur,
450 1213 507 1246 sed
531 1213 626 1245 etiam
650 1218 778 1255 propter
797 1213 978 1255 opinionem
1004 1218 1141 1246 rectam:
1166 1214 1275 1246 horum
1303 1224 1377 1246 vero
1397 1217 1543 1246 neutrum
1566 1215 1679 1243 natum

211 1269 394 1303 hominibus
419 1269 512 1305 inest,
524 1277 629 1309 neque
651 1267 784 1299 scientia
807 1278 911 1310 neque
925 1278 998 1300 vera
1022 1268 1151 1310 opinio:
1174 1279 1277 1312 neque
1301 1268 1397 1301 etiam
1420 1265 1595 1300 adventitia
1609 1265 1679 1296 haec

213 1329 308 1357 sunt:
332 1333 408 1356 num
418 1322 542 1354 videtur
555 1322 683 1354 istorum
706 1321 836 1364 aliquod
851 1326 962 1354 natura
975 1323 1100 1355 inesse?
1146 1323 1244 1355 Mna.
1266 1323 1350 1355 Mihi
1365 1331 1577 1366 nequaquam.
1618 1319 1681 1351 So.

213 1378 344 1416 Nonne,
359 1381 527 1420 postquam
541 1381 653 1408 natura
666 1387 732 1407 non
749 1376 869 1415 insunt,
883 1387 987 1419 neque
1001 1377 1077 1408 boni
1097 1377 1192 1410 etiam
1208 1378 1265 1410 viri
1286 1382 1400 1410 natura
1422 1376 1536 1409 erunt?
1583 1374 1684 1407 Mn«.

213 1432 292 1465 Non
306 1442 395 1465 sane.
442 1431 499 1463 So.
521 1430 681 1468 Quoniam
696 1441 770 1462 vero
785 1441 984 1474 nequaquam
998 1436 1121 1470 natura,
1130 1437 1232 1463 utrum
1244 1432 1386 1464 doctrina
1397 1430 1682 1464 considerabamus.

214 1487 314 1520 ΜΕΝ.
334 1486 399 1518 Ita.
443 1486 503 1519 So.
525 1485 568 1517 Et
584 1485 728 1517 doctrina
743 1485 963 1527 comparabilis
979 1486 1046 1517 visa
1057 1491 1116 1524 est,
1137 1486 1163 1518 si
1179 1486 1220 1518 sit
1234 1486 1401 1529 prudentia
1415 1485 1535 1517 virtus?
1578 1484 1679 1516 Man.

214 1540 284 1572 Est.
327 1540 384 1572 So.
406 1539 450 1572 Et
474 1539 500 1571 si
522 1538 740 1582 comparabilis
763 1550 819 1581 per
839 1539 1028 1577 doctrinam,
1043 1541 1212 1582 prudentia
1233 1551 1360 1583 quoque
1375 1540 1442 1572 visa
1465 1539 1535 1572 est?
1580 1538 1680 1570 Man.

214 1595 356 1627 Prorsus.
400 1595 458 1626 So.
479 1593 528 1626 Ac
555 1593 580 1626 si
605 1598 814 1636 praeceptores
835 1599 950 1634 essent,
966 1594 1075 1627 doceri
1101 1605 1216 1637 posse:
1240 1595 1359 1636 sinon,
1382 1593 1534 1626 minime?
1579 1592 1681 1625 Mmr.

214 1649 268 1681 Sic
282 1653 343 1683 est.
387 1649 444 1682 Sc.
468 1648 512 1680 Et
525 1652 735 1691 praeceptores
755 1648 825 1690 ejus
845 1659 913 1680 esse
927 1649 1087 1680 communi
1100 1660 1194 1681 sensu
1210 1648 1406 1691 negavimus.
1450 1648 1549 1680 Mau.
1572 1645 1682 1689 Nega·

214 1702 328 1735 vimus.
371 1703 429 1735 So.
453 1702 674 1735 Conclusimus
698 1702 818 1744 itaque,
845 1713 951 1746 neque
979 1703 1085 1735 doceri
1114 1703 1202 1735 illam
1231 1713 1334 1746 neque
1364 1701 1564 1744 prudentiam
1590 1699 1683 1733 esse?

217 1757 319 1789 Men.
342 1756 576 1789 Conclusimus.
619 1756 676 1790 80.
695 1757 856 1789 Praeterea
871 1757 987 1789 bonum
1005 1758 1106 1800 ipsam
1121 1768 1190 1790 esse
1205 1757 1428 1790 concessimus.
1471 1756 1572 1788 Men.
1595 1754 1684 1787 Con-

215 1810 380 1844 cessimus.
422 1811 481 1844 So.
505 1811 632 1843 Bonum
654 1815 759 1843 autem
782 1816 816 1844 et
839 1811 917 1843 utile
942 1822 1011 1843 esse
1031 1817 1115 1844 recte
1135 1812 1266 1846 ducens.
1311 1812 1410 1844 Man.
1433 1809 1587 1844 Maxime.
1628 1809 1688 1841 So.

219 1865 322 1898 Recte
343 1865 481 1907 denique
506 1865 621 1897 ducere
646 1865 710 1897 duo
737 1866 807 1898 haec
835 1866 914 1904 sola,
939 1865 1015 1909 [99]
1039 1876 1143 1899 veram
1171 1866 1353 1909 opinionem
1380 1871 1475 1908 atque
1502 1862 1664 1897 scientiam
1679 1875 1689 1895 ι

217 1919 333 1964 quibus
345 1921 441 1951 bomo
457 1919 606 1962 praeditus
619 1925 705 1952 recte
719 1920 820 1954 ducit.
862 1921 945 1959 Quas
960 1921 1044 1952 enim
1057 1921 1183 1953 fortuna
1196 1920 1397 1964 contingunt,
1409 1919 1542 1962 imperio
1550 1917 1688 1951 hominis

219 1983 420 2018 nequaquam
442 1974 541 2006 fiunt:
565 1973 680 2016 quibus
701 1979 806 2006 autem
828 1974 924 2006 homo
946 1975 987 2006 ad
1013 1979 1132 2007 rectum
1148 1975 1212 2006 dux
1227 1980 1287 2013 est,
1301 1975 1366 2006 duo
1390 1975 1471 2011 haee,
1495 1972 1605 2015 opinio
1617 1982 1690 2005 vera

219 2033 320 2072 atque
333 2029 476 2061 scientia.
522 2028 622 2060 Mn.
645 2027 736 2060 Idem
750 2027 829 2060 mihi
846 2028 981 2061 videtur.
1027 2028 1083 2061 So.
1105 2029 1208 2071 Igitur
1222 2039 1292 2061 cum
1303 2029 1401 2060 virtus
1412 2027 1554 2060 doctrina
1570 2025 1693 2070 percipi

221 2087 372 2126 nequeat,
392 2093 590 2126 nequaquam
616 2082 750 2115 scientia
773 2087 833 2115 est.
877 2083 976 2115 ΜΕΝ.
997 2083 1074 2115 Non
1099 2088 1242 2126 apparet.
1284 2083 1342 2115 So.
1366 2082 1446 2115 Cum
1462 2091 1536 2124 ergo
1550 2081 1614 2112 duo
1629 2080 1694 2112 sint

218 2138 307 2169 bona
319 2142 415 2180 atque
430 2136 531 2175 utilia,
554 2137 685 2169 alterum
699 2137 825 2169 illorum
846 2137 1012 2180 excipitur,
1034 2148 1140 2180 neque
1165 2137 1224 2169 erit
1244 2138 1280 2169 in
1303 2137 1429 2169 actione
1453 2134 1539 2168 civili
1561 2134 1694 2167 scientia

220 2190 355 2224 ducens.
399 2191 499 2223 Meu.
522 2191 611 2229 Non,
625 2196 660 2223 ut
673 2191 752 2223 mihi
767 2191 902 2224 videtur.
948 2192 1004 2224 So.
1027 2191 1101 2223 Non
1119 2203 1192 2234 ergo
1209 2191 1364 2234 sapientia
1375 2191 1522 2234 quadam,
1536 2199 1642 2232 neque
1655 2195 1693 2222 nt

222 2245 393 2288 sapientes,
407 2244 470 2288 ipsi
484 2245 592 2278 civiles
603 2246 746 2278 homines
761 2256 824 2278 rem
848 2245 1006 2288 publicam
1022 2246 1251 2285 administrant,
1267 2245 1444 2288 cujusmodi
1467 2244 1522 2288 qui
1546 2243 1692 2276 Tbemis-

218 2299 315 2332 zoclis
328 2300 532 2342 temporibus,
547 2305 580 2332 et
592 2310 672 2343 quos
689 2300 784 2343 paulo
799 2305 872 2332 ante
887 2300 1018 2343 Anytus
1040 2301 1159 2340 retulit,
1176 2300 1358 2333 extiterunt.
1384 2299 1470 2332 unde
1493 2308 1554 2331 nec
1569 2303 1690 2330 ceteros

222 2353 316 2390 tales,
330 2354 439 2396 quales
453 2353 514 2396 ipsi
528 2359 613 2392 sunt,
626 2355 756 2387 reddere
771 2360 916 2397 possunt,
937 2360 1048 2397 utpote
1064 2356 1117 2398 qui
1133 2354 1265 2387 scientia
1278 2355 1365 2386 nulla
1379 2353 1444 2386 sint
1456 2353 1548 2386 tales.
1590 2352 1692 2385 Mim-

219 2407 276 2440 Sic
292 2412 328 2439 ut
340 2408 399 2450 ais,
414 2418 482 2439 esse
496 2407 632 2449 videtur,
646 2419 666 2440 o
689 2410 843 2441 Socrates.
886 2409 943 2442 So.
966 2410 998 2442 Si
1014 2420 1078 2441 non
1094 2410 1240 2451 scientia,
1253 2413 1359 2446 restat,
1376 2413 1412 2440 ut
1433 2407 1584 2450 opinione
1606 2411 1692 2438 rema

225 2467 351 2493 utentes
364 2461 472 2493 civiles
486 2460 544 2494 viri
556 2462 700 2495 civitates
715 2464 902 2505 gubernent,
917 2464 1002 2496 haud
1027 2475 1116 2496 secus
1136 2465 1176 2496 ad
1200 2463 1398 2506 prudentiam
1422 2473 1456 2494 se
1477 2462 1641 2498 habentes,
1657 2470 1694 2492 ac

223 2521 313 2548 vates
337 2515 510 2558 divinoque
535 2516 639 2549 furore
664 2518 810 2560 correpti.
855 2518 982 2550 Etenim
1005 2519 1039 2550 hi
1055 2528 1127 2550 vera
1152 2529 1246 2560 quam
1274 2517 1409 2560 plurima
1433 2516 1591 2553 nuntiant,
1616 2513 1696 2546 nihil

222 2574 330 2601 tamen
356 2579 477 2607 eorum,
499 2580 570 2612 quae
595 2571 782 2614 loquuntur,
801 2572 995 2615 intelligunt.
1040 2573 1141 2605 ΜΕΝ.
1165 2572 1219 2604 Sic
1234 2582 1301 2604 esse
1318 2571 1452 2603 videtur.
1495 2569 1556 2602 So.
1577 2568 1696 2601 Nonne

221 2624 332 2666 igitur,
353 2634 373 2655 o
388 2623 523 2662 Menon,
538 2624 662 2656 divinos
685 2625 868 2668 hujusmodi
890 2626 970 2659 viros
995 2627 1155 2669 appellare
1171 2627 1275 2665 decet,
1289 2625 1344 2669 qui
1368 2629 1473 2658 mente
1493 2632 1694 2666 nequaquam

225 2682 361 2716 utentes,
377 2678 476 2709 multa
491 2682 596 2710 tamen
610 2688 646 2711 ac
662 2689 776 2722 magna
788 2685 821 2712 et
835 2681 958 2723 agendo
975 2686 1008 2713 et
1030 2681 1168 2713 dicendo
1184 2681 1358 2723 disponunt
1372 2681 1384 2712 ἓ
1428 2678 1527 2711 ΜΒΝ.
1550 2677 1693 2710 Prorsus.

223 2732 287 2765 So.
310 2732 522 2780 Quamobrem
534 2732 645 2765 merito
660 2734 786 2766 divinos
801 2734 997 2777 vocabimus,
1012 2745 1091 2778 quos
1112 2736 1208 2767 modo
1224 2726 1426 2778 praediximus
1442 2738 1527 2765 vates
1542 2732 1696 2764 furentes·

223 2796 288 2829 que
302 2795 339 2818 ac
354 2785 499 2828 poeticos
521 2786 664 2818 homines
679 2788 840 2820 universos
855 2800 864 2821 ε
889 2789 1060 2832 civilesque
1075 2790 1217 2822 homines
1242 2798 1307 2821 non
1330 2789 1432 2820 minus
1446 2796 1541 2830 quam
1559 2785 1696 2828 reliquos

226 2840 350 2871 divinos
360 2839 615 2878 existimabimus,
639 2841 747 2874 divino
763 2843 882 2876 afflatos
897 2844 1025 2876 numine
1050 2845 1173 2886 deoque
1202 2843 1328 2886 penitus
1354 2846 1537 2884 occupatos,
1551 2840 1697 2884 quando·

225 2893 355 2936 quidem
370 2903 434 2925 rem
450 2894 609 2936 publicam
624 2895 775 2938 dirigunt,
788 2898 888 2930 multa
902 2899 1099 2942 maximaque
1109 2899 1264 2936 dicentes,
1279 2908 1349 2940 quse
1365 2904 1562 2938 nequaquam
1577 2893 1697 2926 iutelli-

223 2953 315 2990 gunt.
359 2948 459 2982 Mn«.
483 2948 636 2983 Maxime.
680 2949 735 2983 So-
759 2952 911 2986 Mulieres
927 2964 1066 2997 quoque,
1083 2964 1102 2994 q
1118 2953 1253 2990 Menon,
1267 2953 1366 2984 bonos
1382 2949 1462 2983 viros
1478 2948 1602 2982 divinos
1614 2958 1695 2981 nun-
