1846 3268
176 266 276 316 467]
772 259 1031 300 GORGIAS.
1570 263 1642 301 197

175 368 317 410 peritiam
331 366 445 398 habes:
469 365 574 397 omnia
589 363 737 396 videlicet
757 363 792 395 in
817 363 928 395 eodem
952 363 1121 396 indiscreta
1143 359 1429 400 commiscerentur,
1453 368 1486 395 et
1505 374 1578 405 quae
1601 365 1641 396 ad

175 421 362 454 medicinam
378 419 535 462 pertinent
549 423 582 450 et
597 418 743 460 salutem,
757 422 791 449 et
814 428 885 459 quae
901 418 941 448 ad
958 417 1181 459 coquinariam
1191 416 1339 451 attinent.
1381 417 1542 448 Audivisti
1563 418 1643 459 jam,

175 475 252 517 quid
267 485 326 516 ego
337 473 520 505 rhetoricam
534 482 603 504 esse
618 472 720 503 dicam
735 483 742 503 ι
766 483 830 503 rem
846 471 995 503 videlicet
1009 471 1200 513 coquinariae
1215 471 1470 513 respondentem,
1486 471 1645 512 talemque

174 529 208 560 in
223 529 337 565 anima,
353 527 454 570 qualis
468 526 524 558 illa
537 532 584 558 est
597 525 632 557 in
648 522 790 567 corpore.
835 525 928 556 Forte
940 535 1013 557 vero
1028 525 1137 566 procul
1153 535 1171 555 a
1195 525 1315 556 ratione
1337 535 1387 555 me
1408 524 1500 566 gessi,
1516 524 1570 566 qui
1587 525 1646 555 tibi

172 582 384 624 prolixitatem
407 580 590 623 prohibens,
606 579 674 621 ipse
699 579 826 621 longum
852 579 981 610 extendi
1005 589 1199 610 sermonem:
1223 579 1264 609 ob
1279 578 1312 609 id
1327 582 1432 610 tamen
1448 577 1564 620 dignus
1579 588 1648 609 sum

173 635 276 673 venia,
290 636 364 678 quia
379 631 409 666 si
428 634 550 666 brevius
565 634 689 666 locutus
703 643 816 671 essem,
832 632 959 664 minime
984 632 1187 675 percepisses,
1204 642 1307 674 neque
1322 632 1486 674 responsio
1502 632 1559 663 tibi
1574 633 1644 673 mea

173 688 389 730 satisfecisset,
413 688 468 720 sed
492 687 690 730 expositione
711 696 813 717 rursus
836 685 1034 728 indiguisses.
1077 684 1111 717 Si
1131 696 1206 727 ergo
1229 696 1288 717 nec
1311 696 1371 727 ego
1386 691 1418 718 te
1433 687 1644 728 respondente

173 742 274 785 [466]
296 743 419 784 assequi
435 742 538 784 valeo,
554 746 588 772 tu
604 750 733 782 quoque
748 740 884 770 extende
901 750 1085 770 sermonem.
1109 739 1157 770 sin
1174 739 1276 777 valeo,
1293 739 1436 781 permitte
1448 750 1497 770 me
1514 750 1643 780 respon-

171 796 260 828 sione
276 801 330 827 tua
350 796 398 827 vel
415 806 483 827 mea
499 805 558 837 pro
584 793 709 826 arbitrio
726 793 770 824 uti
786 805 794 824 z
817 793 862 824 sic
879 793 963 824 enirn
974 791 1096 833 justum
1110 797 1171 824 est.
1215 792 1257 823 Et
1280 803 1365 824 nunc
1381 793 1522 834 quidem,
1537 794 1562 824 si
1579 804 1642 835 quo

171 854 267 892 pacto
280 849 482 891 responsione
493 849 552 879 hac
569 852 747 889 opportune
762 846 807 877 uti
824 850 928 887 potes,
943 850 1042 876 utere.
1089 845 1175 886 Pon.
1197 845 1284 882 Quid
1300 846 1395 888 igitur
1416 846 1483 877 ais?
1507 847 1642 878 adulati-

171 913 233 934 one
256 902 313 934 tibi
329 902 451 934 videtur
473 913 540 933 esse
561 901 740 932 rhetorica?
786 900 842 933 So.
865 899 1022 941 Equidem
1046 899 1237 931 adulationis
1260 900 1444 942 particulam
1469 911 1537 932 esse
1563 901 1640 933 dixi.

171 957 247 989 Non
263 956 443 994 meministi,
467 956 561 992 Pole,
587 965 656 986 cum
685 954 726 985 sis
748 953 844 995 hujus
869 954 999 985 aetatis?
1021 954 1099 995 quid
1127 954 1206 986 forte
1230 955 1362 996 posthac
1388 954 1509 986 facies?
1555 955 1642 986 1³01..

170 1010 224 1042 An
247 1010 321 1042 boni
347 1011 484 1041 rhetores
510 1009 656 1040 videntur
680 1008 739 1039 tibi
758 1008 1022 1050 quemadmodum
1046 1008 1224 1039 adulatores
1249 1008 1282 1039 in
1307 1008 1434 1040 civitate
1458 1008 1642 1040 contemni?

170 1065 225 1097 So.
247 1064 526 1106 Inter-rogationem
538 1063 620 1093 hanc
633 1062 711 1094 facis
728 1062 740 1092 ?
764 1072 803 1093 an
814 1062 985 1093 orationem
998 1062 1135 1104 aliquam
1148 1063 1299 1094 exordiris
1312 1062 1324 1093 ?
1368 1063 1453 1094 Por..
1475 1062 1639 1104 Interrogo

171 1117 330 1160 equidem.
374 1117 431 1150 So.
455 1116 553 1147 Nulla
568 1115 812 1154 existimatione,
825 1126 844 1146 0
859 1115 950 1153 Pole,
966 1116 1043 1147 mihi
1059 1116 1148 1157 digni
1159 1116 1317 1148 videntur.
1361 1116 1447 1148 Por..
1470 1117 1640 1154 Quomodo

171 1172 283 1203 nulla?
306 1181 413 1202 nonne
429 1170 594 1202 maximam
610 1169 641 1200 in
657 1169 838 1201 civitatibus
859 1170 1032 1211 potentiam
1062 1170 1204 1202 habent?
1247 1171 1304 1202 So.
1327 1170 1476 1207 Minime,
1493 1171 1516 1201 si
1533 1175 1647 1212 poten-

171 1226 244 1256 tiam
261 1226 378 1256 bonum
393 1224 513 1267 aliquid
528 1235 596 1255 esse
611 1224 691 1255 dicis
705 1223 736 1255 ei
751 1223 808 1265 qui
824 1228 940 1265 potest.
985 1223 1072 1255 Por..
1094 1224 1179 1256 Dico
1195 1229 1291 1256 certe·
1334 1224 1388 1255 So.
1411 1223 1558 1256 Oratores
1567 1234 1640 1266 ergo

170 1280 328 1310 minimam
344 1278 482 1309 omnium
499 1279 531 1310 in
547 1289 578 1309 re
594 1277 722 1320 publica
739 1277 912 1319 potentiam
931 1276 1005 1308 mihi
1023 1278 1168 1309 videntur
1181 1278 1306 1311 habere.
1351 1278 1435 1310 Pon.
1460 1278 1548 1315 Quid
1571 1278 1641 1309 ais?

169 1343 276 1364 nonne
291 1333 557 1374 quemadmodum
575 1331 701 1374 tyranni
716 1331 867 1362 occidunt
881 1341 976 1374 quem
991 1332 1114 1370 volunt,
1129 1338 1163 1363 et
1176 1332 1354 1373 exspoliant
1369 1331 1555 1374 patrimonio
1573 1332 1640 1373 pel·

169 1387 301 1428 luntque
317 1397 354 1417 ex
370 1386 467 1418 urbe?
511 1386 566 1418 So.
590 1386 651 1417 Per
666 1385 800 1423 Canem,
813 1396 832 1416 o
848 1385 939 1427 Pole,
954 1396 1010 1427 per
1034 1386 1156 1428 singula
1181 1397 1252 1428 quae
1279 1386 1369 1425 dicis,
1385 1386 1523 1428 ambigo,
1537 1390 1639 1417 utrum

169 1441 355 1472 senteutiam
373 1440 509 1483 explices
532 1445 631 1482 mam,
646 1450 686 1470 an
711 1450 832 1481 quaeras
858 1450 970 1471 meam.
1015 1440 1100 1472 Por..
1124 1440 1241 1478 Quaero
1265 1441 1414 1483 equidem
1439 1445 1535 1472 tuam.
1581 1440 1641 1471 So.

169 1494 261 1532 Esto,
283 1495 404 1527 amice:
430 1494 547 1526 deinde
573 1494 638 1525 duo
660 1494 750 1525 simul
779 1505 798 1525 a
824 1505 873 1525 me
897 1494 1023 1536 quaeris.
1066 1494 1152 1526 Po1..
1176 1495 1322 1532 Quonam
1340 1500 1432 1536 pacto
1448 1494 1537 1525 duo?
1581 1493 1638 1526 So.

168 1547 286 1580 Nonne
307 1549 434 1580 dicebas
456 1549 563 1591 modo,
580 1553 717 1580 oratores
739 1548 886 1580 occidere
915 1553 1117 1591 tyrannorum
1141 1559 1224 1581 more
1249 1559 1457 1591 quoscunque
1481 1548 1590 1585 velint,
1606 1552 1639 1579 et

168 1602 303 1634 fortunae
316 1603 406 1634 bonis
429 1603 616 1645 exspoliare,
641 1608 736 1645 atque
752 1602 784 1633 in
799 1603 941 1634 exsilium
958 1603 1102 1634 mittere?
1148 1603 1233 1635 Por..
1256 1603 1424 1646 Equidem.
1470 1603 1527 1633 So.
1551 1601 1635 1633 Dico

166 1657 274 1699 itaque
289 1657 358 1694 tibi,
373 1658 429 1688 has
442 1657 522 1688 duas
536 1657 796 1699 interrogationes
812 1668 890 1694 esse,
914 1658 1179 1700 respondeboque
1194 1658 1234 1689 ad
1250 1662 1409 1699 utrasque.
1430 1667 1532 1688 assero
1548 1656 1637 1698 equi-

169 1711 253 1748 dem,
267 1722 286 1741 o
301 1711 394 1751 Pele,
411 1716 474 1742 tam
491 1712 628 1742 rhetores
643 1721 735 1753 quam
750 1716 900 1753 tyrannos
919 1710 1077 1742 minimam
1088 1712 1120 1742 in
1132 1712 1311 1743 civitatibus
1323 1712 1434 1742 habere
1450 1710 1636 1757 potentia-m,

166 1765 433 1806 quemadmodum
449 1764 545 1806 paulo
561 1770 634 1795 ante
649 1765 805 1796 dicebam.
828 1765 906 1795 nihil
921 1765 1023 1807 enim,
1046 1770 1081 1796 ut
1106 1766 1152 1797 ita
1173 1765 1315 1807 dixerim,
1330 1766 1433 1797 facere
1447 1776 1484 1796 ex
1502 1764 1549 1795 his
1563 1775 1636 1806 quas

168 1818 301 1850 volunt:
323 1819 426 1850 facere
442 1824 545 1849 tamen
561 1819 647 1860 quod
664 1818 723 1849 sibi
740 1818 944 1860 opinantibus
960 1819 1113 1861 optimum
1129 1820 1282 1851 videatur.
1326 1820 1410 1851 P01..
1435 1819 1551 1850 Nonne
1568 1819 1635 1850 haec

166 1883 280 1915 magna
293 1873 458 1915 potentia?
504 1873 563 1904 So.
586 1872 662 1903 Non
685 1878 781 1909 certe,
810 1879 845 1903 ut
869 1873 915 1904 ait
938 1873 1048 1905 Polus.
1092 1874 1179 1907 1³01..
1202 1873 1257 1905 An
1278 1884 1337 1915 ego
1362 1884 1427 1904 non
1443 1873 1635 1906 dic0?,dico

167 1926 314 1969 equidem
330 1932 425 1958 certe.
470 1926 527 1957 So.
550 1926 612 1957 Per
624 1926 749 1963 Jovem,
768 1931 800 1957 tu
817 1937 880 1958 non
901 1926 992 1964 dicis,
1015 1928 1272 1969 quandoquidem
1296 1936 1449 1969 magnam*
1464 1927 1635 1969 potentiam

166 1981 274 2027 dixisti
296 1981 339 2018 ei,
361 1981 415 2023 qui
431 1985 546 2022 potest,
562 1991 629 2012 esse
646 1982 773 2014 bonum.
818 1980 904 2014 Por..
927 1981 966 2011 Id
992 1981 1122 2023 quidem
1149 1982 1233 2014 dico.
1279 1981 1335 2013 So.
1359 1982 1526 2013 Bonumne
1542 1982 1636 2023 igitur

165 2046 232 2067 esse
258 2034 350 2076 dicis,
365 2035 392 2067 si
415 2035 486 2076 quis
511 2044 550 2065 ca
572 2034 692 2076 fecerit,
707 2046 779 2076 quae
805 2034 864 2065 sibi
891 2035 1012 2076 optima
1029 2035 1192 2067 videantur
1217 2041 1320 2067 mente
1343 2036 1460 2078 capto?
1483 2040 1578 2076 atque
1603 2036 1636 2066 id

165 2100 309 2131 magnam
324 2089 402 2120 dicis
417 2099 484 2119 esse
500 2088 696 2130 potentiam?
741 2088 827 2120 P01..
850 2088 926 2120 Non
942 2095 1037 2121 certe.
1082 2090 1139 2121 So.
1162 2090 1193 2120 N
1197 2101 1279 2133 orme
1294 2089 1388 2131 igitur
1403 2090 1633 2121 ostendendum

165 2144 222 2175 tibi
234 2149 292 2181 est,
307 2147 444 2174 oratores
459 2143 573 2173 habere
587 2147 736 2180 mentem,
752 2147 848 2184 atque
864 2143 1047 2174 rhetoricam
1063 2154 1126 2174 non
1150 2144 1246 2186 [467]
1269 2143 1482 2175 adulationem
1505 2144 1634 2185 quidem

164 2188 244 2236 esse,
259 2198 314 2229 sed
330 2202 438 2233 artem,
454 2206 517 2237 quo
534 2206 583 2228 me
597 2196 791 2228 convincas?
815 2197 955 2239 alioquin
972 2197 1031 2228 nisi
1048 2197 1080 2228 id
1098 2199 1268 2229 ostendens
1294 2209 1343 2229 me
1365 2198 1549 2236 conviceris,
1565 2208 1635 2229 ora-

165 2257 246 2284 tores
271 2256 304 2282 et
327 2251 464 2293 tyranni,
489 2250 640 2281 facientes
667 2250 823 2293 quidquid
853 2251 1031 2282 faciendum
1057 2252 1115 2283 sibi
1141 2252 1266 2283 videtur
1291 2251 1324 2283 in
1346 2252 1487 2289 civitate,
1513 2252 1632 2284 nullum

164 2312 330 2347 propterea
355 2307 471 2337 bonum
497 2310 741 2346 consequentur.
799 2304 962 2347 Siquidem
989 2306 1162 2347 potentiam
1186 2306 1312 2343 habere,
1342 2311 1377 2337 ut
1401 2307 1471 2348 ipse
1496 2307 1555 2343 ais,
1585 2313 1632 2339 est

163 2361 300 2393 bonum:
324 2359 426 2391 facere
442 2369 513 2390 vcro
524 2358 680 2401 quidquid
695 2359 838 2390 videatur
852 2361 970 2401 absque
987 2365 1101 2398 mente,
1114 2359 1247 2401 ipsemet
1258 2360 1414 2392 confiteris
1426 2372 1493 2393 esse
1504 2362 1633 2404 malum.

163 2424 268 2445 nonne
284 2413 352 2445 ita?
396 2413 481 2444 Por..
504 2412 554 2443 Ita
568 2418 664 2445 certe.
709 2413 768 2444 So.
794 2414 941 2451 Quonam
955 2414 1049 2455 igitur
1064 2419 1158 2456 pacto
1170 2419 1306 2445 oratores
1320 2414 1367 2446 vel
1381 2415 1506 2457 tyranni
1519 2427 1631 2457 magna

162 2468 195 2498 in
218 2477 251 2498 re
275 2467 403 2509 publica
427 2472 570 2508 possunt,
594 2466 656 2498 nisi
676 2467 820 2498 Socrates
844 2468 1008 2500 convictus
1033 2478 1052 2498 a
1077 2468 1171 2509 Polo,
1193 2468 1265 2500 illos
1287 2479 1359 2511 quae
1381 2469 1492 2500 volunt
1516 2470 1630 2507 facere,

162 2521 319 2552 fateatur?
365 2521 450 2552 Pon.
473 2520 522 2551 En
538 2520 584 2552 vir
598 2520 606 2552 Ξ
652 2522 709 2553 So.
732 2521 825 2563 Nego
841 2533 895 2554 eos
911 2522 1013 2554 facere
1029 2533 1099 2564 quae
1115 2523 1237 2555 volunt.
1262 2527 1295 2553 tu
1312 2533 1385 2554 vero
1402 2534 1452 2554 me
1471 2524 1632 2565 redarguo.

162 2574 248 2608 Ροι.
272 2573 326 2605 An
342 2585 405 2605 non
420 2574 515 2616 paulo
536 2579 610 2606 ante
634 2575 846 2613 confitebaris,
868 2586 940 2618 quae
967 2577 1026 2607 sibi
1051 2577 1134 2607 bona
1149 2576 1307 2614 videntur,
1323 2588 1377 2608 eos
1401 2577 1529 2608 facere?
1574 2578 1632 2610 So.

162 2628 205 2659 Et
219 2638 303 2660 nunc
317 2638 419 2659 rursus
433 2627 595 2660 confiteor.
641 2629 727 2660 Pon.
747 2628 802 2660 An
818 2640 883 2660 non
898 2640 972 2671 ergo
986 2630 1109 2661 faciunt
1132 2640 1204 2672 quae
1221 2630 1351 2662 volunt?
1398 2629 1456 2663 So.
1480 2631 1569 2671 Non,
1599 2638 1632 2663 ut

160 2682 300 2713 arbitror.
346 2681 430 2713 Por..
450 2680 584 2712 Faciunt
598 2687 702 2714 tamen
717 2694 788 2726 quae
801 2683 862 2715 sibi
878 2684 1035 2716 videntur.
1080 2685 1137 2717 So.
1161 2685 1325 2716 Concedo.
1370 2684 1455 2716 Por..
1478 2686 1632 2724 Molesta,

161 2746 181 2766 o
196 2736 351 2773 Socrates,
366 2740 400 2766 et
413 2733 610 2766 incredibilia
624 2736 714 2768 dicis.
759 2737 812 2769 So.
834 2737 887 2769 Ne
903 2748 952 2769 me
965 2748 1104 2776 accuses,
1120 2738 1248 2780 pulchre
1264 2738 1356 2777 Pole,
1371 2745 1407 2770 ut
1420 2739 1578 2780 appellem
1596 2746 1627 2771 te

161 2789 334 2820 secundum
360 2794 402 2820 te.
425 2798 531 2819 verum
554 2788 580 2819 si
605 2789 682 2830 quid
714 2790 810 2821 habes
836 2792 921 2832 quod
945 2791 1096 2833 inquiras,
1111 2802 1242 2823 errorem
1258 2803 1361 2823 meum
1385 2793 1556 2834 redargue:
1580 2794 1629 2824 sin

161 2843 276 2880 minus,
293 2843 361 2884 ipse
376 2843 544 2884 responde.
590 2843 676 2874 Por..
700 2843 764 2875 Sed
785 2845 974 2886 respondere
992 2845 1087 2886 malo,
1102 2847 1225 2888 utquid
1241 2846 1328 2878 dicas
1341 2846 1528 2888 intelligam.
1571 2847 1630 2878 So·

161 2896 274 2928 Utrum
294 2907 374 2938 vergo
400 2897 458 2928 tibi
475 2897 626 2934 videntur
646 2898 789 2929 homines
813 2899 845 2929 id
865 2898 957 2936 velle,
972 2901 1059 2941 quod
1085 2900 1204 2942 ubique
1219 2901 1340 2943 agunt?
1363 2911 1402 2931 an
1419 2901 1525 2942 potius
1541 2900 1631 2936 illud,

159 2949 250 2992 cujus
265 2951 365 2994 gratia
385 2956 484 2995 agunt
498 2952 530 2984 id
554 2952 640 2996 quod
656 2953 775 2997 agunt?
800 2953 898 2986 veluti
921 2955 977 2997 qui
997 2955 1164 2997 pharmaca
1179 2966 1198 2987 a
1213 2955 1342 2997 medicis
1358 2959 1490 2996 accepta
1507 2953 1630 2995 bibunt,
