1846 3268
260 259 340 297 206
870 254 1139 295 PLATONIS
1628 258 1724 309 [482

255 360 385 403 plicare.
431 360 587 398 Quorsum
602 359 669 390 haec
683 357 694 389 ?
718 355 835 399 nempe*
848 357 1074 396 animadverto,
1091 369 1139 390 me
1155 363 1250 400 atque
1275 363 1306 391 te
1324 369 1408 391 nunc
1425 358 1506 390 idem
1523 358 1613 400 pati:
1637 368 1725 391 eum-

258 426 321 457 que
335 416 399 446 duo
415 414 521 452 simus,
537 414 600 445 duo
617 413 760 455 quaedam
783 422 898 443 amare.
942 411 1026 443 Nam
1042 423 1101 454 ego
1125 412 1353 454 philosophiam
1370 423 1440 444 amo
1454 425 1462 443 :
1485 418 1519 444 tu
1535 423 1607 444 vero
1623 423 1725 455 popu·

256 469 321 500 lum
334 468 572 500 Atheniensem.
618 467 727 499 Sentio
754 466 874 508 itaque,
902 465 928 497 si
954 467 985 498 in
1012 467 1167 499 concione
1196 468 1251 499 tibi
1279 467 1416 510 populus
1443 467 1677 505 contradixerit,
1692 471 1725 498 te

257 523 460 556 consuevisse
477 526 595 553 mutare
611 521 810 557 sententiam,
827 526 922 563 atque
938 531 976 552 ea
990 521 1094 553 dicere
1108 532 1179 564 quae
1195 522 1239 552 illi
1254 522 1378 564 placere
1402 521 1571 564 intelligas,
1586 532 1645 553 nec
1660 521 1725 553 ullo

255 577 352 607 modo
367 586 460 618 posse
474 575 628 606 voluntati
638 573 707 616 ejus
722 574 882 605 obsistere.
926 574 1138 612 Quamobrem
1153 576 1178 606 si
1193 575 1263 618 quis
1279 576 1343 616 illa,
1358 586 1429 618 quas
1447 580 1480 606 tu
1497 574 1594 617 gratia
1614 574 1726 616 populi

256 630 349 667 dicis,
376 629 558 666 admiratus,
585 628 719 659 absurda
744 638 813 659 esse
839 628 1004 670 objecerit,
1030 629 1235 670 respondebis
1261 630 1402 667 forsitan,
1428 630 1521 661 modo
1537 638 1609 660 vera
1634 628 1725 660 fateri

256 684 346 722 velis,
361 684 421 716 nisi
436 685 462 715 is
476 694 569 725 quem
586 688 620 713 tu
636 693 731 719 anias,
758 681 855 724 [482]
882 683 1016 724 populus
1033 689 1131 714 mutet
1146 683 1346 725 sententiam,
1359 694 1419 715 nee
1442 693 1580 725 unquam
1608 687 1639 714 te
1656 693 1724 713 mu-

259 743 406 772 taturum.
451 738 541 770 Idem
557 737 614 769 tibi
629 737 709 768 sorte
723 737 920 779 contingeret
935 747 1008 779 erga
1024 737 1179 779 privatum
1194 739 1364 780 quendam,
1379 738 1404 769 si
1417 748 1510 780 quem
1525 737 1726 768 vehementer

260 803 389 825 amares.
435 792 594 824 Arbitrare
623 792 730 834 igitur,
754 791 828 823 talia
855 803 874 823 a
900 803 948 823 me
971 793 1116 834 quaedam
1147 797 1178 823 te
1203 792 1330 831 audire3
1354 803 1414 823 nec
1444 791 1520 822 talia
1541 800 1591 822 me
1619 789 1726 821 dicere

255 846 434 878 admireris:
459 847 513 879 sed
533 847 574 878 da
596 857 734 889 operam,
749 851 785 878 ut
806 846 1008 889 philosophia
1035 857 1129 888 quam
1153 858 1236 883 arno,
1260 847 1327 878 haec
1342 846 1423 877 velle
1449 845 1591 877 desistat.
1636 844 1727 876 Dicit

255 901 340 932 enim
355 896 420 940 illa',
435 912 455 933 ο
470 900 571 933 dulcis
586 901 697 938 amice,
713 911 835 943 semper
850 911 921 943 quae
941 911 960 932 a
982 911 1032 932 me
1059 901 1160 932 audis.
1184 906 1217 932 et
1238 900 1263 932 si
1289 899 1486 931 familiarium
1503 899 1631 941 quidam
1647 898 1724 930 alias

256 955 334 986 mihi
349 955 487 997 loquitur
500 955 613 994 aliter;
635 954 837 996 philosophia
855 959 959 985 tamen
974 964 1096 996 semper
1111 954 1233 987 eadem.
1264 953 1343 985 dicit
1357 959 1460 985 autem
1484 963 1556 995 quae
1578 958 1612 984 tu
1637 963 1724 984 nunc

254 1009 432 1040 admiraris:
456 1009 551 1040 modo
576 1008 660 1040 enim
682 1018 819 1050 praesens
844 1008 973 1039 audisti.
1018 1007 1088 1039 Aut
1113 1019 1186 1049 ergo
1213 1008 1311 1045 illam,
1327 1007 1414 1049 quod
1439 1018 1541 1049 nuper
1566 1007 1722 1047 dicebam,

254 1064 418 1105 redargue,
433 1068 528 1104 atque
544 1062 688 1099 ostende,
702 1060 847 1102 injuriam
862 1061 965 1093 facere
979 1072 1040 1093 nec
1065 1063 1139 1093 dare
1155 1071 1263 1103 poenas
1279 1072 1343 1092 non
1359 1066 1529 1093 extremum
1545 1071 1613 1093 esse
1627 1059 1725 1091 malo-

255 1129 346 1150 rum:
371 1122 436 1155 aut,
452 1117 478 1148 si
499 1117 560 1148 boc
582 1121 663 1147 stare
685 1113 775 1156 sinis,
800 1115 939 1157 praedico
965 1115 1035 1153 tibi,
1058 1126 1078 1146 o
1101 1114 1261 1151 Callicles,
1288 1125 1343 1156 per
1364 1125 1474 1146 canem
1497 1115 1723 1156 AEgyptiorum

255 1172 362 1210 deum,
377 1181 539 1213 nunquam
555 1174 586 1202 te
604 1169 728 1202 Callicli
744 1179 979 1206 consensurum,
995 1169 1048 1200 sed
1075 1169 1107 1199 in
1133 1169 1220 1200 omni
1241 1169 1305 1200 vita
1320 1174 1579 1212 repugnaturum.
1622 1167 1725 1211 Atqui

253 1236 325 1268 ego,
341 1237 360 1257 ο
378 1226 423 1257 vir
437 1225 569 1267 optime,
585 1228 730 1265 praestare
741 1222 866 1264 judico,
883 1227 918 1253 ut
945 1222 1016 1265 lyra
1040 1223 1113 1253 mihi
1141 1223 1300 1254 discordet
1324 1227 1358 1255 et
1382 1223 1534 1261 dissonet,
1549 1223 1724 1264 chorusque

252 1291 347 1322 quern
363 1279 489 1316 ducam,
504 1289 542 1310 ac
557 1277 646 1308 multi
661 1282 810 1318 praeterea
830 1276 972 1308 homines
997 1276 1225 1313 contradicant,
1241 1287 1336 1319 quarn
1361 1282 1397 1308 ut
1410 1287 1470 1319 ego
1486 1287 1566 1308 unus
1582 1276 1725 1308 mihimet

252 1333 412 1365 dissonem
429 1337 523 1375 atque
536 1342 721 1374 repugnem.
767 1331 855 1363 Cn..
879 1330 908 1362 Ο
925 1331 1080 1369 Socrates,
1097 1331 1221 1363 videtur
1234 1332 1302 1363 haec
1328 1337 1382 1363 tua
1405 1331 1558 1373 juvenilis
1577 1331 1722 1374 quaedam

251 1387 285 1419 in
302 1387 492 1429 disputando
502 1385 671 1428 jactantia,
687 1395 723 1416 ac
749 1395 854 1416 revera
868 1384 1003 1427 vulgaris
1027 1385 1155 1427 quidam
1180 1396 1313 1427 appares
1335 1386 1560 1418 concionator:
1581 1393 1615 1417 et
1637 1396 1722 1418 nunc

253 1442 382 1485 quidem
396 1441 429 1472 in
445 1441 493 1472 his
508 1440 702 1472 concionaris
717 1450 726 1480 ;
749 1449 820 1471 cum
835 1439 919 1471 idern
934 1439 1015 1471 Polo
1031 1440 1181 1478 evenerit,
1202 1441 1287 1482 quod
1312 1440 1454 1472 evenisse
1470 1440 1609 1482 Gorgias,
1625 1441 1722 1483 paulo

254 1501 327 1528 ante
343 1507 416 1538 erga
430 1500 461 1527 te
477 1495 655 1527 accusabat.
678 1505 751 1525 nam
767 1493 919 1535 Gorgiam
938 1494 1076 1536 quodam
1102 1494 1134 1524 in
1152 1494 1222 1526 loco
1239 1505 1257 1525 a
1273 1499 1305 1525 te
1320 1494 1554 1536 interrogatum,
1571 1495 1595 1526 si
1613 1505 1722 1537 perge·

253 1556 301 1583 ret
315 1551 356 1582 ad
371 1550 474 1592 ipsum
502 1548 617 1593 aliquis
640 1547 823 1580 rhetoricam
847 1553 1064 1589 percepturus,
1081 1548 1135 1579 sed
1148 1546 1229 1589 juris
1255 1547 1392 1589 ignarus,
1407 1559 1447 1580 an
1467 1548 1558 1580 illum
1584 1549 1725 1590 doceret,

252 1606 365 1638 rubore.
386 1605 570 1641 adductum,
595 1602 701 1645 inquit
725 1603 834 1640 Polus,
862 1602 1062 1634 affirmavisse
1090 1602 1177 1633 illum
1201 1613 1234 1633 se
1257 1613 1324 1634 esse
1347 1603 1536 1635 docturum:
1559 1603 1655 1645 idque
1681 1604 1722 1634 ob

252 1660 339 1702 ipsos
353 1659 514 1691 hominum
529 1667 642 1695 mores,
657 1656 713 1699 qui
739 1658 872 1699 graviter
896 1657 1023 1696 ferrent,
1037 1656 1063 1687 si
1078 1656 1149 1698 quis
1165 1656 1240 1687 talia
1257 1667 1320 1687 non
1337 1657 1535 1689 concederet.
1557 1657 1598 1688 ob
1613 1657 1723 1699 hujus-

252 1714 340 1746 modi
360 1713 476 1744 deinde
491 1712 726 1744 concessionem
741 1716 886 1742 coactum
912 1722 979 1743 esse
1002 1710 1151 1752 Gorgiam
1178 1710 1302 1742 sibimet
1315 1711 1540 1743 contradicere.
1559 1715 1594 1742 et
1607 1717 1639 1743 te
1653 1711 1726 1753 qui-

252 1769 325 1800 dem
335 1767 424 1810 juste
438 1772 514 1798 tunc
529 1777 599 1798 meo
606 1765 731 1807 judicio
746 1765 850 1803 irrisit,
867 1766 952 1809 quod
968 1765 1150 1806 hujusmodi
1167 1765 1301 1808 ineptias
1312 1765 1494 1807 sequereris.
1543 1763 1637 1798 Nunc
1649 1775 1722 1797 vero

251 1832 356 1853 rursus
371 1821 452 1852 Polo
467 1821 577 1852 eadem
593 1825 767 1852 evenerunt
782 1831 790 1851 ε
814 1825 909 1862 atque
925 1831 984 1862 ego
1000 1820 1116 1852 Polum
1138 1819 1172 1851 in
1199 1820 1259 1852 hoc
1282 1819 1412 1851 minime
1437 1820 1548 1862 probo,
1563 1820 1649 1862 quod
1664 1820 1724 1851 tibi

251 1874 454 1916 concesserit,
481 1874 625 1916 injuriam
642 1873 763 1916 turpius
778 1884 846 1905 esse
862 1875 965 1905 facere
980 1884 1074 1916 quam
1090 1873 1167 1915 pati.
1191 1874 1233 1905 ob
1259 1883 1354 1915 quam
1368 1874 1606 1906 concessionem
1622 1874 1723 1916 irnpe-

252 1929 337 1962 ditus
352 1939 371 1960 a
392 1934 434 1965 te,
447 1939 518 1970 quae
539 1928 744 1970 cogitaverat,
771 1927 927 1969 explicare
951 1938 1016 1958 non
1038 1927 1156 1969 potuit.
1199 1927 1247 1958 Tu
1266 1937 1337 1958 vero
1352 1937 1470 1964 revera,
1485 1937 1506 1958 ο
1519 1927 1673 1966 Socrates,
1689 1927 1722 1959 in

251 1983 414 2025 scrupulos
429 1982 691 2024 concionalesque
715 1981 916 2014 difficultates
940 1982 1105 2013 audientes
1128 1981 1271 2018 adducis,
1295 1981 1371 2012 dum
1387 1981 1548 2013 veritatem
1575 1982 1664 2024 sequi
1690 1987 1722 2013 te

252 2036 416 2080 profiteris.
440 2036 532 2068 affers
547 2036 655 2078 utique
671 2035 702 2067 in
721 2037 859 2068 medium
877 2046 948 2078 quae
962 2041 1072 2067 natura
1088 2036 1215 2077 quidem
1231 2035 1361 2077 pulchra
1379 2045 1443 2066 non
1459 2040 1546 2076 sunt,
1559 2035 1614 2067 sed
1638 2035 1720 2077 lege.

249 2091 438 2133 Plerumque
452 2101 524 2122 vero
540 2090 666 2127 accidit,
682 2095 718 2121 ut
734 2090 886 2122 contraria
903 2090 966 2121 sint
981 2091 1061 2122 inter
1077 2101 1110 2122 se
1127 2090 1175 2122 lex
1192 2094 1287 2132 atque
1312 2095 1435 2122 natura.
1479 2089 1513 2121 Si
1536 2089 1608 2131 quis
1623 2089 1719 2130 igitur

250 2146 413 2177 erubescat
428 2155 531 2186 neque
546 2145 662 2176 audeat
674 2154 744 2186 quae
769 2144 867 2185 [483]
891 2144 954 2175 sint
970 2144 1155 2186 exprimere»,
1171 2144 1325 2175 contraria
1337 2143 1462 2175 sibimet
1476 2142 1567 2175 fateri
1581 2142 1722 2185 compel-

250 2201 335 2240 litur,
352 2204 386 2230 tu
401 2209 474 2230 vero
489 2199 521 2230 id
537 2199 670 2230 astutius
685 2199 947 2236 animadvertens,
962 2198 1119 2230 insidiaris
1135 2198 1169 2230 in
1184 2198 1298 2229 verbis.
1343 2197 1378 2229 Si
1403 2196 1474 2240 quis
1497 2195 1583 2229 enim
1607 2207 1721 2229 secun-

249 2254 324 2285 dum
339 2254 440 2296 legem
457 2253 612 2295 loquatur,
628 2258 661 2283 tu
677 2253 830 2294 deinceps
845 2252 1018 2284 secundum
1041 2257 1183 2283 naturam
1212 2251 1394 2293 interrogas.
1417 2251 1444 2283 si
1458 2261 1531 2283 vero
1545 2251 1720 2283 secundum

250 2314 392 2340 naturam
411 2307 476 2346 ille,
491 2307 560 2349 ipse
578 2307 750 2338 secundum
775 2306 875 2348 legem
893 2318 900 2338 ε
924 2306 1190 2348 quemadmodum
1216 2306 1258 2337 de
1285 2305 1448 2336 inferenda.
1460 2304 1512 2336 vel
1537 2305 1721 2336 sustinenda

252 2362 369 2404 injuria
383 2362 477 2393 modo
492 2361 606 2393 fecisti.
653 2361 734 2394 Cum
749 2361 833 2393 enim
855 2361 954 2392 Polus
976 2361 1149 2392 secundum
1165 2360 1266 2401 legem
1283 2359 1396 2390 inferre
1412 2358 1534 2401 turpius
1548 2369 1616 2390 esse
1631 2358 1718 2390 dice-

253 2421 311 2453 ret,
326 2416 396 2459 ipse
411 2416 511 2457 legem
526 2426 560 2447 es
576 2419 770 2457 persecutus.
814 2414 938 2446 Natura
951 2415 1034 2446 enim
1050 2413 1205 2456 quidquid
1230 2413 1321 2455 pejus
1345 2418 1404 2450 est,
1418 2412 1503 2444 idern
1527 2417 1560 2444 et
1585 2412 1719 2454 turpius,

254 2470 346 2512 quale
361 2475 410 2502 est
435 2468 580 2511 injuriam
608 2470 697 2511 pati:
723 2469 792 2511 lege
815 2479 899 2506 vero,
924 2469 1047 2500 inferre.
1071 2478 1135 2499 non
1155 2467 1238 2498 enim
1254 2467 1308 2498 viri
1333 2472 1381 2512 est
1404 2466 1535 2509 injurias
1562 2466 1642 2510 pati,
1663 2467 1720 2499 aed

251 2524 401 2566 mancipii
424 2523 601 2566 cujusdam,
628 2523 680 2555 cui
705 2523 816 2555 melius
840 2527 922 2554 esset
944 2528 1099 2554 mortuum
1126 2532 1194 2553 esse
1218 2531 1311 2563 quam
1327 2520 1456 2552 vivere:
1479 2521 1565 2563 quod
1580 2520 1721 2563 quidem,

251 2578 452 2610 contumeliis
467 2577 654 2620 injuriisque
672 2578 846 2619 affectum,⁴
857 2587 962 2619 neque
988 2577 1048 2608 sibi
1063 2586 1168 2618 neque
1183 2575 1247 2606 suis
1263 2579 1368 2617 potest
1382 2574 1541 2616 opitulari.
1586 2575 1719 2614 Verum,

247 2636 284 2662 ut
298 2641 357 2673 ego
374 2631 514 2669 arbitror,
529 2632 585 2674 qui
609 2632 694 2674 leges
710 2632 865 2669 condunt,
880 2631 1100 2663 imbecilliores
1116 2635 1191 2661 sunt
1206 2630 1321 2671 plures.
1367 2629 1480 2672 Itaque
1498 2629 1627 2662 utilitati
1641 2641 1720 2662 con·

249 2685 387 2717 solentes
403 2695 467 2716 suae
484 2685 568 2727 leges
585 2687 793 2718 constituunt.
816 2691 967 2728 praeterea
981 2685 1091 2717 laudes
1108 2684 1417 2726 vituperationesque
1432 2684 1618 2726 disponunt,
1632 2689 1719 2716 metu

245 2739 458 2782 potentiorum
474 2739 615 2777 adducti,
632 2751 673 2771 nc
697 2751 760 2782 qua
785 2740 818 2771 in
834 2751 866 2771 re
882 2740 1032 2772 excedere
1055 2750 1109 2771 eos
1125 2739 1258 2781 possint.
1284 2737 1394 2780 itaque
1409 2738 1499 2769 aiunt
1512 2742 1602 2779 turpe
1616 2737 1718 2779 injus-

247 2800 377 2835 tumque
393 2803 460 2824 esse
471 2793 539 2824 aliis
555 2793 628 2835 plus
644 2795 756 2826 habere
771 2806 781 2834 ;
803 2795 899 2837 idque
916 2794 1075 2826 definiunt
1089 2793 1236 2835 injuriam
1251 2792 1366 2830 facere,
1380 2792 1451 2834 plus
1467 2791 1612 2823 videlicet
1625 2802 1720 2833 quam

247 2847 300 2879 alii
316 2852 350 2878 ut
364 2847 492 2888 habeas,
505 2857 654 2889 quaerere.
677 2849 752 2879 satis
767 2849 851 2880 enim
868 2848 928 2880 sibi
939 2848 1055 2880 sactum
1069 2853 1194 2890 putant,
1209 2847 1236 2878 si
1249 2857 1321 2879 cum
1336 2845 1496 2878 inferiores
1507 2844 1580 2883 siut,
1595 2855 1718 2887 aequam

246 2902 384 2933 habeant
411 2901 597 2942 portionem.
644 2901 696 2932 Ob
723 2903 803 2934 hanc
829 2902 926 2944 igitur
951 2903 1103 2935 rationem
1123 2902 1192 2943 lege
1209 2901 1336 2943 quidem
1352 2901 1383 2932 id
1399 2899 1550 2942 injustum
1565 2903 1720 2942 turpeque

247 2956 373 2994 dicitur,
397 2965 533 2998 quaerere
550 2960 583 2988 ut
600 2956 714 2988 habeas
731 2956 801 2998 plus
818 2967 911 2999 quam
927 2958 1021 2990 ceteri
1037 2970 1043 2989 :
1068 2962 1162 2999 atquc
1178 2957 1258 2989 lianc
1275 2955 1367 2998 vulgo
1384 2953 1528 2996 injuriam
1544 2954 1719 2988 nominant.
