1846 3268
222 278 321 329 370]
728 273 946 313 HIPPIAS
977 273 1174 312 MINOR.
1606 275 1686 314 165

219 393 298 425 opus
314 394 320 413 :
345 381 435 424 quasi
450 391 533 413 esses
549 377 716 421 sculpendi
731 378 860 420 peritus.
883 377 1055 419 quinetiam
1071 376 1208 419 sigillum
1223 377 1494 418 quoddam-tuum
1515 389 1596 420 opus
1618 390 1687 411 sus-

220 437 378 474 tentabas,
402 441 434 467 et
461 434 621 476 strigilem,
643 438 676 464 et
703 432 864 464 vasculum
891 431 1132 474 unguentarium
1160 431 1302 462 similiter
1325 442 1405 473 opus
1427 437 1538 463 tuum:
1562 433 1686 465 calceos

218 492 388 533 quinetiam
406 490 467 521 tuis
482 493 630 521 consutos
646 487 801 524 manibus,
818 491 937 518 vestem
952 491 985 517 et
1000 485 1168 517 interulam
1190 486 1244 517 abs
1270 490 1301 517 te
1321 490 1511 518 contextam.
1535 488 1687 529 quodque

217 546 385 576 admodum
401 543 571 575 mirabilius
586 543 686 573 visum
703 546 761 577 est,
777 546 810 572 et
822 540 986 582 singularis
1002 540 1153 571 indicium
1169 539 1345 582 sapientiae,
1369 539 1531 583 cingulum
1555 541 1686 574 dicebas

218 598 394 630 ostendisse
405 604 436 629 te
449 608 529 640 opus
545 602 645 634 tuum,
662 595 796 628 Persicis
811 593 1019 637 pretiosisque
1034 594 1149 626 simile.
1194 594 1275 626 Item
1291 599 1346 626 tua
1361 596 1505 637 quasdam
1522 595 1686 637 poemata,

217 653 365 689 carmina,
390 652 567 694 tragoedias,
594 651 823 694 dithyrambOS,
847 654 880 681 et
904 649 1060 680 orationes
1084 648 1234 690 plurimas
1250 648 1424 691 variasque,
1450 648 1522 681 stilo
1546 651 1685 692 pedestri

215 707 417 749 compositas.
435 711 585 748 praeterea
598 705 771 748 periculum
787 708 860 735 ante
876 703 953 735 alios
969 713 1077 734 omnes
1088 702 1200 734 fecisse
1211 702 1244 733 in
1261 702 1388 741 artibus,
1404 713 1481 745 quas
1495 704 1528 735 in
1542 705 1684 747 superio-

214 761 300 791 ribus
314 760 594 792 commemorabam
608 772 616 790 ε
641 759 674 790 et
688 758 719 789 in
735 757 891 801 rhythmis
912 756 1144 799 harmoniisque
1164 762 1197 788 et
1222 756 1328 788 studio
1344 756 1514 800 literarum,
1529 759 1614 791 acin
1630 770 1683 792 ce-

215 815 288 846 teris
300 814 422 855 generis
436 813 531 855 hujus
546 812 719 855 permultis,
745 813 770 843 si
796 817 880 844 recte
895 811 1051 843 recordor.
1094 810 1141 842 At
1155 821 1227 843 vero
1250 811 1504 853 praetermiseram
1529 818 1592 845 tuae
1617 825 1683 847 me-

214 868 319 899 moriae
343 867 518 905 artificium,
543 878 606 910 quo
633 866 751 908 pollere
776 871 807 897 te
831 865 942 896 mirum
967 866 1000 896 in
1025 865 1152 896 modum
1178 865 1348 897 existimas.
1370 865 1450 898 forte
1463 878 1537 899 vero
1563 873 1596 899 et
1621 869 1685 901 alia

215 923 313 954 multa
327 933 395 953 sum
412 922 538 954 oblitus.
583 921 701 953 Verum
716 921 801 962 quod
816 920 885 962 ipse
897 929 1016 962 quaero,
1044 924 1113 951 tuas
1129 924 1210 952 artes
1225 919 1488 959 animadvertens,
1513 922 1628 964 quibus
1650 928 1685 955 et

214 977 291 1008 alias
305 975 492 1008 sufficienter
506 975 708 1018 dijudicabis,
735 975 787 1006 dic
808 985 879 1016 age,
904 974 930 1005 si
956 973 1106 1016 repereris
1130 983 1276 1016 usquam,
1302 985 1340 1006 ex
1363 974 1414 1006 his
1435 976 1601 1017 quaeinter
1624 987 1684 1009 nos

215 1041 364 1063 concessa
378 1031 516 1066 fuerunt,
532 1040 551 1060 a
570 1030 722 1061 mendace
738 1039 880 1061 veracem
901 1039 969 1060 esse
986 1028 1155 1070 diversum,
1170 1039 1275 1070 neque
1289 1030 1426 1061 eundem
1440 1030 1598 1074 exsistere.
1640 1031 1683 1064 In

215 1084 357 1126 qualibet
370 1089 474 1116 autem
489 1082 643 1125 sapientia
667 1094 771 1125 quaere
786 1083 836 1115 vel
858 1083 1045 1120 calliditate,
1071 1082 1168 1126 [369]
1193 1083 1243 1115 vel
1267 1084 1554 1127 quomodocunque
1569 1086 1682 1128 appel-

215 1138 277 1169 lare
288 1137 392 1179 juvat.
415 1137 470 1169 sed
487 1148 659 1179 nunquam,
687 1147 705 1167 o
720 1137 834 1175 amice,
848 1136 1001 1169 invenies.
1025 1147 1129 1179 neque
1149 1137 1234 1168 enim
1257 1142 1305 1170 est
1329 1148 1471 1180 usquam.
1492 1140 1579 1182 quod
1594 1140 1619 1172 si
1635 1145 1684 1173 est

214 1191 342 1228 alicubi.
357 1192 455 1223 dicas.
501 1191 583 1223 Hip,
607 1191 701 1222 Haud
717 1192 750 1222 in
771 1191 939 1233 praesentia
962 1191 1101 1228 invenio,
1125 1191 1278 1223 Socrates.
1323 1191 1378 1225 So.
1401 1191 1516 1234 Neque
1539 1192 1684 1227 invenies

214 1246 357 1287 posthac,
374 1251 407 1277 ut
422 1246 561 1278 arbitror.
605 1245 638 1276 Si
648 1250 752 1277 autem
768 1256 840 1277 vera
854 1245 977 1287 loquor,
991 1245 1165 1283 recordare,
1181 1244 1316 1287 Hippia,
1328 1245 1406 1287 quid
1420 1256 1459 1277 ex
1470 1247 1682 1289 superioribus

214 1299 364 1341 sequitur.
409 1300 491 1331 Hn‘.
513 1299 589 1331 Non
606 1300 679 1331 satis
695 1300 823 1331 adverto
840 1300 925 1341 quod
941 1299 1090 1342 loqueris,
1106 1299 1262 1331 Socrates.
1307 1299 1364 1331 So.
1387 1299 1477 1332 Nihil
1493 1311 1574 1343 opus
1589 1302 1682 1334 estin

212 1354 379 1395 praesentia
392 1353 548 1385 memoriae
564 1353 709 1384 artificio.
731 1358 821 1395 patet
836 1353 920 1385 enim
946 1357 978 1384 te
1002 1363 1085 1395 opus
1100 1363 1168 1384 esse
1184 1363 1248 1384 non
1266 1352 1412 1395 opinari:
1435 1354 1490 1385 sed
1511 1365 1572 1397 ego
1594 1365 1681 1389 nunc

210 1409 403 1440 memoraba.
450 1406 638 1439 Recordaris
649 1407 766 1438 dixisse
781 1412 825 1448 te,
852 1406 1008 1438 Achillem
1025 1407 1123 1438 virum
1149 1407 1244 1438 fuisse
1260 1407 1444 1450 veridicum,
1466 1409 1591 1443 Ulixem
1607 1421 1681 1443 vero

214 1462 398 1494 mendacem
413 1468 507 1504 atque
521 1467 680 1493 versutum
693 1462 704 1493 ?
750 1461 832 1494 Hm.
855 1461 986 1503 Utique.
1023 1461 1086 1493 So.
1107 1461 1205 1493 Nunc
1219 1466 1324 1494 autern
1338 1463 1447 1501 sentis,
1473 1465 1609 1497 eundem
1623 1476 1680 1508 ap·

212 1517 351 1558 paruisse
366 1527 505 1548 veracem
532 1527 599 1548 esse
618 1522 714 1559 atque
738 1516 934 1548 mendacem.
957 1510 1096 1559 ideoque
1119 1515 1147 1547 si
1169 1517 1304 1548 mendax
1327 1521 1394 1548 erat
1408 1517 1537 1555 Ulixes,
1559 1523 1626 1550 erat
1648 1523 1683 1552 et

212 1580 304 1602 verax
321 1583 330 1602 τ
352 1572 427 1603 item
445 1571 470 1602 si
486 1572 642 1604 veridicus
658 1571 813 1610 Achilles,
837 1577 905 1603 erat
929 1576 962 1603 et
984 1571 1139 1603 mendax:
1163 1581 1267 1613 neque
1287 1571 1469 1604 differentes
1482 1573 1516 1604 hi
1531 1572 1587 1604 viri
1602 1573 1682 1605 invi-

210 1635 290 1662 cem,
306 1636 408 1668 neque
424 1625 583 1663 contrarii,
599 1626 694 1657 immo
710 1626 825 1657 similes
839 1625 1035 1657 exstiterunt.
1082 1624 1163 1657 Hu’.
1187 1625 1318 1667 Semper
1326 1630 1361 1657 tu
1371 1625 1513 1668 quidem,
1524 1626 1680 1666 Socrates,

209 1679 428 1720 captiunculas
444 1679 522 1710 tales
537 1680 689 1717 contexis,
704 1684 737 1711 et
751 1685 883 1722 captans
899 1680 985 1721 quod
1007 1679 1041 1710 in
1064 1689 1205 1711 sermone
1221 1679 1474 1711 molestissimum
1489 1686 1547 1719 est,
1563 1682 1603 1712 ad
1618 1682 1681 1714 hoc

210 1733 321 1771 instas,
336 1738 369 1764 et
384 1733 513 1765 minima
526 1744 661 1776 quaeque
679 1739 866 1771 contrectas,
883 1744 988 1775 neque
1003 1734 1151 1764 adversus
1167 1738 1265 1765 totam
1281 1745 1345 1766 rem
1361 1734 1472 1776 ipsam,
1499 1735 1541 1766 de
1555 1745 1618 1778 qua
1631 1741 1681 1768 est

209 1798 322 1824 sermo,
335 1789 514 1821 contendis.
559 1788 705 1831 Namque
721 1789 745 1820 si
762 1789 851 1827 velis,
866 1800 951 1820 nunc
967 1789 1107 1830 pluribus
1117 1789 1308 1830 argumentis
1319 1789 1547 1832 sufficientique
1558 1790 1680 1823 ratione

210 1842 374 1873 ostendam
402 1842 471 1881 tibi,
498 1842 668 1874 Homerum
697 1843 789 1875 Ulixe
813 1843 972 1875 meliorem
992 1842 1148 1874 Achillem
1166 1853 1369 1886 veracemque
1384 1843 1530 1876 finxisse:
1553 1844 1678 1877 Ulixem

210 1906 283 1928 vero
299 1897 464 1928 subdolum
478 1902 511 1929 et
534 1897 566 1928 in
592 1897 731 1940 pluribus
758 1897 975 1935 mentientem,
1003 1902 1099 1939 atque
1116 1896 1242 1929 Achille
1258 1899 1457 1932 deteriorem.
1503 1898 1562 1936 At,
1578 1899 1604 1930 si
1619 1898 1679 1930 tibi

210 1950 328 1993 placet,
343 1951 481 1983 vicissim
497 1953 667 1994 responde,
682 1962 818 1994 cumque
833 1962 902 1984 mea
918 1952 1092 1983 orationem
1107 1956 1193 1983 tuam
1208 1962 1368 1995 compara,
1394 1963 1457 1995 qua
1471 1953 1620 1984 ostendas
1633 1953 1680 1984 al-

209 2010 309 2036 terum
324 2005 482 2037 meliorem
499 2017 566 2038 esse
580 2018 587 2037 :
613 2011 709 2048 atque
724 2006 768 2037 ita
785 2011 952 2048 praesentes
967 2007 1000 2038 hi
1016 2005 1113 2048 magis
1127 2007 1316 2049 intelligent,
1331 2012 1401 2039 uter
1410 2011 1548 2039 nostrum
1562 2006 1680 2039 rectius

208 2059 335 2091 locutus
355 2060 460 2092 fuerit.
505 2061 562 2092 So.
587 2060 682 2091 Haud
706 2060 791 2091 istud
807 2060 919 2092 dubito
935 2061 983 2092 vel
999 2061 1173 2102 contendo,
1194 2060 1326 2103 Hippia,
1342 2072 1406 2104 quo
1430 2061 1532 2093 minus
1555 2072 1607 2093 me
1627 2071 1679 2093 aa·

209 2114 345 2156 pientior
359 2114 508 2147 videaris:
534 2116 614 2146 cedo
629 2115 776 2157 equidem
799 2115 866 2147 tibi.
892 2126 996 2146 verum
1023 2115 1173 2146 consuevi
1199 2125 1332 2157 semper,
1354 2126 1426 2147 cum
1447 2115 1560 2158 aliquis
1585 2116 1626 2147 de
1645 2126 1679 2147 re

209 2168 315 2210 aliqua
330 2169 482 2211 disputat,
498 2170 667 2210 diligenter
681 2170 866 2208 attendere3
889 2169 1060 2211 praesertim
1076 2170 1203 2211 quando
1219 2170 1275 2211 qui
1299 2170 1449 2211 loquitur,
1471 2170 1596 2212 sapiens
1610 2180 1679 2203 esse

210 2222 287 2253 mihi
302 2222 434 2254 videtur.
458 2228 533 2255 tunc
549 2234 622 2254 sane
638 2223 780 2254 discendi
797 2223 906 2254 avidus
922 2234 993 2265 quae
1019 2223 1107 2260 dicit,
1132 2224 1273 2261 observo,
1300 2224 1442 2266 exquiro,
1466 2230 1623 2256 connecto
1639 2235 1677 2258 ac

209 2282 331 2318 repeto,
359 2282 394 2308 ut
417 2277 528 2309 clarius
552 2278 637 2309 dicta
663 2277 847 2321 percipiam.
872 2278 920 2308 sin
936 2282 1040 2309 autem
1057 2278 1214 2309 dicentem
1229 2277 1333 2319 ipsum
1348 2279 1434 2320 parvi
1448 2279 1552 2320 facio3
1573 2290 1678 2322 neque

208 2331 331 2373 requiro
347 2333 386 2363 ab
401 2342 439 2363 eo
455 2332 635 2374 quicquam,
662 2342 765 2373 neque
792 2331 868 2373 quid
895 2331 992 2369 dicat,
1021 2331 1163 2363 attendo.
1208 2331 1315 2374 Atque
1329 2332 1389 2364 hac
1404 2332 1472 2374 ipsa
1495 2332 1678 2374 conjectura

209 2387 468 2427 comprehendes,
495 2397 574 2429 quos
600 2387 750 2417 aestimcm
771 2386 943 2428 sapientes.
969 2396 1075 2418 cernes
1099 2385 1182 2417 enim
1198 2396 1248 2417 me
1264 2386 1357 2417 verba
1369 2386 1494 2418 illorum
1509 2387 1677 2419 accuratis-

210 2439 286 2471 sime
300 2441 542 2482 auscultantem,
558 2441 831 2483 sciscitantemque
846 2441 885 2471 ab
900 2441 983 2480 illis;
1008 2446 1042 2471 ut
1058 2440 1178 2482 aliquid
1193 2441 1345 2473 discendo
1366 2440 1398 2472 in
1414 2441 1479 2472 vita
1501 2441 1675 2483 proficiam.

211 2494 252 2525 Et
266 2505 350 2526 nunc
365 2495 506 2537 quidem,
522 2506 592 2526 cum
609 2495 694 2526 dicta
711 2502 764 2526 tua
778 2495 1068 2531 animadverterem,
1084 2495 1198 2536 quibus
1211 2495 1334 2526 illorum
1349 2495 1519 2527 carminum
1536 2495 1676 2527 testimo-

209 2548 263 2579 nio
279 2547 436 2580 Achillem
453 2550 592 2580 ostendis
609 2551 755 2581 adversus
777 2549 903 2581 Ulixem
930 2555 966 2580 ut
987 2549 1217 2591 jactabundum
1243 2550 1362 2591 dicere,
1386 2549 1497 2581 mirum
1522 2550 1675 2592 quiddam

210 2603 286 2634 mihi
302 2603 401 2634 visum
429 2608 487 2643 est,
514 2603 540 2634 si
564 2614 636 2635 vera
661 2603 795 2635 dixeris:
820 2605 971 2646 quoniam
997 2604 1108 2636 Ulixes
1133 2604 1201 2646 ipse
1224 2609 1375 2646 versuum,
1397 2605 1493 2647 [370]
1518 2603 1677 2636 mendacii

208 2657 324 2688 nullius
345 2657 488 2699 redargui
513 2662 636 2698 potest:
659 2657 800 2689 Achilles
827 2664 931 2690 autem
949 2663 1089 2690 versutus
1113 2663 1145 2690 et
1162 2658 1276 2695 varius,
1302 2659 1474 2697 secundum
1501 2648 1674 2690 sermonem

207 2716 310 2753 tuum,
325 2723 391 2743 esse
406 2712 540 2744 videtur.
563 2712 710 2744 mentitur
735 2713 830 2745 enim.
875 2713 959 2744 Nam
984 2723 1053 2745 cum
1072 2723 1110 2744 ca.
1125 2714 1358 2755 pronuntiasset
1372 2713 1520 2753 carmina,
1544 2724 1615 2756 quae
1637 2717 1672 2744 tu

208 2777 293 2799 nunc
306 2765 504 2809 recensuisti,

378 2844 404 2874 is
420 2842 518 2884 magis
533 2847 580 2874 est
594 2843 743 2885 quoniam
759 2854 851 2885 quam
867 2844 950 2886 nigri
960 2844 1062 2886 janua
1076 2844 1164 2876 Ditis

381 2897 522 2928 infensus
534 2897 636 2935 nobis,
652 2898 737 2928 aliud
749 2899 804 2940 qui
819 2905 947 2941 pectore
963 2899 1094 2935 claudit,

379 2952 453 2984 inde
469 2951 571 2994 palam
589 2952 704 2995 profert
719 2952 806 2984 aliud
822 2953 1035 2996 quodcunque
1052 2954 1185 2986 videtur.

328 2995 342 3002 a
