1846 3268
183 317 284 370 219]
717 311 1051 355 coNviva.
1564 316 1645 355 423

185 419 318 452 suimus.
363 418 451 457 Quid
467 418 570 450 multis
585 427 664 460 opus
679 423 726 448 est
742 417 866 448 verbis?
890 416 968 448 nihil
995 415 1070 447 mihi
1098 414 1260 448 successit.
1305 415 1475 458 Postquam
1493 428 1564 448 vero
1586 417 1646 449 bac

183 483 382 516 nequaquam
393 476 592 508 successerat,
603 471 777 502 durioribus
790 470 1046 502 machinamentis
1057 469 1156 500 virum
1170 471 1254 501 hunc
1270 470 1396 511 aggredi
1409 470 1515 507 statui,
1530 480 1589 502 nec
1604 471 1644 502 ab

184 526 318 569 inceptis
343 527 502 558 desistere.
549 525 682 563 Audite,
711 535 803 567 quam
834 525 1033 556 vehementer
1060 523 1135 555 huic
1163 523 1327 555 insidiatus
1357 535 1435 557 sum.
1480 524 1646 556 Coenatum

185 580 345 618 accersivi,
359 585 506 621 tanquam
523 584 640 610 amator
654 579 763 610 amatis
779 578 957 610 insidiatus.
1002 578 1034 608 Is
1050 587 1114 607 non
1130 577 1221 608 facile
1237 587 1296 609 nec
1311 577 1409 618 primo
1427 577 1529 619 paruit
1545 587 1554 607 ι
1577 582 1646 607 tan-

183 633 257 664 dem
271 643 344 665 vero
358 633 526 664 obsecutus
541 638 601 664 est.
621 632 708 663 venit
723 642 795 674 ergo
811 643 818 662 :
843 631 898 662 sed
923 634 1047 671 sumpto
1062 629 1135 661 cibo
1158 630 1323 661 confestim
1343 630 1480 661 abiturus
1506 629 1647 660 surrexit.

187 685 278 718 Tunc
291 697 351 728 ego
366 687 487 729 pudore
507 687 656 718 detentus
673 685 761 717 abire
777 684 916 728 permisi.
937 684 993 716 sed
1008 683 1083 715 alias
1105 682 1350 714 vehementiores
1371 683 1502 715 insidias
1518 683 1651 715 tendens

185 745 258 782 post
279 750 398 772 coenam
425 741 464 772 ad
491 740 620 771 multam
651 745 776 771 noctem
806 748 979 770 sermonem
1008 736 1166 779 protraxi:
1191 747 1324 779 cumque
1354 737 1448 768 vellet
1476 736 1648 772 discedere,

183 793 338 836 objiciens
353 794 572 836 intempestam
588 798 713 825 noctem
729 803 854 823 manere
867 791 973 832 coegi,
990 790 1109 832 quievit
1132 790 1226 831 igitur
1239 791 1273 822 in
1290 790 1429 832 proximo
1444 790 1538 828 lecto,
1553 799 1648 831 super

184 857 279 889 quern
295 848 407 879 sedens
421 852 608 886 coenaverat,
632 857 691 878 nec
714 846 794 877 alius
817 851 929 887 praeter
951 855 1008 876 nos
1032 844 1113 876 ullus
1136 843 1179 876 ibi
1203 855 1241 875 ea
1256 848 1349 876 nocte
1363 843 1521 875 dormivit.
1565 843 1647 880 Quae

183 901 334 933 hactenus
358 901 445 933 dicta
473 906 558 937 sunt,
584 901 650 932 sine
676 901 787 931 rubore
811 898 927 940 ubique
954 898 1080 940 proferri
1104 902 1255 940 possunt:
1273 908 1344 939 quae
1364 907 1437 929 vero
1463 900 1647 938 sequuntur,

184 964 248 986 non
263 955 349 996 prius
370 955 517 992 audietis,
531 965 626 996 quam
641 953 836 995 proverbium
853 953 929 984 illud
947 953 1165 990 recensuerim,
1192 952 1308 984 Vinum
1325 956 1357 983 et
1371 962 1442 983 cum
1459 950 1594 993 pueritia
1615 955 1650 981 et

181 1008 250 1039 sine
267 1008 398 1050 pueritia
411 1013 459 1039 est
473 1008 655 1040 veridicum.
678 1006 765 1044 Quin
781 1006 876 1038 etiam
888 1005 1040 1048 injustum
1051 1005 1186 1043 videtur,
1198 1010 1233 1037 ut
1244 1006 1281 1046 is,
1292 1006 1346 1048 qui
1358 1006 1515 1037 Socratem
1527 1006 1648 1047 laudat,
1669 1019 1675 1022 <

183 1062 350 1103 superbum
368 1066 401 1093 et
412 1061 562 1093 invictum
577 1061 699 1092 facinus
716 1060 800 1091 illius
816 1059 942 1091 silentio
959 1064 1133 1101 praetereat.
1179 1059 1333 1091 Praeterea
1345 1070 1407 1092 non
1418 1059 1507 1091 aliter
1516 1060 1649 1092 affectus

185 1125 252 1145 sum
268 1125 361 1157 quam
382 1115 452 1155 ille,
469 1125 562 1156 quem
585 1115 693 1156 vipera
719 1114 852 1145 mordet.
876 1113 963 1144 illum
985 1112 1104 1154 quippe
1127 1112 1241 1150 ferunt,
1264 1113 1364 1155 qualis
1386 1112 1426 1143 sit
1447 1113 1516 1155 ejus
1532 1114 1649 1155 passio,

185 1168 303 1209 aperire
320 1169 403 1199 nolle
419 1169 478 1199 nisi
494 1169 554 1206 his,
569 1168 623 1211 qui
639 1167 779 1199 similiter
793 1171 946 1208 aegrotant
963 1178 971 1198 z
995 1167 1083 1208 quasi
1106 1166 1138 1196 hi
1154 1166 1224 1204 soli,
1248 1171 1357 1208 utpote
1373 1166 1446 1198 mali
1461 1177 1524 1198 non
1548 1167 1646 1209 [218]

184 1223 298 1264 ignari,
314 1223 488 1265 ignoscant,
504 1223 530 1253 si
545 1223 614 1264 quis
630 1222 769 1254 cruciatu
785 1221 965 1263 compulsus
980 1226 1013 1252 et
1032 1219 1119 1262 loqui
1135 1225 1167 1251 et
1189 1231 1280 1262 agere
1303 1225 1417 1252 cuncta
1432 1231 1498 1252 non
1513 1221 1650 1253 dubitet.

187 1276 257 1318 Ego
272 1276 366 1318 igitur
388 1287 451 1318 prae
479 1276 589 1308 ceteris
605 1276 749 1308 astrictus
773 1275 996 1306 vehementiori
1017 1275 1224 1316 philosophias
1239 1285 1354 1312 morsu,
1369 1275 1422 1316 qui
1439 1275 1576 1306 omnium
1599 1280 1648 1306 est

186 1330 364 1370 acerrimus,
379 1334 411 1362 et
427 1329 490 1362 sive
507 1340 560 1361 cor
572 1329 637 1360 sive
650 1329 788 1360 animum
804 1329 869 1360 sive
888 1329 1171 1370 quomodocunque
1184 1328 1218 1359 id
1234 1327 1457 1370 appellandum
1470 1328 1511 1359 sit
1524 1328 1648 1361 saucius

182 1383 359 1425 cupiditate
375 1383 405 1414 in
423 1382 626 1425 philosophia
642 1393 830 1420 sermonum,
847 1382 901 1423 qui
916 1382 1028 1420 acrius,
1044 1393 1136 1423 quam
1153 1382 1269 1423 vipera,
1284 1382 1426 1413 mordent
1435 1386 1467 1413 et
1477 1388 1645 1424 occupant,

181 1437 208 1468 si
223 1437 350 1479 quando
365 1436 526 1478 attigerint
536 1436 711 1478 juvenilem
725 1436 874 1472 animum,
891 1435 946 1477 qui
962 1446 1026 1466 non
1041 1435 1165 1477 penitus
1181 1436 1311 1477 ignavus
1322 1436 1373 1473 sit,
1388 1436 1643 1478 compelluntque

183 1491 224 1521 ad
242 1490 390 1531 quicquid
408 1490 535 1521 tandem
559 1490 610 1527 sit,
627 1490 804 1522 faciendum
829 1494 922 1531 atque
949 1489 1130 1526 dicendum,
1157 1488 1232 1520 nihil
1259 1489 1447 1520 intentatum
1473 1489 1645 1532 relinquere

182 1545 288 1579 statui,
303 1554 367 1585 quo
394 1544 552 1574 Socratem
575 1544 615 1574 ad
632 1543 818 1585 explendam
834 1544 915 1574 hanc
930 1543 1013 1574 sitim
1039 1542 1175 1584 mihique
1190 1541 1482 1583 conjunctissimum
1496 1543 1643 1576 facerem.

181 1596 257 1628 Non
273 1597 408 1628 dicerem
423 1607 460 1628 ea
476 1607 546 1638 quae
571 1597 711 1628 dicturus
737 1608 815 1633 sum,
831 1596 890 1627 nisi
913 1597 999 1638 apud
1015 1607 1071 1628 eos
1095 1596 1245 1628 convivas
1261 1596 1413 1638 loquerer,
1429 1606 1507 1637 quos
1521 1607 1643 1638 semper

181 1650 270 1691 quasi
287 1661 400 1681 vesano
426 1651 562 1692 quodam
581 1651 786 1692 philosophiae
811 1651 912 1681 furore
928 1654 1086 1691 correptos
1108 1650 1356 1691 bacchantesque
1373 1650 1524 1691 perspexi,
1550 1650 1641 1682 Phae-

183 1703 267 1740 drus,
284 1703 479 1745 Agathones,
506 1703 740 1745 EryximachoS,
769 1704 950 1743 Pausanias,
973 1703 1199 1741 Aristodemos,
1226 1702 1463 1744 Aristophanes,
1483 1704 1643 1736 Socratem

179 1756 316 1798 denique
340 1757 454 1798 ipsum,
479 1761 512 1788 et
536 1762 676 1789 ceteros:
701 1757 767 1789 haec
795 1757 877 1787 enim
905 1757 980 1787 mihi
1005 1756 1062 1788 nisi
1090 1756 1201 1788 sauciis
1221 1756 1395 1798 eodemque
1411 1758 1504 1788 modo
1520 1758 1641 1790 affectis

178 1811 331 1842 narranda
342 1820 406 1841 non
422 1815 525 1842 essent
539 1821 547 1842 z
572 1820 666 1852 quare
683 1821 736 1841 vos
753 1811 915 1842 audientes
933 1810 1008 1842 mihi
1026 1810 1146 1841 veniam
1161 1810 1275 1841 dabitis
1290 1821 1344 1853 pro
1361 1811 1420 1848 his,
1437 1821 1506 1853 quae
1529 1816 1604 1843 tunc
1619 1822 1640 1843 a

181 1874 230 1895 me
255 1864 338 1896 facta
353 1869 386 1895 et
408 1874 491 1895 nunc
516 1864 601 1895 dicta
625 1864 751 1895 fuerint.
772 1864 880 1896 famuli
905 1869 1022 1906 autem,
1045 1869 1078 1895 et
1099 1863 1124 1895 si
1146 1864 1216 1906 quis
1239 1865 1316 1896 alius
1339 1865 1420 1896 adsit
1443 1865 1589 1906 profanus
1608 1871 1642 1897 et

179 1918 319 1958 agrestis,
335 1928 423 1949 aures
440 1918 611 1948 obstruant.
645 1917 810 1949 Exstincto
821 1917 937 1959 lychno
949 1917 1322 1959 famulisqueabsentibus
1338 1916 1436 1949 visum
1453 1918 1569 1959 mihi‘‚o
1585 1920 1640 1951 viri

177 1971 329 2008 convivae,
346 1971 428 2002 haud
445 1971 578 2012 amplius
593 1971 851 2002 dissimulandum
862 1971 1146 2012 differendumque,
1159 1972 1212 2002 sed
1224 1972 1371 2013 ingenue,
1384 1973 1469 2014 quod
1479 1973 1636 2011 sentirem,

177 2024 391 2066 aperiendum.
404 2025 431 2055 T
432 2025 505 2066 etigi
515 2025 619 2066 itaque
628 2025 850 2065 illum‚dicens,
859 2026 1013 2062 Socrates,
1022 2026 1156 2056 dormis?
1172 2026 1227 2059 So.
1242 2025 1404 2058 Nondum.
1421 2026 1504 2059 Aac.
1516 2027 1638 2066 scisne,

178 2077 254 2119 quid
266 2078 416 2110 hactenus
429 2078 504 2109 mihi
515 2077 613 2110 visum
623 2078 739 2109 fuerit?
762 2078 820 2111 So.
836 2079 909 2116 Qua
919 2079 958 2109 de
971 2089 1016 2116 re,
1030 2083 1063 2110 et
1074 2079 1150 2120 quid
1162 2079 1271 2121 rogas?
1295 2079 1382 2113 ALC.
1397 2079 1446 2110 Tu
1461 2080 1537 2111 mihi
1551 2081 1636 2112 solus

176 2135 295 2161 amator
309 2142 359 2163 me
371 2131 486 2173 dignus
498 2131 653 2177 exstitisse
672 2131 797 2169 videris,
812 2131 1016 2167 verecundior
1032 2136 1135 2163 tamen
1150 2132 1184 2163 in
1200 2142 1303 2164 amore
1319 2132 1424 2164 fuisse.
1467 2133 1638 2176 Equidem,

177 2194 248 2214 cum
269 2183 314 2214 ita
330 2194 362 2215 se
389 2195 437 2215 res
452 2185 565 2216 habeat
579 2195 703 2226 egoque
721 2185 791 2216 talis
813 2185 883 2222 sim,
907 2185 1036 2216 stultum
1051 2195 1118 2216 esse
1143 2186 1300 2222 ducerem,
1316 2185 1374 2216 nisi
1389 2186 1422 2217 iu
1439 2187 1497 2218 hoc
1513 2193 1639 2229 quoque

175 2237 231 2268 tibi
249 2237 436 2278 gratificarer
448 2243 479 2269 et
502 2238 534 2269 in
550 2238 662 2269 ceteris
675 2238 832 2275 omnibus,
847 2239 910 2269 sive
934 2239 1010 2269 meis
1034 2239 1136 2275 rebuS,
1158 2238 1224 2270 sive
1237 2238 1345 2270 amicis
1357 2238 1511 2281 indigeas.
1555 2241 1642 2271 Mihi

176 2290 303 2331 quidem
319 2291 397 2324 nihil
415 2296 464 2322 est
479 2291 647 2333 antiquius,
663 2302 755 2333 quam
773 2296 808 2322 ut
822 2292 959 2333 optimus
977 2291 1020 2322 vir
1035 2292 1176 2324 evadam,
1224 2291 1274 2322 Ad
1292 2293 1351 2324 hoc
1373 2302 1464 2323 nemo
1479 2303 1528 2324 me
1542 2294 1641 2335 magis

175 2354 269 2385 quam
285 2349 318 2375 tu
329 2343 440 2386 juvare
455 2350 567 2386 potest.
592 2355 651 2386 ego
668 2350 772 2376 autem
789 2349 876 2375 tanto
893 2345 957 2375 viro
973 2355 1035 2375 non
1052 2345 1217 2380 obsecutus
1235 2345 1446 2376 vehementius
1462 2346 1638 2388 sapientum

175 2397 406 2439 increpationes
437 2409 566 2439 vererer,
597 2409 691 2440 quam
720 2399 886 2429 obsecutus
911 2398 1112 2439 insipientum
1139 2400 1242 2430 verba.
1288 2398 1368 2435 Quae
1395 2409 1465 2430 cum
1490 2399 1638 2438 audisset,

176 2451 267 2482 solita
283 2451 381 2482 ironia
394 2452 594 2483 dissimulans
607 2452 654 2484 ita
669 2452 830 2493 respondit
844 2463 852 2484 ι
871 2452 900 2483 Ο
916 2452 1016 2484 amice
1031 2452 1221 2490 Alcibiades,
1234 2452 1347 2485 videris
1357 2463 1461 2485 revera
1470 2463 1534 2484 non
1549 2453 1638 2495 igna-

178 2516 233 2535 vus
249 2504 382 2546 vilisque
397 2516 477 2546 esse,
503 2505 528 2536 si
542 2516 612 2537 vera
629 2510 712 2543 sunt,
736 2516 806 2547 quae
830 2506 872 2537 de
894 2517 942 2537 me
964 2506 1068 2543 refers,
1091 2511 1124 2537 et
1145 2506 1226 2537 inest
1247 2506 1322 2537 mihi
1343 2506 1390 2537 vis
1413 2507 1569 2548 quaedam,
1583 2517 1640 2548 per

176 2569 269 2600 quam
285 2558 353 2600 ipse
369 2559 476 2590 melior
491 2559 571 2590 effici
587 2560 697 2601 possis,
712 2565 746 2591 et.
760 2560 866 2590 miram
889 2560 922 2591 in
939 2571 987 2591 me
1003 2559 1266 2601 pulchritudinem
1281 2559 1448 2601 conspicis,
1466 2565 1519 2591 tua
1541 2560 1638 2591 forma

176 2612 270 2653 longe
287 2612 545 2653 praestantiorem.
590 2613 626 2644 Si
640 2613 700 2644 ista
715 2623 920 2654 cognoscens,
936 2613 1163 2649 communicare
1178 2623 1300 2644 mecum
1315 2619 1444 2655 exoptas
1455 2618 1488 2644 et
1501 2613 1637 2655 pulchri-

177 2664 316 2695 tudinem
333 2664 567 2705 pulchritudine
582 2671 784 2707 commutare,
796 2670 946 2708 tanquam
961 2666 1126 2697 foenerator
1147 2666 1246 2697 multo
1262 2666 1333 2707 plus
1348 2677 1440 2708 quam
1457 2677 1515 2708 ego
1531 2677 1636 2708 repor-

177 2723 241 2749 tare
255 2718 432 2749 contendis.
461 2727 532 2749 nam
549 2729 605 2760 pro
628 2719 781 2760 opinione
806 2719 966 2751 veritatem
991 2719 1188 2761 pulchrorum
1214 2719 1311 2762 [219]
1335 2720 1445 2752 lucrari
1467 2720 1588 2752 conaris
1602 2724 1635 2750 et

176 2780 284 2802 aurum
302 2781 357 2812 pro
372 2770 548 2802 aurichalco
575 2772 721 2813 recipere.
767 2773 844 2814 Sed,
859 2782 879 2804 o
894 2774 997 2810 beate,
1023 2772 1205 2814 diligentius
1227 2774 1448 2812 animadverte,
1464 2785 1504 2805 ne
1519 2779 1549 2805 te
1565 2783 1634 2805 mea

175 2824 316 2857 conditio
330 2824 438 2862 lateat,
451 2835 523 2856 cum
540 2825 655 2856 nullius
670 2826 727 2856 sim
744 2825 845 2867 pretii.
889 2825 979 2858 Tunc
994 2837 1069 2858 sane
1085 2826 1197 2858 mentis
1212 2827 1320 2859 oculus
1335 2832 1426 2859 acute
1441 2826 1552 2867 incipit
1566 2836 1632 2858 cer-

176 2888 263 2916 nere,
287 2889 357 2910 cum
384 2878 516 2920 primum
543 2879 680 2920 corporis
707 2880 817 2911 oculus
843 2879 1040 2912 deflorescit:
1067 2885 1101 2912 tu
1116 2890 1188 2911 vero
1211 2881 1252 2912 ab
1266 2881 1324 2912 hac
1351 2885 1442 2912 aetate
1466 2890 1498 2910 es
1513 2878 1632 2920 procul.

175 2930 262 2964 ALc.
287 2932 363 2963 Mea
377 2932 505 2974 quidem
521 2932 595 2963 talia
609 2937 692 2969 sunt,
709 2932 814 2974 qualia
827 2932 906 2964 dixi.
926 2943 1029 2976 neque
1044 2934 1128 2964 enim
1150 2934 1185 2967 in
1200 2944 1252 2965 ore
1267 2943 1377 2974 unum,
1392 2933 1423 2964 iu
1438 2933 1530 2964 corde
1546 2932 1633 2965 aliud

174 2985 287 3018 habeo.
311 2991 345 3018 tu
360 2991 464 3019 autem
488 2986 533 3018 ita
556 2985 704 3025 delibera,
729 2990 763 3018 ut
781 2990 813 3019 et
836 2986 893 3018 tibi
918 2991 950 3018 ct
973 2986 1048 3019 mihi
1073 2986 1183 3021 melius
1205 2987 1271 3019 fore
1286 2997 1406 3020 censes.
1450 2985 1504 3018 SO.
1529 2985 1631 3018 Probe
