1846 3268
171 285 243 336 24]
533 301 538 308 -
594 281 875 322 APOLOGIA
905 281 1185 321 SOCRATIS.
1553 287 1628 324 135

166 397 228 429 ego
246 387 289 418 sic
304 386 446 423 affectus,
463 389 495 417 et
510 393 594 416 nunc
610 384 787 426 perquirere
799 383 924 425 passim,
949 383 1009 414 deo
1032 394 1157 425 parens,
1182 388 1215 415 et
1229 385 1411 425 perscrutari
1426 396 1489 417 non
1504 387 1626 426 desino,

166 440 356 474 conveniens
370 440 396 471 si
412 450 504 481 quem
519 443 573 470 aut
586 438 701 470 civium
717 442 772 469 aut
792 437 1024 478 peregrinorum
1048 448 1115 468 esse
1138 437 1310 469 existimem
1334 438 1519 479 sapientem.
1542 451 1579 472 ac
1600 443 1629 472 si

168 494 296 537 quando
310 493 386 524 mihi
396 493 448 524 ille
464 492 534 523 talis
546 502 609 523 non
625 492 770 522 videatur
783 503 792 530 ;
817 495 891 521 tunc
908 491 974 532 ipse
990 491 1050 521 deo
1064 491 1262 532 suffragatus,
1276 491 1365 522 illum
1376 493 1549 533 sapientem
1562 505 1627 526 non

167 557 236 579 esse
250 548 439 578 demonstro.
458 561 459 565 ¹
483 545 593 586 Atque
609 546 649 576 ob
676 544 899 586 occupationes
919 544 1077 585 ejusmodi
1098 544 1218 575 nullum
1243 545 1319 575 mihi
1333 544 1427 577 ferme
1442 546 1629 589 relinquitur

165 601 264 632 otium
280 600 329 631 vel
344 601 384 631 ad
399 600 560 641 pubiicum
574 598 695 640 aliquid
711 599 881 640 agendum,
896 597 945 628 vel
962 598 1137 639 privatum;
1160 598 1215 629 sed
1230 598 1262 629 in
1285 603 1422 630 extrema
1442 606 1627 642 paupertate

165 654 207 685 ob
222 653 286 684 Dei
300 653 418 685 cultum
431 664 498 684 sum
523 653 722 684 constitutus.
767 653 923 683 Praeterea
939 652 1153 683 adolescentes
1169 652 1300 683 maxime
1316 653 1472 695 opulenti,
1493 655 1586 696 quive
1609 666 1629 687 a

164 707 299 749 negotiis
315 711 437 744 vacant,
453 718 501 738 me
516 707 598 737 ultro
615 710 782 747 sequentes
796 706 1005 742 delectantur,
1032 716 1104 736 cum
1119 705 1218 736 refelli
1233 716 1250 736 a
1265 706 1355 737 nobis
1374 707 1515 739 homines
1536 720 1628 751 spec-

163 765 242 793 tant.
266 761 343 802 quin
355 761 451 792 etiam
464 760 527 802 ipsi
542 769 771 801 nonnunquam
788 770 836 790 me
860 759 986 796 imitati,
1009 758 1086 790 alios
1111 758 1228 790 deinde
1244 760 1405 792 confutare
1418 763 1626 794 contendunt.

164 814 237 851 Qua
250 814 378 856 quidem
395 814 428 845 in
443 825 476 845 re
492 813 656 856 plurimam
673 813 832 855 reperiunt
841 814 962 844 turbam
978 813 1152 854 hominum,
1168 813 1289 855 aliquid
1301 824 1333 845 se
1344 814 1422 846 scire
1435 817 1626 858 putantium,

161 878 235 900 cum
250 873 305 899 aut
318 868 396 900 nihil
411 868 524 909 sciant,
551 873 606 899 aut
622 878 798 909 perparum.
821 867 875 908 qui
891 877 963 898 vero
990 867 1030 898 ab
1054 867 1101 897 his
1123 867 1362 908 convincuntur,
1385 879 1450 900 non
1476 876 1539 901 tam
1560 871 1626 903 illis

163 931 256 964 quam
273 921 350 953 mihi
363 922 535 954 redduntur
549 922 681 953 infensi:
704 922 904 963 clamantque
928 931 994 952 esse
1019 921 1178 952 Socratem
1203 922 1360 962 quendam
1375 923 1627 957 scelestissimum

159 975 399 1018 juventutisque
414 981 638 1018 corruptorem.
682 976 727 1007 At
742 976 767 1006 si
782 975 852 1018 quis
867 974 1041 1007 sciscitetur
1062 975 1101 1006 ab
1121 974 1180 1015 eis,
1202 975 1351 1016 quidnam
1369 976 1415 1007 vel
1437 979 1560 1018 agendo
1575 981 1626 1011 vel

163 1030 308 1061 docendo
324 1035 511 1072 corrumpat,
527 1030 603 1061 nihil
621 1029 750 1071 quidem
765 1029 922 1071 assignare
938 1033 1081 1070 possunt,
1106 1028 1201 1059 immo
1218 1039 1340 1070 prorsus
1362 1030 1517 1071 ignorant.
1560 1034 1624 1065 Sed

163 1093 204 1114 ne
218 1083 327 1114 deesse
341 1083 403 1114 illis
415 1084 545 1115 materia
560 1083 715 1121 videatur,
732 1084 772 1114 ad
797 1083 856 1114 ista
871 1082 1072 1124 confugiunt,
1086 1093 1157 1124 quae
1173 1083 1331 1114 communi
1344 1094 1420 1116 voce
1436 1085 1527 1117 facile
1553 1088 1625 1128 phi-

162 1136 399 1178 losophantibus
414 1138 512 1180 objici
526 1138 652 1170 solent:
677 1148 730 1169 eos
753 1137 874 1169 scilicet
895 1147 998 1179 neque
1021 1136 1164 1167 sublimia
1187 1147 1280 1178 super
1301 1145 1410 1168 terram
1433 1149 1536 1180 neque
1552 1151 1623 1182 pro-

161 1190 260 1222 funda
273 1191 331 1222 sub
346 1196 425 1223 terra
439 1203 447 1223 :
472 1202 575 1234 neque
591 1193 666 1223 deos
682 1202 749 1223 esse
764 1196 887 1233 putare,
912 1191 1126 1233 rationemque
1140 1191 1318 1222 inferiorem
1334 1192 1422 1233 quasi
1436 1193 1624 1234 superiorem

160 1246 337 1276 ostendere.
360 1256 431 1276 vera
446 1246 542 1282 enim,
559 1251 594 1276 ut
606 1251 695 1287 puto,
711 1246 801 1277 fateri
817 1245 942 1283 nolunt,
962 1256 995 1276 se
1010 1245 1133 1277 scilicet
1149 1245 1343 1286 indignatos,
1358 1251 1523 1288 propterea
1538 1250 1623 1290 quod

161 1297 298 1329 convicti
314 1298 440 1341 fuerint,
465 1300 610 1331 simulare
630 1310 663 1331 se
685 1300 740 1330 illa
766 1300 855 1340 scire,
879 1310 950 1340 quae
971 1300 1126 1331 nesciunt.
1171 1299 1291 1340 Utpote
1311 1299 1407 1340 igitur
1422 1301 1578 1334 ambitiosi
1592 1309 1625 1335 et

159 1351 370 1389 vehementes,
385 1358 418 1383 et
434 1353 533 1390 multi,
549 1364 586 1385 ac
602 1354 688 1384 velut
703 1364 740 1385 ex
757 1354 946 1398 composito,
962 1359 1057 1395 atque
1073 1353 1196 1384 obnixae
1211 1353 1432 1396 diligentisque
1449 1357 1624 1396 persuasio-

159 1405 209 1436 nis
223 1405 328 1436 studio
344 1417 392 1437 me
407 1406 619 1444 criminantes,
637 1413 753 1438 vestras
769 1417 857 1438 aures
871 1407 1093 1448 impleverunt,
1108 1412 1141 1439 et
1160 1406 1282 1448 jamdiu
1298 1412 1331 1438 et
1345 1419 1446 1450 nuper
1459 1410 1624 1442 calumniis

160 1458 194 1489 in
207 1469 258 1490 me
274 1460 412 1492 studiose
428 1461 583 1493 confictis.
630 1461 676 1492 Ex
692 1461 740 1492 his
756 1466 860 1492 autem
883 1461 1029 1503 Melitus‚
1051 1466 1083 1492 et
1098 1461 1239 1503 Anytus,
1263 1466 1296 1492 et
1317 1461 1428 1504 Lycon
1452 1470 1559 1496 contra
1573 1476 1624 1496 me

160 1518 368 1547 surrexerunt.
413 1514 546 1547 Melitus
569 1515 697 1558 quidem
722 1516 762 1547 ob
781 1520 890 1557 poetas
916 1516 991 1546 mibi
1017 1515 1150 1546 infestus
1163 1527 1173 1555 3
1196 1515 1326 1557 Anytus
1341 1526 1414 1547 vero
1429 1517 1470 1547 ob
1494 1518 1626 1550 artifices

158 1571 255 1608 atque
269 1567 450 1609 reipublicae
464 1569 707 1610 gubernatores;
731 1570 843 1612 Lycon
867 1568 943 1611 [24]
968 1569 1106 1611 denique
1127 1569 1225 1611 gratia
1247 1570 1415 1601 rhetorum.
1461 1571 1624 1608 Quamob-

159 1630 237 1658 rem,
251 1622 514 1663 quemadmodum
529 1623 568 1654 ab
583 1623 676 1654 initio
691 1622 847 1664 dicebam,
862 1623 1029 1654 admirarer
1041 1623 1200 1665 equidem,
1215 1623 1242 1654 si
1257 1624 1438 1664 opinionem
1452 1624 1541 1655 istam
1555 1630 1624 1656 tan-

156 1673 198 1704 tis
212 1679 397 1716 conceptam
411 1675 588 1713 calumniis,
612 1681 673 1707 tam
691 1676 904 1714 inveteratam,
927 1687 1012 1707 nunc
1038 1677 1071 1706 in
1087 1681 1151 1705 tam
1173 1676 1258 1707 brevi
1274 1682 1413 1718 tempore
1438 1688 1581 1711 amovere
1604 1691 1624 1711 a.

163 1728 253 1759 vobis
267 1738 402 1770 possem.
447 1728 527 1760 Haec
543 1729 702 1771 equidem,
726 1740 744 1760 o
761 1729 818 1760 viri
837 1729 1058 1765 Athenienses,
1075 1738 1148 1759 vera
1161 1729 1249 1759 vobis
1265 1729 1395 1771 loquor:
1424 1741 1527 1772 neque
1541 1733 1623 1771 celo,

162 1792 267 1823 neque
288 1782 436 1814 subtraho
456 1788 511 1813 aut
524 1793 672 1825 magnum
686 1783 872 1825 quidquam,
887 1788 942 1813 aut
957 1793 1083 1824 parvum
1098 1793 1108 1822 ;
1130 1781 1273 1824 quamvis
1287 1783 1382 1814 ferme
1398 1785 1509 1822 norim,
1531 1786 1563 1816 in
1577 1786 1624 1818 his

159 1835 303 1867 dicendis
317 1846 366 1867 me
378 1835 498 1867 eisdem
513 1837 578 1868 fore
593 1837 770 1868 molestum.
815 1836 911 1873 Quod
927 1836 1054 1878 quidem
1070 1841 1285 1877 argumentum
1302 1837 1389 1868 vobis
1404 1843 1463 1875 est,
1487 1850 1537 1871 me
1552 1851 1625 1872 vera

160 1890 259 1932 ioqui,
286 1895 380 1932 atque
405 1891 487 1922 hanc
509 1901 578 1922 esse
604 1891 791 1923 calumniam
815 1897 923 1923 contra
942 1900 992 1922 me
1011 1895 1160 1929 exortam,
1186 1890 1317 1933 ejusque
1341 1902 1449 1923 causas
1469 1892 1626 1933 ejusmodi

160 1955 240 1976 esse.
264 1948 296 1975 et
311 1943 376 1975 sive
391 1944 425 1975 in
442 1945 608 1986 praesentia
623 1945 687 1977 sive
702 1945 737 1976 in
754 1950 911 1987 posterum
927 1946 994 1977 haec
1010 1945 1184 1987 inquiretis,
1207 1945 1250 1976 ita
1265 1956 1331 1977 esse
1347 1946 1525 1978 invenietis.
1568 1946 1623 1978 Ad

160 1998 217 2029 illa
230 1998 335 2040 igitur,
349 2010 421 2041 quae
436 1999 528 2042 primi
547 2005 742 2031 accusatores
768 1999 959 2036 detulerunt,
985 1999 1053 2031 haec
1074 1999 1150 2030 mihi
1171 1999 1326 2031 sufficiens
1342 2001 1427 2041 apud
1443 2011 1497 2031 vos
1512 2001 1552 2031 sit
1566 2002 1621 2033 de-

160 2054 274 2087 fensio.
318 2052 371 2086 Ad
386 2053 534 2085 Melitum
549 2064 622 2085 vero
637 2054 754 2086 bonum
775 2059 819 2092 et,
842 2059 878 2085 ut
890 2054 958 2095 ipse
975 2054 1030 2091 ait,
1056 2054 1165 2095 patriae
1181 2059 1361 2091 amatorem,
1376 2059 1559 2097 ceterosque
1574 2066 1622 2087 se-

159 2114 292 2151 quentes
307 2113 501 2141 accusatores
516 2108 666 2150 deinceps
680 2108 867 2150 respondere
883 2118 1021 2150 pergam.
1066 2107 1129 2139 Sed
1146 2109 1255 2139 horum
1270 2118 1385 2146 rursus,
1406 2113 1554 2151 tanquam
1570 2110 1624 2141 alii

159 2163 289 2205 quidam
303 2168 496 2195 accusatores
511 2162 585 2200 sint,
610 2163 841 2195 accusationem
852 2163 1031 2204 juramento
1047 2167 1191 2194 assertam
1206 2162 1403 2204 vicissimque
1426 2164 1621 2195 asserendam

159 2216 195 2247 in
209 2217 344 2249 medium
361 2217 565 2248 adducamus.
610 2215 717 2249 Habet
731 2227 803 2248 vero
827 2217 922 2248 ferme
946 2227 979 2248 se
1001 2217 1086 2248 hunc
1110 2215 1143 2247 in
1165 2217 1316 2247 modum:
1341 2216 1483 2248 Socrates
1506 2216 1622 2258 injuste

162 2271 240 2312 agit,
251 2270 450 2312 juventutem
466 2271 650 2313 depravans,
667 2280 704 2302 ac
718 2271 806 2309 deos,
821 2281 899 2312 quos
912 2270 1024 2302 civitas
1040 2274 1142 2312 putat,
1167 2269 1238 2311 ipse
1253 2280 1316 2300 non
1332 2274 1458 2312 putans,
1479 2271 1535 2302 sed
1560 2271 1623 2302 alia

160 2325 306 2366 quaedarn
321 2335 403 2356 nova
417 2325 584 2356 daemonia.
627 2325 800 2357 Accusatio
816 2325 943 2367 quidem
959 2329 1006 2356 est
1032 2324 1198 2365 ejusmodi.
1220 2323 1313 2365 hujus
1329 2329 1433 2356 autem
1449 2325 1622 2356 accusatio·

163 2379 212 2410 nis
233 2378 407 2420 quamlibet
430 2383 550 2420 partem
571 2378 786 2411 discutiamus.
829 2379 968 2411 Juvenes
990 2379 1161 2421 depravare
1183 2388 1232 2408 me
1251 2377 1372 2418 objicit,
1397 2383 1491 2420 atque
1512 2378 1544 2409 in
1563 2379 1623 2410 hoc

162 2431 309 2474 injuriam
332 2433 446 2464 facere.
489 2432 557 2475 Ego
581 2443 666 2471 vero,
691 2444 710 2464 o
736 2433 794 2464 viri
814 2433 1036 2470 Athenienses,
1060 2436 1168 2463 contra
1192 2430 1332 2473 injuriari
1355 2432 1504 2463 Melitum
1524 2432 1597 2464 dico
1610 2444 1620 2472 3

159 2490 326 2528 propterea
339 2487 424 2528 quod
440 2486 519 2518 serio
533 2487 628 2525 ludit,
643 2491 706 2518 tam
722 2487 814 2519 facile
829 2487 970 2518 homines
985 2487 1017 2517 in
1028 2485 1184 2528 judicium
1200 2486 1336 2523 trahens,
1351 2486 1560 2528 simulansque
1573 2497 1621 2518 se-

159 2539 211 2571 riis
225 2550 258 2571 se
277 2540 368 2571 rebus
380 2539 572 2577 incumbere,
594 2551 762 2583 earumque
775 2551 874 2572 rerum
898 2541 1011 2572 habere
1034 2550 1150 2577 curam,
1175 2550 1245 2581 quae
1271 2539 1332 2581 ipsi
1354 2550 1513 2582 nunquam
1536 2550 1619 2571 curae

158 2593 296 2625 fuerunt.
339 2593 412 2624 Hoc
426 2593 530 2624 autem
544 2593 592 2625 ita
606 2605 684 2632 esse,
698 2595 837 2626 conabor
851 2600 883 2626 et
897 2595 985 2626 vobis
1000 2594 1174 2626 ostendere.
1218 2593 1307 2624 Heus
1323 2593 1447 2630 Melite,
1463 2594 1618 2635 responde

160 2646 249 2684 mihi,
265 2647 417 2688 numquid
436 2647 506 2688 ipse
522 2647 653 2679 maxime
673 2659 772 2686 cures,
797 2653 834 2679 ut
854 2659 948 2691 quam
971 2648 1084 2689 optimi
1102 2648 1318 2679 adolescentes
1341 2648 1486 2679 evadant.
1532 2648 1616 2679 Curo

156 2701 315 2742 equidem.
359 2699 431 2741 Age
456 2711 530 2741 ergo
554 2701 602 2731 his
625 2712 710 2733 nune
732 2702 830 2740 dicas,
857 2703 1002 2744 quisnam
1022 2701 1156 2744 juvenes
1184 2701 1325 2732 meliores
1348 2700 1474 2732 efficiat.
1497 2705 1619 2732 constat

160 2754 244 2785 enim
261 2754 339 2785 scire
351 2758 394 2791 te,
410 2764 479 2785 cum
497 2754 554 2785 tibi
570 2754 601 2785 id
621 2765 705 2786 curae
721 2756 772 2787 sit.
816 2756 874 2786 Me
890 2760 973 2787 certe
987 2760 1198 2796 corruptorem
1213 2764 1331 2795 eorum,
1346 2760 1382 2785 ut
1396 2754 1452 2791 ais,
1475 2754 1542 2795 jam
1561 2754 1618 2784 de-

158 2807 364 2848 prehendisti,
376 2807 528 2839 accusasti
543 2808 602 2846 his,
618 2809 651 2839 in
662 2808 821 2850 judicium
835 2809 968 2840 traxisti.
992 2818 1065 2850 ergo
1077 2818 1148 2850 age,
1163 2812 1195 2838 et
1209 2818 1280 2839 eum
1296 2808 1351 2850 qui
1366 2807 1461 2839 efficit
1475 2807 1617 2839 meliores

157 2861 211 2892 dic
225 2861 284 2899 his,
300 2866 332 2892 et
345 2861 488 2903 quisnam
504 2861 544 2892 sit
560 2863 703 2894 ostende.
725 2863 886 2904 quidnam,
906 2873 924 2893 o
947 2862 1075 2900 Melite,
1091 2862 1197 2893 taces?
1241 2861 1395 2899 Videsne,
1419 2861 1496 2892 nihil
1513 2866 1543 2891 te
1561 2862 1616 2890 ha-

156 2914 231 2945 bere
246 2916 331 2957 quod
344 2915 456 2947 dicas?
501 2915 600 2957 Atqui
616 2926 721 2947 nonne
738 2921 828 2958 turpe
852 2916 885 2946 id
905 2915 960 2947 tibi
979 2915 1102 2947 videtur
1120 2926 1199 2953 esse,
1219 2926 1256 2946 ac
1277 2914 1430 2946 sufficiens
1453 2923 1615 2955 argumen-

157 2972 224 2999 mm
239 2969 277 3000 ad
294 2969 325 3000 id
342 2969 427 3011 quod
442 2969 510 3011 ipse
527 2970 611 3009 dico,
637 2974 667 3002 tc
682 2971 749 3003 haec
765 2980 925 3012 nunquam
950 2970 1095 3003 curasse?
1141 2969 1258 3002 Verum
1279 2969 1331 3001 dic
1350 2967 1428 3009 jam,
1452 2968 1534 2999 bone
1550 2967 1593 2998 vir
1607 2978 1614 2996 :
