1846 3268
198 244 296 295 427]
527 257 536 264 ·
590 211 592 214 ’
772 241 1069 281 CRATYLUS.
1586 206 1660 277 33⁵1

194 358 264 381 mus
278 361 286 381 τ
309 346 369 381 nisi
384 348 464 380 forte
479 346 744 390 quemadmodum
757 344 893 387 Tragici,
905 344 1050 387 quotiens
1061 340 1465 385 ambigunt,commentitiis
1476 340 1663 382 quibusdam

193 403 451 436 machinamentis
466 402 504 433 ad
521 401 597 432 deos
612 398 810 440 confugiunt,
831 399 877 430 ita
892 403 924 430 et
939 408 996 429 nos
1011 397 1099 430 ocius
1114 407 1177 429 rem
1193 395 1412 438 expediamus,
1429 394 1571 426 dicentes
1586 394 1664 425 deos

191 458 292 499 prima
305 456 432 487 nomina
447 454 598 497 posuisse,
614 458 647 485 et
661 453 775 484 iccirco
791 457 875 484 recte
886 451 1031 483 instituta
1042 451 1150 485 fuisse.
1195 450 1351 492 Nunquid
1364 448 1558 491 potissimum
1571 446 1663 478 nobis

191 511 245 542 hic
262 520 360 542 sermo
373 510 385 540 ἓ
408 519 447 540 an
463 509 527 545 ille,
544 508 629 550 quod
645 507 713 548 ipsa
728 517 747 537 a
763 506 897 537 barbaris
912 505 1099 547 quibusdam
1115 504 1318 546 accepimus?
1341 502 1451 546 (nobis
1467 501 1587 543 quippe
1604 511 1662 532 an-

194 562 344 605 tiquiores
358 567 432 593 sunt
447 561 586 603 barbari)
603 561 650 592 vel
667 561 753 602 quod
769 560 810 590 ob
832 563 1018 591 vetustatem
1041 559 1085 589 ita
1100 569 1138 590 ea
1162 558 1259 600 [426]
1285 556 1423 588 discerni
1437 559 1612 597 nequeunt,
1627 558 1664 585 ut

191 620 224 647 et
238 615 390 647 barbara?
432 614 716 656 Tergiversationes
731 614 801 644 istae
815 617 900 651 sunt,
917 617 949 644 et
972 612 1148 643 bellissimae
1172 611 1313 653 quidem,
1331 610 1452 642 illorum
1480 609 1663 651 quicunque

193 669 298 700 nolint
311 669 351 700 de
367 674 451 700 recta
465 668 667 710 impositione
683 667 851 708 primorum
866 665 1030 696 nominum
1053 666 1182 696 reddere
1206 665 1370 696 rationem.
1416 663 1545 695 Etenim
1573 663 1661 705 quis-

192 722 263 763 quis
277 727 393 753 rectam
408 722 576 763 primorum
592 721 754 752 nominum
777 720 927 751 rationem
952 720 1085 762 ignorat,
1102 718 1301 760 sequentium
1326 728 1515 759 cognoscere
1541 716 1664 758 nequit.

192 776 259 808 haec
276 787 366 818 porro
378 787 416 808 ex
432 775 494 807 illis
515 775 703 807 declaranda
725 779 818 806 sunt:
843 774 897 805 illa
925 778 1030 805 autem
1050 773 1079 804 is
1101 773 1236 815 ignorat.
1259 772 1334 814 quin
1351 771 1458 813 potius
1472 781 1600 802 necesse
1616 774 1664 800 est

192 830 388 871 sequentium
413 830 554 871 peritiam
581 829 793 871 profitentem,
811 828 908 859 multo
932 827 1018 869 prius
1045 832 1078 859 et
1092 827 1268 858 absolutius
1283 825 1505 857 antecedentia
1520 834 1666 865 compre-

191 883 350 924 hendisse,
365 894 519 925 posseque
536 883 712 916 ostendere.
734 881 823 913 aliter
838 885 942 912 autem
957 881 1034 912 scire
1050 881 1156 917 debet,
1173 891 1206 912 se
1230 881 1263 911 in
1284 880 1486 922 sequentibus
1512 878 1661 910 deliratu-

192 946 271 970 rum.
293 947 335 967 an
358 937 447 968 aliter
469 937 536 979 ipse
557 936 688 968 censes?
732 935 855 967 HERM.
879 933 974 966 Haud
1000 934 1103 976 aliter,
1117 934 1270 966 Socrates.
1317 933 1372 964 So.
1396 933 1478 970 Quae
1504 941 1563 973 ego
1580 929 1663 961 sensi

192 990 234 1022 de
248 990 354 1031 primis
368 990 557 1028 nominibus,
581 989 748 1021 insolentia
770 989 962 1030 ridiculeque
988 989 1159 1020 admodum
1183 998 1251 1020 esse
1277 987 1352 1017 mihi
1367 986 1534 1018 videntur:
1559 994 1661 1025 eaque

193 1049 308 1085 tecum,
332 1044 358 1076 si
378 1044 465 1080 velis,
491 1043 739 1075 communicabo.
764 1043 789 1073 si
813 1043 890 1084 quid
906 1053 979 1074 vero
1007 1047 1041 1073 tu
1069 1042 1179 1073 melius
1204 1041 1372 1081 inveneris,
1388 1051 1510 1071 mecum
1537 1043 1570 1070 et
1594 1038 1662 1079 ipse

193 1098 401 1131 communica.
446 1098 570 1131 HERM.
593 1097 748 1129 Efficiam.
770 1098 823 1128 sed
850 1098 901 1129 dic
924 1097 992 1139 jam
1014 1097 1086 1128 sorti
1112 1097 1229 1128 animo.
1274 1095 1330 1126 So.
1354 1094 1515 1136 Principio
1530 1093 1633 1134 ipsum
1649 1102 1663 1122 r

194 1151 282 1182 velut
301 1151 540 1183 instrumentum
558 1152 658 1182 omnis
675 1156 776 1182 motus
798 1161 865 1183 esse
882 1151 1018 1183 videtur.
1041 1162 1096 1182 cur
1111 1155 1215 1182 autem
1231 1154 1332 1181 motus
1354 1148 1460 1180 cinisis
1475 1146 1664 1188 appelletur,

196 1215 260 1236 non
277 1205 420 1237 diximus.
445 1210 533 1247 patet
549 1210 653 1236 tamen
664 1205 749 1247 quod
765 1205 852 1244 iesis,
868 1205 901 1235 id
923 1209 972 1235 est
986 1204 1054 1242 itio,
1070 1215 1137 1236 esse
1154 1203 1232 1235 vult.
1255 1213 1319 1234 non
1332 1202 1415 1234 enim
1431 1202 1474 1232 ita
1491 1200 1664 1242 quondam,

194 1259 250 1290 sed
265 1269 284 1290 e
299 1260 472 1291 utebamur.
498 1258 683 1300 principium
701 1264 804 1290 autern
820 1269 837 1289 a
850 1259 926 1296 ciin,
942 1259 975 1289 id
991 1264 1039 1290 est
1054 1259 1110 1300 ire,
1126 1259 1213 1300 quod
1241 1256 1438 1299 peregrinum
1464 1265 1579 1285 nomen
1602 1258 1661 1290 est,

195 1317 229 1343 et
243 1312 334 1349 ienae,
357 1313 389 1344 id
404 1318 452 1344 est
465 1313 522 1350 ire,
539 1312 705 1353 significat.
753 1312 858 1349 Quare
874 1311 898 1343 si
926 1311 1062 1352 priscum
1083 1311 1152 1352 ejus
1177 1320 1290 1342 nomen
1307 1309 1490 1351 reperiatur,
1505 1307 1538 1338 in
1553 1316 1662 1338 vocem

193 1371 328 1397 nostram
345 1366 631 1406 translatnm‚recte
647 1365 720 1396 iesis
735 1365 958 1408 appellabitur.
981 1376 1065 1396 nunc
1082 1371 1186 1396 autem
1202 1366 1240 1395 ab
1256 1364 1330 1400 ciin,
1348 1363 1476 1394 nomine
1486 1360 1664 1404 peregrino,

193 1425 228 1450 et
241 1418 340 1461 ipsius
357 1419 400 1450 ita
415 1419 661 1451 commutatione
677 1423 709 1450 et
724 1429 744 1449 n
766 1419 865 1460 ipsius
887 1419 1126 1460 interpositione
1141 1419 1248 1450 cinisis
1264 1422 1476 1459 nuncupatur.
1498 1415 1665 1457 oportebat

195 1477 298 1505 autem
315 1473 434 1505 cinisim
453 1474 500 1504 vel
514 1473 582 1504 isim
598 1473 713 1504 dicere.
759 1473 867 1510 Stasis,
885 1473 916 1503 id
933 1478 980 1511 est
996 1473 1102 1510 statio,
1118 1473 1245 1514 negatio
1269 1472 1367 1515 ipsius
1386 1472 1480 1509 ienae,
1496 1469 1530 1501 id
1545 1475 1592 1502 est
1605 1469 1665 1510 ire,

193 1536 262 1558 esse
277 1526 354 1558 vult.
378 1527 433 1558 sed
450 1532 575 1557 ornatus
592 1537 686 1558 causa
701 1526 790 1557 stasis
806 1526 1036 1559 denominatur.
1083 1526 1283 1558 Elementum
1309 1525 1421 1567 utique
1444 1525 1547 1566 ipsum
1564 1534 1588 1559 r,
1605 1534 1666 1565 op-

192 1584 361 1622 portunum
384 1585 486 1611 motus
509 1581 758 1617 instrumentum,
775 1585 811 1611 ut
834 1581 927 1611 modo
951 1580 1107 1618 dicebam,
1123 1580 1222 1611 visum
1247 1585 1294 1611 est
1310 1579 1471 1610 nominum
1488 1578 1605 1609 auctori
1621 1576 1662 1607 ad

192 1633 291 1675 ipsam
306 1633 430 1665 lationis
445 1634 680 1665 similitudinem
697 1635 942 1676 exprimendam.
968 1634 1082 1676 passim
1104 1634 1212 1675 itaque
1228 1645 1241 1664 r
1257 1635 1295 1664 ad
1313 1638 1414 1664 motus
1429 1631 1661 1674 expressionem

194 1687 301 1719 utitur·
345 1687 382 1718 In
401 1688 498 1730 primo
515 1687 642 1730 quidem
660 1689 728 1730 ipso
742 1689 809 1719 rhin
826 1693 858 1720 et
874 1689 960 1726 rhoe,
978 1688 1010 1719 id
1026 1695 1073 1719 est
1088 1689 1182 1720 fluere
1199 1688 1359 1729 fluxuque,
1375 1697 1430 1728 per
1445 1687 1565 1717 literam
1589 1696 1604 1716 r
1618 1684 1664 1716 la-

191 1740 309 1772 tionem
324 1741 481 1772 imitatur:
506 1742 622 1773 deinde
638 1742 671 1773 in
688 1747 801 1784 trumo,
819 1742 852 1773 id
878 1747 926 1773 est
943 1747 1085 1779 tremore,
1101 1747 1133 1773 et
1150 1743 1262 1779 trachi,
1274 1752 1398 1783 aspero,
1422 1741 1496 1772 item
1512 1740 1546 1771 in
1563 1739 1663 1770 verbis

193 1793 385 1836 hujusmodi,
411 1795 499 1826 eruin
524 1800 696 1837 percutere,
721 1796 844 1826 thrauin
873 1796 1044 1833 vulnerare,
1068 1796 1177 1838 erycin
1206 1796 1338 1832 trahere,
1363 1794 1495 1836 thriptin
1521 1793 1662 1834 frangere

191 1859 414 1891 enervareque,
428 1849 607 1881 cermatizin
623 1850 773 1887 incidere,
791 1850 931 1881 rhembin
949 1850 1105 1891 vacillare,
1120 1850 1237 1881 irritare
1265 1855 1297 1881 et
1323 1850 1571 1881 circumversare.
1595 1847 1663 1877 haec

191 1902 296 1933 omnia
321 1908 355 1933 ut
377 1903 542 1944 plurimum
567 1915 624 1944 per,
644 1915 658 1934 r
681 1905 721 1934 ad
743 1904 979 1935 similitudinem
1006 1904 1153 1935 motionis
1179 1904 1310 1945 effingit.
1358 1902 1457 1933 Mitto
1474 1901 1558 1932 enim
1574 1901 1660 1942 quod

190 1954 298 1997 lingua
313 1955 344 1986 in
360 1956 418 1988 hac
433 1956 522 1988 litera
538 1956 771 1998 pronuntianda
796 1957 923 1989 minime
946 1959 1137 1999 immoratur,
1159 1958 1234 2000 quin
1252 1957 1356 1999 potius
1375 1956 1508 1987 maxime
1524 1955 1661 1987 concita-

190 2013 250 2041 tur.
295 2009 451 2047 Quocirca
475 2011 514 2041 ad
541 2010 670 2042 istorum
697 2012 930 2053 expressionem
958 2012 1027 2054 ipso
1043 2023 1057 2043 r
1083 2012 1275 2053 potissimum
1305 2022 1377 2042 usus
1405 2010 1500 2041 fuisse
1526 2009 1664 2041 videtur.

193 2062 278 2095 Usus
289 2067 338 2094 est
351 2067 384 2094 et
397 2063 422 2101 i,
438 2063 559 2095 scilicet
574 2064 652 2102 iota,
669 2066 709 2096 ad
726 2066 833 2097 tenuia
857 2077 1006 2108 quaeque,
1023 2077 1078 2108 per
1103 2067 1209 2098 omnia
1232 2066 1366 2097 maxime
1389 2063 1596 2106 penetrantia.
1620 2063 1664 2094 ic-

192 2117 276 2149 circo
302 2117 398 2160 [427]
421 2118 499 2149 ienae
515 2123 548 2150 et
562 2119 682 2157 iesthae,
699 2119 730 2150 id
747 2125 794 2151 est
804 2120 850 2152 ire
867 2121 1087 2162 progredique,
1103 2131 1159 2162 per
1179 2121 1188 2151 i
1204 2120 1354 2151 imitatur.
1387 2117 1663 2155 Quemadmodum

191 2181 248 2213 per
262 2171 285 2209 f,
302 2182 351 2213 ps,
366 2183 392 2213 s,
407 2183 436 2214 z,
451 2183 521 2214 quae
540 2173 635 2204 literae
652 2174 893 2205 vehementioris
909 2174 1035 2216 spiritus
1052 2179 1136 2211 sunt,
1154 2174 1228 2204 talia
1245 2173 1389 2215 quaedam
1404 2171 1566 2203 nominum
1588 2180 1663 2201 auc-

191 2230 239 2255 tor
253 2225 409 2266 exprimit,
426 2227 582 2268 psychron
597 2227 756 2268 frigidum,
772 2239 851 2259 zeon
866 2228 1000 2266 fervens,
1016 2228 1141 2259 siesthae
1156 2226 1297 2267 concuti,
1317 2231 1350 2257 et
1364 2224 1572 2257 communiter
1587 2234 1664 2256 con-

194 2279 372 2310 cussionem
393 2279 700 2322 quassationemque.
724 2281 932 2323 quotiensque
961 2282 1129 2313 vehemens
1154 2281 1318 2323 quippiam
1343 2285 1375 2311 et
1399 2278 1509 2321 spiritu
1535 2278 1664 2319 plenum

189 2332 303 2363 imitari
319 2334 386 2364 vult
407 2334 568 2365 nominum
592 2334 762 2376 institutor,
778 2336 856 2366 tales
878 2340 915 2366 ut
938 2336 1105 2377 plurimum
1133 2335 1237 2366 literas
1266 2334 1408 2366 adhibet.
1452 2332 1539 2370 Quin
1565 2331 1663 2363 etiam

190 2385 290 2427 ipsius
305 2387 327 2417 d
342 2388 603 2429 compressionem
619 2399 655 2420 ac
673 2394 695 2426 t,
712 2394 744 2420 et
759 2389 874 2431 linguae
890 2389 976 2421 velut
992 2389 1139 2420 haerentis
1154 2389 1370 2421 retractionem
1396 2391 1664 2429 peropportunam

193 2441 383 2473 existimasse
399 2442 522 2474 videtur
545 2443 584 2474 ad
601 2444 721 2475 vinculi
746 2449 779 2476 et
803 2443 945 2475 stationis
972 2444 1144 2486 potentiam
1172 2443 1418 2485 exprimendam.
1463 2441 1506 2472 Et
1531 2440 1605 2482 quia
1630 2440 1665 2470 in

192 2493 286 2525 lavda
301 2495 489 2536 proferendo
515 2497 648 2528 maxime
672 2498 781 2540 lingua
803 2498 987 2540 prolabitur,
1001 2498 1113 2530 iccirco
1138 2508 1193 2539 per
1213 2498 1274 2529 hoc
1291 2497 1378 2528 velut
1399 2507 1437 2527 ex
1461 2494 1666 2526 similitudine

192 2549 327 2589 quadam
343 2550 515 2581 nominavit
530 2550 583 2589 lia,
599 2551 630 2582 id
648 2556 696 2583 est
712 2553 805 2590 lenia,
822 2557 853 2583 et
867 2552 1047 2584 olisthaenin
1064 2551 1140 2593 labi,
1155 2555 1186 2582 et
1201 2550 1340 2582 collodes
1356 2549 1523 2591 liquidum,
1539 2548 1662 2590 liparon

192 2602 324 2643 Pingue»
339 2608 504 2645 ceteraque
521 2604 712 2646 hujusmodi.
756 2606 841 2643 Quia
855 2617 926 2637 vero
942 2606 1099 2637 labentem
1115 2604 1253 2646 linguam
1269 2615 1288 2645 g
1306 2607 1489 2640 remoratur,
1505 2613 1542 2633 eo
1565 2602 1662 2633 inter·

186 2654 275 2696 jecto
302 2656 446 2688 formavit
472 2658 628 2699 glischron
656 2659 821 2698 lubricum,
857 2660 955 2703 glycy
981 2659 1086 2701 dulce,
1116 2658 1236 2700 gliodes
1264 2658 1430 2693 viscosum,
1462 2655 1666 2696 lutulentum·

190 2709 453 2741 Animadvertens
469 2722 594 2753 quoque
608 2713 708 2754 ipsius
724 2724 745 2745 n
762 2724 873 2744 sonum
888 2713 951 2744 imo
967 2714 999 2744 in
1015 2718 1140 2755 gutture
1156 2711 1303 2749 detineri,
1317 2721 1355 2742 eo
1366 2709 1544 2741 nominavit
1559 2709 1665 2739 endon

191 2768 223 2796 et
238 2768 339 2801 entos,
356 2764 386 2795 id
405 2770 452 2795 est
467 2766 552 2806 qnod
568 2765 652 2797 intus
668 2771 715 2798 est
730 2772 763 2798 et
777 2778 847 2809 quae
871 2767 1057 2799 intrinsecus
1088 2771 1173 2808 sunt,
1190 2771 1226 2798 nt
1240 2776 1287 2797 res
1303 2775 1359 2807 per
1375 2764 1478 2796 literas
1495 2772 1665 2804 repraesen,

193 2823 282 2850 taret.
326 2818 433 2860 Ipsum
451 2829 522 2850 vero
536 2830 555 2850 a
570 2820 703 2862 megale,
719 2821 750 2851 id
768 2827 815 2853 est
830 2832 956 2863 magno,
974 2821 1091 2858 tribuit,
1108 2825 1141 2851 et
1156 2820 1258 2862 ipsum
1281 2819 1326 2850 ita
1348 2818 1433 2855 mici,
1451 2817 1484 2847 id
1501 2821 1548 2847 est
1563 2814 1667 2854 longi-

191 2871 306 2913 tudini,
320 2873 466 2914 quoniam
484 2884 604 2915 magnae
616 2874 711 2905 literae
724 2881 806 2906 sunt.
829 2875 862 2905 in
878 2875 1004 2906 nomine
1021 2879 1126 2905 autem
1143 2873 1340 2916 strongylon,
1357 2872 1390 2902 id
1413 2875 1460 2902 est
1479 2868 1667 2906 rotundum,

152 2950 156 2954 .
190 2925 259 2966 ipso
274 2936 293 2958 o
308 2925 469 2970 indigens,
484 2939 502 2959 o
521 2933 555 2960 ut
567 2928 732 2970 plurimum
749 2929 884 2963 miscuit.
929 2928 1114 2971 Eademque
1126 2928 1246 2961 ratione
1259 2932 1363 2960 cetera
1374 2923 1546 2957 secundum
1559 2921 1665 2953 literas
