1846 3268
239 264 321 303 πε
842 260 1108 302 PLAToMs
1613 266 1713 318 1207

245 381 342 414 quam
355 370 511 403 elementa
522 369 623 402 oculis
636 368 827 412 auribusque
840 370 1015 402 discernere
1029 375 1065 401 et
1076 368 1202 412 singula
1214 369 1388 404 secundam
1410 369 1515 412 seipsa
1535 375 1658 413 notare,
1670 380 1712 404 ne

245 426 370 459 illorum
386 425 502 468 positio
516 424 670 456 dictorum
686 423 736 454 vel
761 424 947 466 scriptorum
970 430 1001 457 te
1017 425 1167 457 turbaret.
1210 425 1299 458 Tua.
1323 424 1405 458 Vera
1417 434 1532 456 narras.
1574 423 1632 458 80.
1655 424 1713 457 Ci-

245 480 383 512 tharistra
399 490 471 511 vero
487 484 584 511 artem
599 478 749 510 didicisse
764 478 840 520 quid
861 478 948 510 aliud
972 483 1032 517 est,
1053 488 1147 521 quam
1162 490 1418 522 unumquemque
1434 489 1544 511 sonum
1559 478 1715 521 cujusque

245 532 371 566 ehordae
385 533 591 576 dignoscere?
615 534 683 565 haec
704 532 788 564 enim
807 533 964 564 elementa
987 533 1114 565 musicae
1135 533 1268 576 quilibet
1283 533 1467 576 appellaret.
1512 533 1601 566 Tus.
1623 531 1714 565 Nihil

245 588 343 621 aliud.
390 587 448 619 So.
470 587 553 620 Cum
576 597 650 628 ergo
670 587 896 619 elementorum
917 592 949 618 et
968 587 1157 630 syllabarum
1177 588 1269 630 periti
1283 587 1446 625 fuerimus,
1459 587 1653 630 velitumque
1674 597 1713 619 ex

245 642 294 673 his
310 642 350 673 ad
366 641 429 673 ania
455 641 670 684 conjecturam
693 641 809 679 facere,
825 652 996 673 asseremus
1019 641 1160 684 profecto
1183 652 1282 684 genus
1301 643 1524 674 elementorum
1552 640 1712 673 clariorem

245 695 564 738 principalioremque
578 694 821 738 intelligentiam
838 696 998 728 continere
1014 706 1107 738 quam
1128 696 1294 739 syllabam,
1307 697 1347 728 ad
1371 696 1510 738 singulas
1531 694 1716 736 disciplinas

244 749 388 781 absolute
401 749 634 792 percipiendas.
655 755 689 781 et
702 749 728 780 si
742 751 812 792 quis
828 755 935 781 notam
958 749 1124 792 syllabam,
1139 751 1328 782 elementum
1344 755 1455 782 natura
1468 750 1612 791 ignotum
1627 749 1717 781 dixe-

242 803 295 841 rit,
312 803 393 835 ultro
407 803 494 835 illum
510 803 559 836 vel
571 803 702 835 invitum
713 803 816 846 jocari
831 804 1022 846 putabimus.
1068 804 1155 835 Tua.
1177 804 1218 836 Et
1234 805 1366 837 maxime
1387 803 1527 846 quidem.
1570 803 1628 836 So.
1650 802 1714 835 Ce-

244 862 343 890 terum
369 858 440 890 aliae
464 868 592 900 quoque
617 857 759 900 ejusdem
786 858 830 890 rei
854 858 1137 890 demonstrationes
1163 863 1327 901 paterent:
1351 858 1547 900 propositum
1574 867 1647 890 vero
1671 867 1713 888 na

243 916 373 954 propter
385 912 455 944 haec
469 912 626 955 inquirere
639 912 834 944 dimittamus
849 924 857 944 ι
881 913 958 955 quid
975 912 1096 945 scilicet
1109 913 1151 945 de
1165 914 1225 945 huc
1246 912 1456 955 judicandum
1476 911 1516 944 sit
1531 912 1618 954 quod
1633 911 1715 944 dici·

244 970 306 1004 tur,
330 966 483 998 rationem
506 977 577 998 cum
602 966 755 1008 opinione
779 977 852 999 vera
873 967 1043 1009 perfectam
1066 967 1230 999 scientiam
1255 977 1333 999 esse.
1375 966 1463 998 Tne.
1483 965 1712 1008 Inquirendum

244 1020 386 1052 omnino.
428 1020 487 1053 So.
509 1019 573 1052 Dic
588 1031 658 1062 age,
681 1020 759 1063 quid
781 1022 859 1052 ratio
885 1021 978 1052 nobis
1001 1020 1168 1063 significet.
1190 1032 1208 1052 e
1231 1021 1328 1052 tribus
1347 1019 1431 1052 enim
1446 1030 1543 1052 unum
1558 1018 1713 1061 quiddam

243 1074 420 1117 significare
434 1074 512 1106 mihi
528 1075 664 1106 videtur.
707 1074 792 1108 Tun.
815 1074 845 1106 E
870 1075 1011 1117 quibus?
1055 1075 1110 1107 So.
1133 1075 1272 1107 Primum
1298 1085 1368 1107 esse
1393 1074 1535 1111 arbitror,
1551 1071 1717 1115 cogitatio-

244 1137 317 1160 nem
333 1138 420 1160 suam
437 1139 515 1161 voce
530 1139 587 1171 per
601 1129 698 1160 verba
710 1129 902 1172 nominaque
918 1129 1103 1171 exprimere,
1125 1129 1308 1172 opinionem
1327 1128 1483 1170 propriam
1504 1127 1540 1160 in
1553 1137 1643 1167 voce,
1657 1136 1716 1168 pe-

243 1182 334 1214 rinde
349 1182 434 1215 acin
451 1183 581 1225 speculo
596 1188 629 1215 et
643 1193 738 1226 aqua,
753 1189 989 1216 monstrantem.
1034 1183 1152 1215 Nonne
1177 1183 1239 1215 tale
1265 1183 1417 1226 quiddam
1440 1193 1540 1215 sermo
1566 1181 1623 1214 tibi
1645 1190 1713 1214 esse

242 1236 386 1268 videtur?
431 1237 521 1269 Tnz.
544 1237 628 1269 Mihi
645 1248 729 1271 vero.
774 1238 832 1271 So.
856 1237 950 1278 Eum,
971 1238 1026 1280 qui
1042 1238 1102 1270 hoc
1125 1238 1202 1280 agit,
1219 1237 1307 1280 loqui
1331 1237 1475 1270 dicimus.
1520 1235 1638 1269 Nonne
1653 1235 1716 1268 hoc

242 1291 378 1333 quisque
402 1291 505 1324 facere
530 1297 649 1335 potest,
668 1293 833 1324 ostendere
854 1292 976 1324 scilicet
998 1291 1086 1324 ocius
1109 1298 1164 1324 aut
1189 1292 1319 1330 tardius,
1334 1292 1411 1334 quid
1438 1290 1499 1323 sibi
1516 1291 1557 1322 de
1582 1289 1717 1332 singulis

243 1344 410 1377 videatur?
434 1345 494 1377 nisi
509 1346 589 1378 forte
605 1351 709 1377 mutus
724 1346 772 1378 vel
790 1346 902 1377 surdus
915 1351 1025 1378 natura
1042 1346 1092 1378 sit.
1115 1351 1210 1389 atque
1231 1346 1277 1378 ita
1299 1347 1480 1388 quicunque
1495 1350 1579 1377 recte
1593 1343 1714 1386 aliquid

243 1398 424 1440 opinantur,
440 1410 512 1432 curu
535 1400 656 1432 ratione
679 1400 803 1443 opinari
818 1400 984 1432 videntur:
1010 1411 1047 1437 aa
1067 1411 1227 1443 nunquam
1254 1406 1339 1432 recta
1360 1400 1469 1442 opinio
1491 1399 1560 1432 sine
1582 1398 1716 1431 scientia

241 1452 311 1486 erit.
354 1453 442 1485 Tne.
464 1453 549 1486 Vera
563 1455 632 1487 haec
643 1459 727 1486 sunt.
772 1454 831 1487 So.
853 1455 906 1487 Ne
920 1454 1017 1498 igitur
1027 1455 1120 1486 facile
1133 1455 1380 1487 condemnemus
1389 1453 1713 1497 eum,quiscientinm

241 1507 329 1548 quod
350 1517 436 1540 nunc
461 1508 598 1541 diximus
619 1509 794 1547 affirmavit,
810 1509 902 1552 quasi
924 1509 1003 1540 nihil
1018 1509 1115 1541 dicat.
1137 1509 1218 1541 forte
1241 1508 1324 1541 enim
1348 1519 1413 1541 non
1439 1509 1471 1541 id
1486 1508 1632 1541 volebat:
1655 1508 1715 1541 sed

241 1561 328 1603 quod
340 1560 547 1603 interrogatus
561 1562 638 1605 quid
653 1563 916 1605 unumquodque,
930 1563 1120 1604 respondere
1136 1574 1193 1606 per
1210 1563 1366 1595 elementa
1389 1562 1486 1605 [2⁰⁷]
1511 1561 1716 1605 interroganti

240 1615 352 1657 possit.
393 1615 479 1647 Tira.
512 1616 616 1654 Quale
641 1617 674 1648 id
701 1617 821 1659 inquis,
846 1627 866 1649 o
887 1618 1055 1649 Socrates?
1100 1617 1157 1650 Su.
1181 1617 1456 1656 Quemadmodum
1481 1615 1643 1650 Hesiodus
1670 1615 1715 1649 do

241 1679 333 1701 curru
349 1670 429 1701 dicit
442 1681 451 1701 ε
478 1670 615 1703 Centum
631 1671 718 1714 ligna
733 1682 851 1705 currus.
874 1682 945 1714 quae
960 1670 1090 1714 quidem
1107 1671 1219 1703 referre
1233 1682 1392 1714 nunquam
1408 1681 1544 1714 possem,
1560 1681 1663 1714 neque
1678 1675 1715 1706 tu

240 1723 348 1762 etiam,
361 1729 397 1756 ut
411 1723 534 1766 opinor.
556 1726 613 1757 sed
629 1726 704 1758 satis
718 1726 810 1757 nobis
821 1726 891 1763 erit,
907 1726 932 1757 si
948 1726 1154 1768 interroganti
1167 1727 1246 1769 quid
1260 1731 1309 1758 est
1317 1736 1434 1763 currus,
1450 1725 1640 1767 respondere
1654 1734 1713 1767 po-¹

241 1778 380 1816 terimus,
405 1778 512 1817 Rotae,
541 1779 619 1817 axis,
645 1780 775 1818 tabulae,
797 1779 997 1818 semicirculi,
1027 1779 1152 1822 jugum.
1195 1780 1283 1813 Tun.
1306 1779 1446 1813 Omnino
1471 1779 1613 1822 quidem.
1656 1778 1715 1813 So·

240 1831 302 1863 Ille
316 1837 422 1864 autem
437 1832 518 1864 forte
531 1844 590 1865 nos
606 1833 808 1872 existimaret,
824 1840 974 1876 tanquam
997 1833 1205 1876 interrogatos
1226 1834 1268 1866 de
1290 1838 1346 1866 tuo
1369 1834 1497 1866 nomine
1518 1833 1714 1878 respondem

242 1890 356 1928 tesque
370 1897 429 1929 per
443 1886 610 1929 syllabam,
626 1888 775 1920 ridendos
794 1898 883 1929 esse:
909 1892 995 1919 recte
1013 1888 1143 1930 quidem
1158 1888 1326 1930 opinantes
1341 1887 1545 1930 dicentesque
1562 1887 1649 1930 quod
1663 1887 1714 1920 di-

239 1939 353 1978 cimus,
367 1944 516 1982 putantes
531 1946 635 1974 autem
652 1942 869 1984 grammaticos
884 1952 952 1974 esse
973 1947 1007 1974 et
1022 1942 1223 1984 grammatice
1241 1942 1356 1973 habere
1379 1951 1418 1974 ac
1441 1942 1546 1974 dicere
1558 1941 1715 1976 Thesststi

239 1994 377 2027 nominis
401 1995 577 2028 rationemz
599 1997 661 2028 hoc
683 1995 790 2028 autem
806 2006 870 2028 non
886 2007 955 2028 esse
969 1997 1144 2028 secundum
1163 1995 1328 2028 scientiam
1352 1995 1451 2038 loqui,
1471 2001 1641 2038 antequam
1655 2006 1712 2038 per

239 2049 397 2082 elementa
409 2060 482 2083 cum
494 2051 647 2093 opinione
661 2061 735 2082 vera
758 2051 1007 2094 unumquodque
1027 2049 1099 2094 quis
1124 2050 1323 2087 determinet,
1339 2049 1604 2092 quemadmodum
1619 2059 1715 2091 supra

239 2103 360 2135 dictum
374 2109 432 2136 est.
476 2105 563 2138 Tun.
587 2105 718 2137 Dictum
742 2106 851 2148 procul
880 2106 991 2138 dubio.
1034 2106 1090 2138 So.
1115 2105 1168 2137 Sic
1193 2105 1300 2147 utique
1315 2110 1348 2136 et
1362 2105 1404 2136 de
1417 2114 1508 2136 curru
1522 2114 1581 2137 nos
1594 2108 1715 2136 rectam

239 2158 423 2200 opinionem
437 2159 551 2192 habere
565 2169 574 2192 ε
598 2170 671 2195 eum
685 2171 771 2202 vero,
784 2160 839 2203 qui
855 2165 981 2192 centum
997 2160 1050 2192 illa
1067 2170 1244 2203 percurrere
1258 2159 1369 2202 possit,
1381 2158 1479 2201 ipsius
1487 2168 1594 2191 currus
1607 2168 1715 2190 essen-

239 2212 314 2244 tiam
339 2213 512 2256 accipiens,
535 2214 688 2246 rationem
711 2225 841 2257 quoque
865 2225 930 2246 nna
955 2225 1027 2247 cum
1042 2225 1115 2246 vera
1138 2213 1292 2257 opinione
1317 2212 1615 2256 comprehendisse:
1638 2212 1713 2246 loeo

239 2264 411 2309 opinantis,
432 2267 634 2300 artificiosum
657 2279 696 2301 ae
720 2269 862 2301 scientiae
883 2274 1062 2311 compotem
1078 2268 1162 2301 circa
1181 2279 1289 2301 currus
1304 2267 1473 2300 essentiam
1493 2266 1640 2306 evasisse,
1654 2276 1713 2308 per

238 2320 395 2352 elementa
409 2325 511 2355 totum
526 2323 800 2357 determinantem.
842 2322 930 2354 Tne.
951 2322 1071 2355 Nonne
1088 2323 1170 2355 bene
1186 2321 1245 2354 tibi
1259 2322 1397 2358 videtur,
1410 2332 1430 2353 ο
1442 2320 1611 2353 Socrates?
1652 2320 1712 2352 So.

238 2373 273 2405 Si
287 2374 357 2412 tibi,
373 2386 392 2407 o
417 2374 528 2414 amice,
543 2377 679 2418 videtur,
696 2388 733 2410 ac
754 2377 888 2420 suscipis
903 2388 959 2420 per
980 2377 1136 2410 elementa
1158 2377 1333 2410 discursum
1354 2375 1438 2409 circa
1462 2374 1712 2417 unumquodque

238 2428 411 2461 orationem
439 2429 633 2464 rationemve
659 2442 749 2472 esse;
782 2442 962 2474 processum
985 2442 1058 2464 vero
1085 2442 1140 2474 per
1168 2431 1306 2475 syllabas
1333 2430 1384 2462 vel
1408 2429 1583 2462 seeundum
1607 2428 1712 2471 majus

237 2482 399 2523 quoddam
416 2489 520 2516 actum
536 2485 686 2517 orationis
701 2491 882 2528 expertem:
906 2487 967 2518 hoc
990 2485 1067 2517 mihi
1092 2485 1193 2525 dicas,
1206 2490 1243 2516 ut
1263 2484 1448 2527 diligentius
1461 2483 1710 2517 consideremus.

236 2534 326 2572 Tne.
347 2536 506 2580 Suscipio,
521 2544 555 2571 et
569 2541 701 2572 maxime
716 2540 858 2582 quidem.
903 2540 959 2572 So.
982 2539 1093 2572 Utrum
1113 2539 1270 2571 existimas
1294 2538 1470 2581 quemlibet
1492 2537 1635 2580 cuju-vi·
1649 2536 1711 2569 sei-

237 2596 343 2622 entem
358 2597 440 2630 esse,
460 2593 590 2634 quando
606 2605 702 2626 unum
724 2599 758 2626 et
778 2594 863 2626 idem
884 2594 963 2627 alias
978 2594 1070 2626 unius
1085 2593 1230 2636 ejusdem
1242 2604 1312 2626 esse
1328 2593 1374 2624 illi
1389 2593 1526 2634 videtur,
1540 2591 1618 2626 ntia·
1631 2590 1710 2625 olto-

237 2644 302 2676 rius
317 2656 326 2677 ε
348 2645 399 2679 vel
414 2648 543 2687 quando
566 2648 660 2680 unius
682 2654 717 2681 et
738 2648 879 2691 ejusdem
895 2653 962 2680 tum
978 2649 1051 2691 hoo,
1066 2653 1132 2680 tum
1149 2648 1226 2680 illud
1242 2647 1414 2690 opinatur?
1457 2645 1544 2681 Tm:-
1565 2644 1641 2681 Non
1657 2653 1713 2687 Ρθῐ

237 2699 365 2732 Jovem.
410 2701 467 2733 So.
492 2700 579 2734 Num
595 2703 744 2735 memoria
758 2702 887 2742 excidit,
902 2703 936 2735 in
950 2703 1109 2735 discendis
1122 2701 1220 2735 literis
1236 2706 1266 2734 te
1282 2707 1378 2745 atque
1390 2701 1470 2734 alios
1485 2701 1555 2734 huo
1568 2699 1711 2735 effetis&

237 2754 349 2796 saepo?
393 2754 483 2788 Tua.
507 2756 668 2790 Solitosne
689 2758 769 2790 dicis
795 2757 937 2801 ejusdem
954 2757 1087 2801 syllabas
1102 2762 1167 2789 tum
1192 2758 1286 2799 hanc,
1301 2761 1366 2788 tum
1391 2756 1477 2788 illam
1498 2755 1617 2788 literam
1638 2753 1711 2796 opi*

235 2808 328 2840 nari?
350 2809 524 2843 eandemvo
539 2810 658 2845 literam
674 2812 750 2844 alias
764 2813 798 2845 in
820 2812 974 2857 syllabam
995 2812 1164 2855 propriam,
1179 2811 1257 2844 alias
1272 2811 1304 2843 in
1319 2810 1455 2844 alienam
1469 2808 1606 2842 refer-0?
1650 2808 1710 2841 80-

236 2862 318 2895 Hoc
331 2863 472 2907 inquam.
517 2865 605 2899 Tm.
629 2866 701 2898 Nec
716 2868 832 2899 oblitus
848 2878 930 2906 sum,
945 2878 1004 2900 nec
1020 2877 1086 2906 eos,
1102 2867 1157 2910 qui
1181 2867 1227 2899 sic
1252 2865 1358 2898 affecti
1373 2868 1459 2901 sunt,
1473 2862 1552 2897 seire
1567 2861 1708 2895 arbitror.

236 2918 295 2951 So.
317 2918 404 2958 Quid
419 2920 518 2952 voro?
541 2920 568 2953 si
593 2921 664 2964 quis
686 2922 775 2954 eoin
795 2928 934 2965 tompore
956 2923 1153 2955 Theaetetum
1177 2921 1326 2958 scribens,
1342 2930 1387 2951 τη
1412 2924 1445 2951 et
1461 2929 1481 2951 s
1505 2917 1705 2951 scribe-am

235 2977 327 3014 putet
349 2973 546 3019 scribatque:
571 2980 603 3008 et
627 2986 728 3009 rursus
752 2976 851 3020 [208]
874 2977 1075 3010 Theodorum
1099 2977 1230 3010 scribere
1246 2975 1364 3013 volens,
1381 2984 1400 3005 τ
1417 2977 1450 3005 et
1467 2983 1485 3005 a
1507 2971 1707 3011 scribendum
