1832 3256
205 227 253 266 ιη
796 220 1064 263 PLA‘roms
1564 223 1664 274 [248

202 333 288 361 extra
301 327 426 363 omium
447 327 551 360 locum
566 336 637 358 vero
653 325 903 367 supercoelestem
917 334 1021 366 neque
1035 323 1202 365 quisquam
1215 327 1390 354 nostrorum
1404 322 1547 354 laudavit
1560 323 1664 357 adhuc

202 382 380 425 poetarum,
394 392 498 423 neque
512 390 649 422 unquam
666 388 722 420 pro
744 378 899 419 dignitate
920 377 1074 408 laudabit.
1116 377 1214 408 habet
1235 386 1269 408 se
1290 387 1364 409 vero
1378 377 1411 408 in
1425 378 1512 409 hunc
1526 377 1668 412 modum.

203 436 384 468 audendum
399 440 447 467 est
460 435 544 467 enim
559 444 663 465 verum
679 433 795 469 dicere,
810 431 980 473 praesertim
997 431 1039 462 de
1054 430 1184 462 veritate
1194 430 1349 472 loquenti.
1384 431 1459 462 Sine
1473 430 1589 468 colore,
1599 430 1668 462 sine

203 490 313 531 figura,
342 489 410 520 sine
439 493 538 526 tactu,
565 487 702 520 essentia
730 496 800 518 vere
830 485 994 522 exsistens,
1023 484 1136 516 animae
1166 484 1372 526 gubernatore
1398 485 1467 516 solo
1501 484 1668 517 intellectu

204 542 438 584 contemplante
453 542 563 584 utitur,
579 542 662 574 circa
677 551 771 582 quam
792 550 873 570 verae
888 538 1027 570 scientiae
1051 549 1150 580 genus
1171 539 1256 570 hunc
1275 538 1371 570 habet
1384 538 1500 571 locum.
1544 537 1667 581 Utpote

203 596 298 638 igitur
319 596 382 628 Dei
396 597 547 638 cogitatio
563 595 728 627 intellectu
752 598 784 626 et
800 593 932 626 scientia
953 592 1154 624 immaculata
1169 603 1203 624 se
1217 596 1352 634 vertens,
1367 592 1518 634 cogitatio
1539 601 1668 634 quoque

205 649 306 682 omnis
321 650 444 691 animae,
457 659 653 692 quaecunque
667 647 907 680 convenientem
923 646 984 678 sibi
998 646 1213 678 conditionem
1230 650 1411 688 susceptura
1419 651 1479 687 est,
1487 645 1603 678 intuita
1614 655 1670 687 per
1717 650 1720 653 ’

205 707 327 744 tempus
343 703 375 734 id
391 703 475 745 quod
492 707 550 740 est,
572 706 721 734 contenta
742 700 881 733 veritatis
902 699 1184 742 contemplatione,
1205 700 1342 731 nutritur
1361 704 1394 732 et
1415 700 1544 742 gaudet,
1566 699 1669 730 donec

204 757 321 789 circulo
346 757 381 794 in
407 757 490 788 idern
514 755 764 789 circumferentia
786 755 909 787 referat.
952 754 993 787 In
1020 755 1080 786 hoc
1105 758 1209 786 autem
1234 753 1369 786 circuitu
1389 753 1546 795 conspicit
1569 753 1667 795 ipsam

201 809 367 852 justitiam,
389 811 544 853 conspicit
565 809 811 852 temperantiam,
835 808 991 851 conspicit
1012 808 1196 840 scientiam:
1220 819 1284 839 non
1307 819 1371 850 qua
1391 808 1476 840 adsit
1497 807 1671 849 generatio,

205 874 265 896 nec
279 876 339 907 qua
356 865 416 896 alia
430 865 548 896 alicubi
562 864 603 896 sit
616 864 649 894 in
671 863 747 905 alio,
770 863 881 905 quales
905 862 1054 895 videlicet
1076 867 1150 894 sunt
1164 873 1284 903 eorum,
1306 873 1377 904 quae
1391 873 1449 893 nos
1474 861 1562 894 entia
1585 871 1670 892 nunc

206 919 400 960 appellamus
412 931 421 959 5
444 919 497 950 sed
509 918 608 955 illam,
623 928 694 959 quae
709 917 742 949 in
757 927 808 954 eo,
829 917 915 960 quod
938 921 986 949 est
1008 927 1064 948 eus
1086 927 1170 957 vere,
1192 916 1322 948 scientia
1337 921 1405 948 est:
1428 920 1461 947 et
1481 915 1544 947 alia
1557 915 1670 946 eodem

206 973 313 1012 modo,
333 983 402 1014 quae
427 983 498 1004 vere
521 976 605 1013 sunt,
632 971 805 1014 speculata,
829 975 925 1013 atque
951 970 999 1002 his
1025 970 1173 1008 enutrita,
1194 970 1319 1002 subiens
1333 980 1434 1001 rursus
1449 969 1530 1001 intra
1543 968 1671 1008 coelum,

205 1025 333 1056 domum
349 1027 519 1057 revertitur.
562 1026 642 1058 Cum
657 1030 760 1057 autem
775 1025 915 1067 redierit,
936 1025 1055 1066 auriga,
1078 1024 1117 1056 ad
1143 1035 1282 1066 praesepe
1304 1024 1415 1055 sistens
1437 1033 1548 1065 equos,
1562 1021 1676 1063 objicit

206 1077 267 1110 illis
291 1080 488 1117 ambrosiam,
514 1085 547 1112 et
570 1085 645 1122 post
669 1080 770 1121 ipsam
794 1084 902 1111 nectar
923 1079 1109 1122 potandum.
1154 1078 1261 1120 Atque
1287 1078 1354 1109 haec
1375 1077 1515 1109 Deorum
1537 1082 1585 1109 est
1598 1076 1678 1107 vita.

209 1133 389 1167 Ceterarum
420 1144 491 1165 vero
517 1135 686 1166 animarum
715 1134 789 1176 alia,
814 1132 912 1175 [248]
936 1133 1055 1174 optime
1081 1131 1187 1164 Deum
1213 1137 1333 1169 secuta,
1357 1130 1531 1174 similisque
1548 1130 1675 1168 effecta,

209 1188 320 1219 extulit
341 1188 374 1221 in
394 1189 646 1230 supercaelestem
668 1188 772 1220 locum
796 1187 910 1229 aurigae
933 1192 1042 1229 caput,
1065 1191 1099 1218 et
1119 1197 1192 1219 cum
1214 1186 1284 1228 ipsa
1309 1184 1558 1227 circumferentia
1581 1183 1676 1216 simul

210 1242 316 1274 delata
331 1246 391 1278 est,
407 1243 462 1273 sed
477 1242 656 1283 perturbata
678 1242 717 1274 ab
740 1241 841 1283 equis,
864 1246 896 1272 et
910 1241 962 1271 vix
976 1251 1028 1281 ea,
1042 1251 1114 1282 quae
1140 1251 1210 1271 vere
1233 1245 1318 1278 sunt,
1337 1239 1464 1272 intuita.
1509 1238 1584 1270 Alia
1598 1248 1672 1270 vero

213 1296 308 1327 modo
334 1301 431 1337 caput
452 1296 576 1332 extulit,
602 1296 696 1327 modo
720 1295 886 1327 submisit:
910 1301 944 1326 at
971 1293 1162 1325 violantibus
1177 1293 1279 1336 equis,
1305 1293 1418 1335 partim
1441 1293 1522 1324 vidit
1533 1292 1674 1334 quidem,

211 1350 326 1393 partim
342 1360 414 1381 vero
429 1360 493 1381 non
507 1349 599 1382 vidit.
644 1348 726 1380 Aliae
741 1354 845 1382 autem
861 1348 984 1386 animm,
1010 1347 1193 1380 affectantes
1215 1347 1341 1390 quidem
1365 1357 1474 1378 omnes
1485 1345 1676 1388 superiorem

213 1403 330 1440 locum,
353 1408 546 1445 sequuntur:
569 1414 640 1435 curn
663 1413 738 1436 vero
761 1407 934 1445 nequeant,
957 1402 1123 1435 submersae
1146 1401 1414 1438 circumferuntur,
1437 1400 1594 1433 calcantes
1606 1409 1677 1432 sese

211 1455 346 1489 invicem
362 1462 456 1499 atque
471 1458 699 1495 incumbentes,
714 1456 776 1490 alia
789 1457 882 1489 aliam
899 1456 1006 1499 praeire
1022 1457 1228 1491 contendens.
1272 1455 1440 1486 Tumultus
1454 1454 1560 1497 igitur,
1571 1459 1678 1487 etcer-

212 1515 330 1553 tamen,
343 1515 376 1542 et
389 1512 482 1543 sudor
497 1511 532 1542 fit
545 1515 721 1547 extremusg
744 1511 799 1547 ubi
814 1511 941 1553 quidem
956 1511 1130 1552 aurigarum
1145 1509 1222 1542 vitio
1238 1509 1345 1544 multae
1360 1508 1552 1551 claudicant,
1568 1508 1676 1540 multas

214 1564 328 1599 multas
350 1576 472 1607 pennas
493 1566 707 1607 confringunt,
733 1575 841 1597 omnes
864 1575 949 1604 vero,
972 1574 1086 1606 magno
1110 1564 1277 1606 implicatae
1300 1563 1417 1600 labore,
1440 1567 1584 1606 expertes
1595 1562 1679 1604 ejus,

214 1619 302 1660 quod
318 1629 388 1651 vere
401 1625 461 1661 est,
473 1619 631 1657 intuendi,
645 1619 814 1653 discedunt
827 1630 835 1651 :
856 1624 929 1661 post
944 1619 1116 1650 discessum
1126 1628 1199 1650 vero
1210 1617 1362 1652 alimento
1373 1621 1503 1650 utuntur
1514 1616 1679 1658 opinabili.

213 1671 305 1714 cujus
328 1673 458 1714 quidem
478 1674 575 1715 gratia
598 1674 712 1705 multus
740 1673 821 1704 inest
846 1678 992 1713 conatus,
1017 1673 1156 1704 veritatis
1182 1682 1311 1713 campus
1336 1671 1464 1703 ubinam
1488 1671 1541 1713 sit,
1555 1671 1682 1703 intueri.

216 1736 290 1759 nam
315 1737 353 1761 ex
376 1727 557 1768 hujusmodi
584 1732 672 1769 prato
698 1727 818 1770 optima
841 1727 888 1758 vis
913 1727 1026 1758 animae
1047 1726 1286 1759 convenientem
1307 1724 1425 1766 accipit
1437 1724 1628 1763 alimoniam,
1649 1733 1685 1758 et

217 1780 335 1812 alarum
350 1786 472 1819 natura,
487 1792 550 1823 qua
564 1781 667 1813 anima
682 1781 831 1819 elevatur,
847 1781 907 1814 hoc
931 1781 1034 1814 alitur.
1078 1780 1266 1823 Regulaque
1289 1778 1447 1814 Adrastia:
1469 1778 1562 1818 Deae,
1574 1779 1608 1811 id
1622 1785 1684 1822 est,

217 1834 406 1866 inevitabilis
419 1835 568 1872 numinis,
581 1837 649 1868 haec
665 1840 724 1873 est,
740 1841 789 1876 ut,
804 1845 1002 1877 quascunque
1012 1834 1116 1867 anima
1128 1835 1232 1866 Deum
1248 1833 1398 1866 comitata
1407 1833 1528 1874 aliquid
1540 1843 1682 1867 verorum

219 1887 404 1930 inspexerit,
428 1899 466 1920 ea
488 1900 589 1931 usque
613 1890 653 1922 ad
680 1889 846 1921 circuitum
870 1889 965 1921 aliurn
990 1889 1032 1920 sit
1060 1887 1237 1919 indemnis:
1261 1893 1294 1918 et
1308 1885 1335 1916 si
1360 1896 1483 1928 semper
1502 1887 1564 1918 hoc
1578 1886 1682 1919 facere

219 1946 328 1983 queat,
345 1942 384 1973 sit
398 1953 520 1984 semper
534 1943 640 1974 illaesa.
663 1943 688 1974 si
702 1954 775 1974 vero
790 1942 947 1985 impotens
963 1942 1150 1984 assequendi
1164 1951 1228 1973 non
1241 1940 1420 1982 inspexerit,
1435 1945 1469 1972 et
1482 1951 1557 1972 casu
1571 1940 1680 1984 aliquo

223 2005 292 2033 usa,
306 1996 489 2038 repletaque
504 1996 664 2028 oblivione
679 2001 712 2029 et
736 1997 889 2039 pravitate
902 2001 1056 2039 gravetur,
1080 2001 1207 2038 gravata
1220 2000 1324 2027 autem
1340 2005 1460 2038 pennas
1481 1994 1683 2037 confregerit,

221 2048 255 2079 in
269 2053 443 2093 terramque
465 2051 635 2083 ceciderit:
660 2055 736 2082 tunc
758 2050 905 2092 probibet
926 2050 976 2082 lex
998 2051 1078 2082 hanc
1099 2049 1135 2083 in
1157 2050 1256 2091 prima
1277 2049 1477 2091 generatione
1495 2047 1531 2081 in
1545 2048 1684 2091 aliquam

220 2104 374 2139 brutalem
388 2104 434 2136 ire
448 2109 589 2136 naturam
608 2115 618 2145 ;
639 2105 695 2136 sed
706 2104 800 2146 jubet
813 2115 894 2143 eam,
910 2115 981 2147 quas
995 2104 1131 2147 plurima
1144 2102 1270 2140 viderit,
1285 2103 1318 2136 in
1331 2103 1505 2145 genituram
1514 2102 1572 2137 viri
1586 2103 1685 2137 futuri

221 2158 416 2202 philosophi,
441 2163 497 2189 aut
510 2158 750 2199 pulchritudinis
774 2158 893 2200 cupidi,
917 2163 972 2190 aut
985 2157 1109 2195 musici,
1131 2162 1226 2199 atque
1242 2156 1383 2189 amatorii
1397 2168 1407 2197 ς
1429 2167 1497 2189 eam
1512 2166 1597 2194 vero,
1611 2167 1684 2199 quse

220 2212 360 2246 secundo
375 2211 457 2248 loco,
468 2211 502 2242 in
510 2222 613 2253 regern
623 2211 810 2254 legitimum,
818 2217 874 2243 aut
881 2212 1065 2244 bellicosum
1077 2211 1174 2242 virum
1185 2216 1218 2242 et
1230 2211 1462 2253 imperatorium
1472 2211 1683 2245 descendere:

220 2266 326 2305 tertio,
341 2265 375 2297 in
387 2265 623 2307 gubernatorem
638 2265 831 2307 reipublicae,
847 2271 904 2297 aut
926 2266 971 2297 rei
985 2265 1145 2296 familiaris
1168 2265 1429 2306 dispensatorem,
1451 2264 1502 2295 vel
1527 2269 1685 2306 quastua·

220 2320 321 2352 rium:
344 2323 468 2361 quarto,
483 2318 516 2350 in
531 2318 718 2350 laboriosum
734 2318 977 2360 gymnasticnm,
1002 2322 1057 2349 aut
1077 2318 1159 2349 circa
1180 2317 1333 2348 medelam
1358 2327 1527 2358 curamque
1547 2316 1686 2359 corporis

222 2378 413 2406 versaturum
427 2383 438 2405 ι
454 2373 577 2414 quinto,
592 2372 623 2402 in
638 2382 705 2412 eos,
719 2371 774 2412 qui
788 2375 875 2402 vates
889 2371 986 2402 futuri
1001 2375 1085 2408 sunt,
1101 2375 1133 2402 et
1148 2371 1231 2402 circa
1241 2370 1390 2412 mysteria
1400 2371 1545 2412 quaedam
1560 2382 1568 2402 =
1585 2375 1686 2410 sexto,

223 2428 257 2460 in
272 2427 412 2470 poetam,
434 2426 484 2457 vel
495 2425 591 2457 alium
607 2425 746 2467 quemvis
761 2435 880 2461 eorum,
895 2424 951 2466 qui
966 2429 1040 2466 apte
1055 2423 1088 2455 in
1102 2424 1276 2456 imitatione
1292 2428 1453 2455 versantur
1466 2435 1474 2454 :
1490 2423 1636 2466 septimo,
1651 2424 1688 2456 in

224 2481 372 2516 artificem
387 2480 436 2512 vel
452 2478 640 2521 agricolam:
665 2481 790 2515 octavo,
805 2477 839 2508 in
855 2476 1027 2519 sophistam
1042 2483 1075 2509 et
1090 2477 1272 2519 popularem
1285 2489 1292 2509 ι
1307 2488 1404 2515 nono,
1426 2477 1460 2508 in
1475 2478 1686 2520 tyrannicum.

223 2536 264 2568 In
284 2535 333 2566 his
359 2538 464 2566 autem
490 2532 634 2564 omnibus
656 2530 838 2574 quicunque
856 2530 943 2572 juste
963 2531 1060 2562 vitam
1089 2531 1198 2573 egerit,
1229 2536 1344 2563 sortem
1366 2535 1478 2573 postea
1498 2531 1689 2565 nanciscitur

225 2588 401 2621 meliorem:
426 2586 482 2629 qui
496 2596 566 2617 vero
580 2584 710 2627 injuste,
725 2585 919 2618 deteriorem.
955 2584 995 2615 In
1010 2585 1093 2616 idem
1109 2585 1202 2622 enim,
1217 2585 1302 2617 unde
1317 2585 1460 2627 prosecta
1473 2589 1522 2617 est
1535 2584 1690 2629 cujusque

226 2642 342 2678 anima,
351 2640 441 2672 annis
450 2639 559 2671 decem
567 2637 700 2670 millibus
707 2649 770 2669 non
782 2639 953 2670 revertitur.
965 2649 1038 2670 nam
1046 2639 1110 2670 alas
1119 2643 1190 2670 ante
1201 2639 1260 2671 hoc
1275 2639 1411 2680 spatium
1428 2649 1491 2670 non
1506 2645 1690 2682 recuperat:

227 2701 339 2739 praeter
353 2695 437 2726 illius
451 2693 597 2730 animam,
612 2692 667 2735 qui
682 2692 920 2734 philosophatus
936 2698 984 2724 est
998 2693 1065 2724 sine
1081 2693 1166 2731 dolo,
1184 2693 1280 2735 [24⁹]
1299 2693 1347 2724 vel
1365 2703 1507 2725 unacum
1523 2693 1689 2735 sapientia

228 2749 333 2784 studio
355 2746 617 2790 pulchritudinem
642 2747 768 2779 amavit.
812 2747 873 2778 11ae
895 2747 1023 2790 quidem
1047 2747 1136 2779 tertio
1160 2747 1278 2779 ambitu
1301 2747 1386 2779 mille
1408 2757 1572 2784 annorum,
1588 2747 1617 2779 si
1642 2752 1691 2780 ter

199 2816 202 2821 ·
228 2804 311 2840 hanc
322 2803 421 2845 ipsam
431 2802 584 2843 deinceps
595 2799 747 2843 elegerint
760 2800 866 2842 vitam,
876 2801 919 2833 sic
931 2801 1119 2843 recuperatis
1130 2801 1200 2839 alis,
1212 2806 1284 2843 post
1295 2806 1340 2832 ter
1355 2800 1555 2832 millesimum
1569 2810 1686 2835 annum

228 2857 357 2890 evolant
379 2856 541 2888 abeuntes.
582 2853 665 2887 Aliae
692 2865 764 2886 vero
791 2855 914 2892 animae,
941 2856 1047 2898 primae
1074 2855 1146 2886 vitas
1170 2856 1263 2887 finem
1285 2859 1474 2891 consecutae,
1492 2853 1690 2895 judicantur.

226 2911 379 2955 judicatas
390 2914 507 2949 autem,
521 2909 590 2942 alias
604 2909 663 2942 sub
685 2909 812 2942 terrain
830 2908 947 2952 judicii
969 2909 1073 2943 locum
1095 2915 1218 2949 euntes,
1240 2908 1364 2941 meritas
1385 2908 1449 2940 illic
1467 2919 1579 2951 ,pesnas
1593 2908 1688 2942 susti-
