1846 3268
155 280 251 332 162]
368 261 370 264 ⁴
685 267 1062 313 PARMENmES.
1539 277 1616 317 127

153 397 230 420 sane
244 387 284 418 de
298 381 477 427 hujusmodi
491 380 642 425 quodam,
656 386 694 413 ut
703 381 744 413 de
759 391 836 418 uno,
860 389 960 413 sermo
975 381 1151 423 haberetur,
1175 390 1278 423 neque
1295 382 1471 424 suppositio
1486 383 1526 416 de
1541 395 1618 424 uno,

153 442 210 473 sed
229 441 271 472 de
295 439 358 472 alio
388 437 550 481 quopiam,
578 436 676 467 fieret.
721 435 863 467 Prorsus.
909 434 1023 478 Neque
1044 444 1116 467 vero
1142 436 1280 468 deceret.
1322 435 1399 467 Non
1423 442 1518 469 certe.
1564 438 1616 470 Ob

153 497 237 527 hane
251 504 376 527 causam
392 496 516 534 oportet
530 490 586 522 uni
600 489 836 521 similitudinem
852 490 892 520 ad
908 500 941 521 se
966 489 1071 532 ipsum
1093 489 1215 522 adesse.
1259 489 1405 532 Oportet.
1451 491 1533 522 Item
1557 503 1618 525 nec

154 548 275 592 oequale
290 547 360 579 aliis
374 551 434 578 est.
455 545 575 577 etenim
590 544 617 576 si
642 544 763 585 aequale
787 548 880 581 esset,
901 543 968 586 jam
984 544 1128 586 profecto
1143 544 1237 576 etiam
1252 543 1352 576 simile
1368 543 1428 576 illis
1443 547 1618 578 secundum

152 603 364 646 equalitatem
384 601 556 632 exsisteret.
578 604 710 640 utraque
736 603 841 630 tamen
860 599 928 630 haec
949 598 1167 641 impossibilia,
1192 609 1264 631 curn
1290 609 1387 631 unum
1413 600 1541 633 minime
1565 602 1617 635 sit.

151 656 373 700 Impossibilia.
420 655 594 696 Postquam
609 663 681 684 vero
696 653 806 684 ceteris
821 653 943 695 aequale
958 663 1023 684 non
1040 658 1099 694 est,
1114 662 1219 684 nonne
1235 657 1268 684 et
1289 653 1351 685 alia
1365 664 1492 686 necesse
1508 661 1556 687 est
1569 656 1620 689 illi

151 711 283 754 aequalia
304 719 503 752 nequaquam
525 708 616 740 esse?
661 707 812 739 Necesse.
858 707 940 744 Quae
962 711 1068 738 autem
1089 717 1153 738 non
1178 707 1323 748 aequalia,
1347 707 1516 750 inaequalia
1530 715 1615 744 sunt.

149 764 336 808 Inoequalia.
380 762 555 805 Inaequalia
569 772 641 793 vero
666 761 816 803 inaequali
831 761 971 803 cuipiam
996 761 1165 803 inaequalia
1179 761 1275 792 sunt?
1321 761 1426 794 Certe.
1470 764 1566 797 Unde
1585 770 1619 797 et

149 818 372 862 inaequalitatis
386 817 543 859 particeps
559 827 655 847 unum
671 820 814 858 apparet,
841 815 1014 846 secundum
1031 825 1125 857 quarn
1141 819 1244 846 cetera
1258 814 1321 857 ipsi
1342 816 1511 858 inaequalia
1534 825 1619 853 sunt.
1669 820 1673 822 “

151 873 315 915 Particeps
338 872 490 914 profecto.
533 870 683 904 Ceterum
708 871 750 902 ad
775 869 1025 911 inaequalitatem
1054 869 1239 911 magnitudo
1268 879 1305 901 ac
1330 870 1466 911 parvitas
1492 873 1617 908 attinet.

151 928 288 960 Attinet.
331 927 375 958 Et
390 925 573 968 magnitudo
591 935 665 966 ergo
685 929 718 957 et
732 924 872 967 parvitas
893 924 948 955 tali
965 924 1016 955 uni
1032 923 1192 956 convenit.
1235 923 1380 956 Videtur.
1425 925 1619 968 Magnitudo

149 993 252 1014 rursus
266 986 299 1013 et
313 981 449 1024 parvitas
465 990 588 1022 semper
613 979 749 1010 invicem
773 979 903 1010 distant.
948 977 1091 1010 Distant.
1135 978 1280 1020 Ideoque
1303 978 1443 1011 medium
1466 982 1617 1023 quiddam

149 1047 273 1078 semper
295 1036 472 1069 intervenit.
516 1034 610 1067 Sane.
654 1034 741 1065 Num
755 1033 871 1076 reperis
887 1032 1024 1064 medium
1039 1032 1126 1064 aliud
1140 1033 1222 1064 inter
1233 1033 1314 1071 haec,
1329 1039 1441 1076 praeter
1454 1038 1618 1078 aequalita·

149 1091 236 1123 tem?
280 1089 414 1122 Nullum
438 1089 534 1121 aliud.
588 1089 777 1130 Cuicunque
802 1088 897 1130 igitur
917 1087 1101 1130 magnitudo
1135 1092 1168 1119 et
1191 1088 1326 1129 parvitas
1346 1089 1475 1132 accidit,
1500 1093 1618 1125 accidit

150 1155 278 1188 quoque
293 1143 466 1186 aequalitas,
481 1145 590 1175 horum
605 1143 751 1175 obtinens
766 1143 917 1175 medium.
962 1142 1107 1175 Constat.
1150 1141 1217 1174 Uni
1239 1142 1346 1184 igitur,
1369 1144 1444 1175 dum
1466 1156 1529 1177 non
1556 1153 1617 1186 est,

148 1200 324 1243 aequalitas,
343 1198 538 1240 magnitudo,
565 1198 701 1240 parvitas
716 1198 859 1230 accidere
874 1197 1030 1229 videntur.
1061 1196 1248 1230 ,videntum
1294 1197 1451 1230 Praeterea
1464 1206 1497 1231 et
1511 1211 1617 1233 essen-

148 1254 194 1285 tia
207 1253 393 1296 participare
408 1253 641 1294 quodammodo
656 1252 758 1294 ipsum
773 1256 909 1294 oportet.
954 1250 1001 1282 At
1016 1251 1198 1293 quomodo?
1222 1250 1347 1282 Habere
1362 1262 1395 1283 se
1405 1252 1510 1294 ipsum
1524 1265 1616 1298 opor.

148 1313 196 1340 tet
209 1319 248 1340 eo
264 1307 369 1344 modo,
384 1317 448 1349 quo
464 1306 606 1339 dicimus.
630 1306 690 1337 nisi
715 1305 799 1337 enim
823 1306 868 1337 sic
891 1315 959 1336 sese
982 1305 1123 1347 haberet,
1149 1305 1392 1348 haudquaquam
1407 1317 1479 1338 vera
1502 1311 1618 1350 praedi.

147 1371 298 1400 caremus,
313 1361 388 1392 dum
403 1371 500 1392 unum
515 1371 579 1391 non
591 1370 658 1391 esse
673 1360 828 1392 fatemur:
853 1359 903 1391 sin
931 1363 1035 1390 autem
1052 1369 1135 1397 vera,
1159 1359 1359 1392 manifestum
1382 1366 1441 1400 est,
1465 1366 1549 1406 quod
1565 1377 1617 1406 ea,

147 1427 220 1460 quae
234 1422 318 1454 sunt,
333 1415 530 1458 proferimus.
553 1415 681 1446 nonne?
727 1414 780 1446 Sic
795 1419 854 1446 est.
900 1413 983 1445 Cum
1000 1424 1070 1445 vero
1089 1424 1147 1446 nos
1163 1424 1234 1446 vera
1248 1414 1420 1456 praedicarc
1434 1418 1616 1460 dixerimus,

145 1481 273 1503 necesse
287 1474 346 1508 est,
361 1474 398 1501 ut
411 1479 461 1507 ea,
485 1479 555 1512 quae
570 1474 656 1506 sunt,
679 1479 814 1501 asserere
830 1479 888 1500 nos
906 1469 1119 1510 profiteamur.
1144 1469 1242 1512 [162]
1265 1469 1417 1504 Necesse.
1463 1472 1520 1504 Est
1541 1485 1615 1517 ergo

149 1537 259 1568 unum,
273 1530 309 1557 ut
322 1525 455 1563 videtur,
467 1534 532 1556 non
548 1535 615 1556 ens.
637 1523 664 1555 si
679 1524 762 1555 enim
780 1534 844 1555 non
860 1523 900 1555 sit
915 1533 978 1554 non
994 1534 1062 1562 ens,
1077 1524 1133 1555 sed
1148 1524 1268 1566 aliquid
1282 1525 1383 1566 ipsius
1397 1536 1465 1558 esse
1479 1527 1618 1561 remittat

145 1582 187 1613 ad
202 1582 273 1618 hoc,
301 1584 337 1610 ut
359 1589 426 1610 non
443 1579 495 1617 sit,
521 1579 626 1609 statim
647 1578 707 1609 erit
728 1588 793 1608 non
817 1587 884 1608 ens.
930 1578 1071 1608 Omnino
1090 1579 1233 1619 quidem.
1278 1577 1413 1620 Oportet
1428 1581 1522 1623 igitur
1535 1582 1616 1616 illud

146 1642 296 1678 tanquam
311 1633 470 1665 vinculum
486 1631 585 1675 ipsius
610 1642 675 1663 non
698 1642 766 1663 esse
785 1632 899 1663 habere
918 1632 1022 1672 ipsum
1047 1641 1116 1663 esse
1130 1642 1194 1662 non
1211 1642 1277 1669 ens,
1294 1633 1321 1663 si
1336 1634 1431 1665 debet
1446 1646 1510 1667 non
1524 1647 1591 1669 esse
1605 1648 1615 1670 τ

145 1690 280 1732 proinde
303 1693 340 1720 ut
363 1689 466 1730 ipsum
487 1697 543 1718 ens
565 1685 666 1728 ipsius
689 1685 814 1717 essendi
828 1684 988 1717 vinculum
1017 1685 1112 1716 habet
1126 1685 1234 1726 ipsum
1249 1695 1314 1717 non
1328 1697 1396 1718 esse
1410 1698 1475 1719 non
1490 1700 1558 1728 ens,
1579 1697 1618 1723 ut

147 1743 286 1786 perfecte
300 1752 402 1774 rursus
416 1751 483 1772 esse
498 1741 604 1772 liceat.
628 1739 672 1771 ita
686 1739 770 1771 enim
791 1739 894 1781 ipsum
907 1750 964 1771 ens
979 1739 1111 1770 maxime
1125 1739 1194 1777 erit,
1211 1744 1243 1771 ct
1262 1740 1365 1782 ipsum
1380 1751 1444 1773 non
1460 1754 1515 1775 ens
1530 1755 1616 1776 max-

146 1798 209 1830 ime
223 1807 288 1828 non
303 1797 373 1835 erit,
399 1797 424 1828 si
438 1796 541 1838 ipsum
556 1805 612 1826 ens
633 1794 761 1836 quidem
785 1794 955 1836 participet
977 1793 1112 1825 essentia
1127 1794 1253 1825 essendi
1268 1805 1344 1835 ens3
1367 1806 1432 1827 non
1447 1802 1551 1830 autem
1567 1810 1617 1831 es-

147 1852 248 1884 sentia
260 1851 385 1884 essendi
400 1861 465 1882 non
481 1860 549 1892 ens,
565 1849 592 1880 si
607 1849 735 1880 omnino
750 1859 817 1880 esse
831 1849 946 1880 debeat
960 1859 969 1880 ε
993 1849 1097 1890 ipsum
1114 1859 1185 1880 vero
1209 1858 1273 1879 non
1298 1859 1355 1880 ens
1369 1860 1433 1881 non
1448 1852 1617 1895 participet

148 1907 284 1940 essentia
299 1916 362 1937 non
379 1904 504 1936 essendi
519 1914 583 1935 non
598 1914 665 1940 ens,
682 1904 735 1935 sed
752 1903 889 1935 essentia
900 1913 965 1934 non
980 1903 1105 1935 essendi
1125 1913 1193 1942 ens,
1217 1903 1243 1934 si
1266 1904 1394 1946 quidem
1408 1916 1473 1937 non
1489 1917 1544 1938 ens
1559 1919 1616 1950 pe-

145 1962 231 1993 nitus
246 1959 344 1992 videri
359 1960 483 1991 debeat.
526 1958 700 1990 Verissima
720 1958 788 1989 haec
809 1961 893 1988 sunt.
938 1956 1056 1989 Nonne
1081 1957 1186 1999 igitur,
1211 1963 1376 2001 postquam
1400 1970 1455 1992 ens
1478 1971 1543 1992 non
1569 1973 1617 1995 es-

147 2016 238 2048 sendi
250 2014 408 2057 particeps
423 2018 482 2055 est,
496 2017 530 2045 et
544 2022 609 2044 non
619 2022 676 2044 ens
690 2012 790 2054 ipsius
803 2011 929 2043 essendi
944 2012 1115 2054 particeps,
1129 2023 1226 2044 unum
1243 2023 1381 2056 quoque,
1397 2024 1468 2046 cum
1485 2026 1549 2048 non
1563 2018 1617 2055 sit,

143 2070 215 2113 ipso
228 2079 295 2102 esse
311 2068 498 2111 participare
513 2077 641 2100 necesse
657 2071 705 2099 est
720 2067 760 2098 ad
777 2067 848 2104 hoc,
865 2072 901 2098 ut
916 2078 986 2098 vere
1002 2077 1066 2098 non
1082 2067 1122 2099 sit
1135 2068 1148 2098 ?
1190 2067 1342 2101 Necesse.
1388 2067 1532 2101 Essentia
1557 2071 1618 2113 igi-

146 2129 197 2156 tur
208 2125 316 2156 adesse
331 2123 454 2155 videtur
469 2122 537 2163 uni,
549 2122 574 2154 si
589 2132 653 2153 non
669 2121 721 2153 sit.
766 2121 912 2154 Videtur.
956 2121 1061 2164 Atqui
1076 2132 1142 2153 non
1164 2123 1301 2154 essentia
1315 2132 1429 2169 rursus,
1445 2122 1472 2154 si
1485 2124 1615 2166 quidem

146 2179 274 2210 minime
297 2178 348 2210 sit.
394 2177 542 2215 Quidni?
586 2176 672 2208 Num
689 2181 795 2218 potest
809 2176 942 2219 aliquid,
967 2177 1052 2218 quod
1069 2182 1153 2208 certo
1175 2177 1313 2219 quodam
1336 2177 1430 2207 modo
1454 2178 1615 2217 affectum,

147 2233 194 2265 sic
208 2233 322 2264 habere
344 2243 378 2264 se
398 2231 524 2270 dicitur,
535 2241 606 2262 non
629 2231 673 2263 sic
699 2242 732 2262 se
748 2231 874 2268 habere,
899 2241 971 2263 cum
987 2231 1126 2263 nondum
1142 2241 1180 2262 ex
1195 2229 1375 2271 hujusmodi
1390 2230 1500 2262 habitu
1516 2236 1617 2264 trans-

146 2291 301 2318 mutatum
319 2287 380 2318 sit?
426 2285 501 2318 Non
517 2290 633 2328 potest.
679 2285 903 2327 Quodcunque
918 2285 1016 2327 igitur
1029 2286 1074 2316 sic
1089 2295 1136 2326 se,
1153 2289 1185 2316 et
1200 2294 1264 2315 non
1287 2284 1332 2316 sic
1348 2295 1381 2316 se
1393 2285 1499 2328 habet,
1514 2292 1618 2329 muta..

147 2341 267 2373 tionem
281 2341 439 2384 quandam
452 2341 580 2383 patitur.
625 2340 757 2372 Patitur.
804 2340 1016 2371 Mutationem
1030 2349 1103 2371 vero
1115 2343 1290 2378 motumne,
1306 2348 1347 2369 an
1362 2338 1450 2370 aliud
1466 2339 1618 2381 quiddam

147 2405 216 2428 esse
230 2395 371 2427 dicemus
384 2395 396 2427 ?
440 2395 579 2426 Motum.
624 2394 732 2426 Unum
747 2398 851 2426 autern
875 2404 984 2425 nonne
1008 2399 1041 2425 et
1062 2404 1118 2425 ens
1133 2398 1166 2425 et
1180 2403 1244 2424 non
1259 2403 1315 2424 ens
1331 2393 1476 2435 apparuit
1491 2394 1503 2424 ?
1547 2393 1617 2437 Ap-

146 2450 260 2491 paruit.
304 2450 389 2492 Ergo
403 2454 436 2480 et
451 2450 508 2491 sic,
523 2453 557 2480 et
569 2459 633 2480 non
647 2448 693 2480 sic
713 2459 746 2480 se
762 2449 890 2480 habens.
934 2448 1080 2481 Videtur.
1127 2447 1234 2480 Unum
1249 2457 1323 2489 ergo
1339 2457 1403 2478 non
1419 2457 1475 2478 ens
1499 2448 1616 2480 moveri

145 2503 282 2545 videtur,
297 2503 323 2535 si
334 2503 462 2545 quidem
475 2502 680 2534 mutationem
696 2513 734 2533 ex
749 2502 820 2544 ipso
836 2512 903 2534 esse
915 2501 951 2533 in
966 2512 1030 2533 non
1046 2512 1112 2533 esse
1128 2501 1251 2544 recipit.
1295 2500 1401 2533 Patet.
1445 2501 1615 2533 Enimvero

147 2558 176 2589 si
191 2567 344 2599 nusquam
358 2557 392 2588 in
406 2562 517 2588 natura
532 2566 632 2588 rerum
656 2557 757 2594 adest,
779 2566 851 2588 curn
866 2567 930 2587 non
946 2557 998 2595 sit,
1026 2567 1091 2587 non
1112 2556 1223 2598 utique
1244 2555 1372 2587 aliunde
1393 2555 1456 2587 alio
1482 2555 1616 2598 migrare

148 2616 264 2653 potest.
308 2611 382 2649 Quo
397 2615 490 2652 pacto
507 2610 589 2642 enim
601 2611 731 2652 posset?
777 2610 854 2642 Non
870 2621 943 2653 ergo
965 2615 1116 2648 movetur,
1139 2621 1177 2642 ex
1192 2620 1231 2642 eo
1254 2610 1339 2652 quod
1354 2614 1501 2642 transeat.
1546 2609 1616 2641 Mi-

146 2665 244 2698 nime.
286 2664 402 2707 Neque
417 2669 522 2696 tamen
537 2664 570 2695 in
585 2665 699 2696 eodem
721 2670 930 2697 convertetur.
953 2665 1070 2697 etenim
1090 2664 1195 2707 ipsum
1211 2665 1294 2697 idem
1310 2674 1464 2707 nusquam
1479 2663 1617 2705 attingit.

148 2729 204 2751 ens
218 2729 354 2761 namque
368 2724 416 2751 est
431 2719 533 2761 ipsum
547 2718 647 2751 idem.
669 2729 734 2750 non
749 2729 805 2751 ens
821 2724 924 2751 autem
939 2719 975 2751 in
998 2719 1104 2762 aliquo
1126 2729 1245 2757 eorum,
1274 2729 1346 2761 quas
1369 2723 1452 2756 sunt,
1475 2728 1543 2749 esse
1557 2717 1617 2749 im-

147 2773 298 2816 possibile
313 2778 372 2805 est.
416 2771 618 2815 Impossibile
632 2777 727 2806 certe.
771 2773 848 2804 Non
863 2783 937 2816 ergo
953 2784 1062 2813 unum,
1085 2784 1156 2805 cum
1172 2783 1236 2805 non
1251 2772 1304 2815 sit,
1314 2772 1348 2804 in
1362 2783 1401 2804 eo
1416 2772 1566 2809 converti,
1581 2771 1616 2802 in

148 2837 212 2870 quo
229 2827 356 2859 minime
372 2831 431 2869 est,
446 2836 584 2869 unquam
600 2831 717 2869 posset.
761 2827 945 2870 Nunquam.
991 2827 1106 2870 Neque
1128 2827 1222 2859 etiam
1243 2827 1390 2859 alteratur
1415 2836 1511 2857 unum
1527 2826 1567 2856 ab
1582 2835 1616 2856 se

149 2881 231 2923 ipso,
248 2881 314 2913 sive
328 2881 380 2919 sit,
396 2881 461 2913 sive
476 2892 541 2912 non
553 2881 604 2914 sit.
627 2882 711 2912 haud
724 2881 807 2913 enim
825 2892 924 2914 sermo
940 2883 980 2914 de
995 2892 1059 2913 uno
1074 2882 1202 2913 ulterius
1215 2882 1390 2921 haberetur,
1406 2880 1432 2911 si
1447 2879 1575 2922 quidem
1595 2887 1614 2908 a

150 2944 183 2966 se
197 2935 267 2977 ipso
283 2935 445 2968 alteratum
461 2935 593 2976 fuisset3
616 2945 721 2967 verum
744 2936 786 2968 de
807 2936 869 2967 alio
892 2937 1028 2978 quodam
1053 2941 1166 2978 praeter
1192 2946 1301 2969 unum.
1348 2934 1462 2966 Probe.
1508 2933 1541 2963 Si
1556 2942 1611 2962 ne-

148 2997 210 3030 que
225 2988 382 3029 alteratur,
397 2999 502 3033 neque
515 2989 550 3023 in
574 2990 685 3022 eodem
701 2989 880 3034 revolvitur,
895 2999 998 3033 neque
1014 2989 1223 3032 progreditur,
1239 2999 1374 3031 quonam
1392 2993 1484 3029 pacto
1502 2996 1607 3016 move-
