1846 3268
247 258 331 301 250
850 253 1130 294 PLA‘rorvrs»
1611 258 1710 309 [1¹⁷5

243 364 422 395 universum
439 359 608 403 pertinent,
624 357 671 389 his
696 362 814 396 autern,
827 367 899 399 quas
922 368 1022 399 prope
1042 362 1126 395 sunt,
1149 357 1222 390 solis
1245 357 1332 390 nullo
1359 357 1452 390 modo
1473 358 1636 402 applicans
1658 370 1705 394 se.

241 416 353 448 Tuto.
375 415 449 453 Quo
467 421 560 457 paeto
575 413 608 445 id
625 412 683 450 ais,
698 423 718 444 ο
732 411 896 444 Socrates?
941 412 997 443 So.
1020 412 1296 450 Quemadmodum
1315 412 1492 451 Thaletem,
1503 413 1579 444 dum
1593 413 1706 446 eoelum

243 470 416 513 suspiceret
430 469 569 500 intentus
584 466 750 504 sideribus,
762 465 797 496 in
818 465 940 496 foveam
962 466 1126 497 cadentem
1152 466 1337 498 Thracensis
1351 467 1494 508 quaedam
1509 466 1578 508 ejus
1593 467 1709 500 ancilla

239 524 343 556 facete
368 522 502 554 nimium
522 521 651 563 carpsit,
665 520 753 562 quod
778 529 850 561 quae
872 519 904 550 in
931 519 1010 550 coelo
1026 523 1110 556 sunt,
1126 520 1287 560 pervidere
1301 521 1525 561 contenderet;
1547 531 1618 562 quae
1634 531 1707 553 vero

240 577 382 619 proxima
404 581 436 608 et
459 576 498 606 ad
523 575 633 617 pedes,
656 583 723 605 non
738 573 868 604 videret.
913 572 1003 603 Idem
1031 571 1177 604 similiter.
1193 573 1348 610 omnibus,
1372 575 1425 615 qui
1446 574 1480 605 in
1504 574 1707 617 philosophia

244 635 416 667 versantur,
433 627 529 670 objici
544 632 662 669 potest.
688 627 764 658 latet
778 625 860 657 enim
877 625 1099 667 philosophum
1110 636 1173 657 non
1187 627 1279 658 modo
1289 627 1449 669 quidagat
1459 627 1530 670 ejus
1537 628 1708 670 proximus,

239 685 296 716 sed
311 685 376 716 fere
389 684 526 714 homone
542 680 584 713 sit
598 691 638 712 an
654 682 789 712 brutum.
812 679 888 721 quid
901 683 1005 711 autem
1021 680 1115 711 homo
1130 679 1200 721 ipse
1214 680 1264 717 sit,
1275 685 1309 712 et
1319 691 1429 723 quaeve
1439 681 1523 713 actio
1536 686 1592 713 aut
1603 683 1708 724 passio

241 737 343 780 ipsius
357 735 493 768 hominis
508 734 646 778 propria,
662 734 801 765 studiose
817 732 979 774 perquirit.
1025 733 1192 775 Intelligis,
1204 744 1223 765 o
1238 734 1414 773 Theodore,
1431 745 1471 766 an
1486 735 1573 766 non?
1595 735 1706 769 Tuto.

239 791 391 833 Intelligo
407 790 566 832 equidem,
582 794 614 820 et
629 788 714 830 quod
731 787 822 824 dicis,
839 787 991 828 approbo.
1037 787 1091 818 So.
1113 787 1295 825 Enimvem,
1310 799 1329 819 ο
1345 788 1457 825 amice,
1472 794 1507 820 ut
1521 788 1553 820 in
1568 788 1709 831 superio-

238 845 326 877 ribus
341 844 488 880 diximus,
516 843 540 874 si
564 843 692 884 quando
710 842 754 872 vir
781 840 852 871 talis
869 840 916 871 vel
947 840 1088 881 privatim
1111 851 1181 872 cum
1205 841 1309 883 aliquo
1326 842 1375 873 vel
1400 842 1524 883 publice
1538 841 1708 884 injudicio

238 899 304 930 sive
320 897 394 934 alibi
409 897 450 928 de
467 896 526 933 his,
544 905 616 938 quae
632 895 672 926 ad
689 895 786 935 pedes
799 898 832 924 et
848 893 879 923 in
896 898 1068 934 conspectu
1085 899 1168 932 sunt,
1180 895 1329 926 disserere
1341 897 1477 937 cogitur,
1487 896 1579 928 risum
1589 901 1707 934 movet,

237 962 303 983 nou
317 951 491 982 Thracibus
507 949 619 985 solum,
635 958 742 979 verum
763 946 859 978 etiam
884 946 997 978 ceteris
1024 947 1182 988 gentibus,
1195 949 1315 990 quippe
1339 960 1409 980 cum
1433 949 1466 980 in
1481 949 1588 980 foveas
1608 949 1708 982 ambi-

238 1005 436 1047 guitatesque
452 1003 565 1034 multas
579 1006 708 1043 propter
723 1001 831 1031 harum
846 1011 946 1032 rerum
962 1000 1148 1042 imperitiam
1163 1002 1293 1033 incidat.
1337 1002 1400 1034 Ubi
1415 1002 1548 1034 absurda
1562 1003 1707 1044 quaedam

238 1058 420 1100 ineptitudo
435 1057 571 1099 ignaviae
586 1061 692 1086 notam
716 1055 831 1106 inurit5
869 1054 953 1085 Nam
977 1064 1048 1085 cum
1071 1055 1149 1086 forte
1166 1055 1390 1097 vituperandus
1412 1056 1526 1098 aliquis
1546 1061 1606 1094 est,
1628 1055 1707 1088 nihil

238 1112 346 1149 habet,
372 1111 458 1153 quod
473 1111 507 1142 in
524 1109 725 1151 opprobrium
742 1108 864 1148 afferat,
879 1113 989 1150 utpote
1003 1108 1152 1139 malorum
1167 1109 1303 1150 ignarus,
1317 1109 1573 1151 quandoquidem
1586 1109 1709 1152 singula

243 1165 437 1207 singulorum
458 1164 540 1196 mala
566 1173 726 1204 nunquam
754 1161 986 1194 animadvertit,
1009 1172 1083 1203 ergo
1105 1167 1253 1204 tanquam
1278 1163 1400 1194 nescius
1414 1163 1567 1195 irridetur.
1586 1163 1622 1194 in
1638 1163 1708 1195 lau·

239 1219 353 1250 dandis
367 1228 495 1261 quoque
511 1217 762 1257 extollendisque
777 1215 966 1253 hominibus,
978 1226 1050 1247 cum
1067 1215 1144 1246 nihil
1161 1216 1286 1248 simulet
1299 1216 1522 1255 dissimuletve,
1533 1217 1588 1248 sed
1600 1221 1707 1258 aperte

235 1273 348 1306 rideat.
370 1272 486 1304 delirus
501 1282 569 1303 esse
586 1271 717 1302 videtur.
764 1269 890 1300 Etenim
906 1280 977 1300 cum
993 1275 1160 1311 tyrannum
1171 1275 1226 1301 aut
1237 1281 1341 1312 regem
1353 1270 1472 1302 laudari
1485 1271 1594 1311 sentit,
1611 1280 1706 1302 unum

238 1326 398 1368 quendam
426 1324 590 1356 subulcum
618 1328 672 1354 aut
698 1327 853 1364 pastorem
879 1323 985 1357 ovium
1015 1323 1063 1353 vel
1091 1323 1262 1355 bubulcum
1291 1324 1398 1355 extolli
1426 1324 1599 1362 existimat,¹
1621 1324 1706 1366 quod

239 1381 367 1412 abunde
392 1378 543 1420 mulgeat.
568 1378 600 1409 id
626 1382 730 1408 tamen
752 1377 902 1407 interesse
923 1382 1042 1412 censet,
1066 1377 1150 1417 quod
1176 1388 1263 1418 reges
1289 1382 1322 1409 et
1344 1378 1470 1420 tyranni
1495 1377 1648 1409 infensius
1674 1383 1708 1410 et

236 1433 421 1466 insidiosius
437 1432 552 1464 animal
578 1436 689 1463 curent
715 1436 748 1462 et
770 1431 942 1472 mulgeant.
966 1436 1117 1472 agrestem
1133 1442 1204 1462 vero
1220 1437 1253 1462 et
1266 1432 1374 1463 rudem
1390 1432 1431 1463 ob
1446 1442 1533 1463 suam
1547 1432 1704 1474 quandam

237 1487 480 1530 occupationem
506 1497 570 1518 non
597 1486 698 1517 minus
713 1495 805 1527 quam
823 1490 976 1526 pastorem
991 1484 1148 1526 ejusmodi
1161 1486 1318 1517 hominem
1333 1496 1400 1517 esse
1414 1496 1542 1518 necesse
1555 1491 1614 1523 est,
1630 1496 1707 1517 rnoe-

237 1542 331 1573 nibus
346 1542 380 1573 in
397 1542 472 1573 urbe
488 1551 551 1571 non
578 1550 667 1571 secus
693 1545 789 1580 atque
816 1544 922 1581 pastor
949 1544 1040 1580 septo
1068 1539 1102 1569 in
1127 1545 1231 1570 monte
1255 1540 1491 1571 circumdatum.
1537 1539 1619 1572 Cum
1635 1549 1706 1571 vero

238 1606 382 1637 agrorum
408 1596 516 1626 decem
549 1593 645 1624 millia
680 1592 794 1634 jugera
817 1597 873 1623 aut
900 1593 987 1634 plura
1013 1593 1108 1623 etiam
1131 1593 1291 1634 praedicari
1313 1594 1413 1631 audit,
1442 1593 1532 1634 quasi
1556 1603 1703 1636 magnum

235 1649 400 1691 quippiam
416 1650 455 1679 ab
471 1648 539 1688 illo,
553 1648 608 1689 qui
624 1648 731 1687 habet,
747 1647 956 1689 possideatur,
973 1647 1086 1688 exigua
1108 1647 1252 1688 quaedam
1276 1648 1384 1678 audire
1410 1658 1444 1679 se
1468 1652 1570 1690 putat,
1586 1648 1706 1690 quippe

236 1703 291 1746 qui
306 1703 485 1734 universum
503 1708 590 1734 terrae
617 1702 722 1732 orbem
746 1706 886 1742 spectare
909 1701 950 1731 sit
975 1701 1096 1732 solitus.
1143 1701 1300 1738 Quotiens
1326 1706 1474 1743 praeterea
1497 1702 1568 1744 quis
1583 1701 1706 1743 generis

236 1757 434 1788 nobilitatem
451 1757 554 1793 refert,
569 1756 656 1798 quod
671 1759 791 1796 septem
808 1765 882 1785 avos
898 1754 1011 1785 divites
1027 1765 1135 1786 omnes
1158 1765 1338 1787 enumerare
1353 1755 1467 1793 valeat,
1488 1754 1584 1798 [1⁷5]
1608 1755 1705 1787 hebe-

235 1811 277 1842 tis
290 1810 432 1853 nihilque
450 1820 595 1851 magnum
614 1814 741 1850 propter
755 1808 963 1849 ignorantiam
978 1809 1146 1850 cogitantis
1161 1808 1258 1840 animi
1269 1809 1378 1840 laudes
1393 1807 1575 1851 hujusmodi
1585 1813 1704 1846 censet,

236 1864 328 1906 quasi
344 1865 383 1895 ad
402 1863 497 1894 totius
510 1863 621 1894 mundi
636 1867 779 1894 naturam
794 1862 946 1903 respicere
970 1868 1119 1904 nequeat,
1134 1868 1168 1894 et
1188 1863 1306 1899 videre,
1322 1864 1408 1904 quod
1425 1863 1578 1895 innumeri
1594 1873 1705 1894 unum-

236 1928 395 1960 quemque
422 1922 560 1948 nostrum
586 1917 637 1948 avi
662 1923 758 1958 atque
782 1917 892 1957 proavi
919 1922 1162 1952 antecesserunt,
1180 1927 1310 1958 quorum
1331 1918 1363 1947 in
1386 1927 1514 1949 numero
1536 1917 1649 1949 divites
1673 1921 1707 1948 et

236 1971 362 2013 inopes,
388 1982 475 2013 reges
496 1972 531 2002 vet
557 1971 646 2007 servi,
669 1970 864 2012 Barbarique
891 1975 923 2001 et
949 1969 1052 2002 Graeci
1077 1971 1217 2012 singulos
1244 1971 1484 2002 innumerabiles
1509 1981 1707 2012 praecessere.

235 2025 323 2063 Quin
339 2025 433 2057 etiarn
449 2026 576 2066 quando
589 2025 660 2066 quis
675 2025 802 2066 stirpem
818 2024 958 2066 quinque
980 2030 1013 2056 et
1026 2023 1138 2066 viginti
1160 2023 1311 2066 majorum
1327 2025 1515 2067 dinumerat,
1530 2029 1562 2057 et
1577 2024 1610 2056 in
1623 2023 1703 2056 Am·

235 2078 473 2121 phitryonidem
485 2079 654 2109 Herculem
667 2078 818 2119 originem
831 2078 934 2119 refert,
950 2083 1033 2110 certe
1045 2089 1115 2110 cum
1131 2078 1259 2120 quintus
1268 2077 1499 2121 vigesimusque
1514 2079 1554 2110 ab
1565 2078 1706 2110 Hercule

236 2131 377 2173 superior
395 2132 464 2163 talis
479 2132 627 2169 extiterit,
643 2131 746 2173 qualis
757 2132 820 2163 forn
835 2131 883 2162 illi
895 2132 1042 2173 contigit,
1054 2133 1094 2163 ab
1108 2143 1146 2163 eo
1162 2133 1290 2175 ridetur,
1305 2132 1332 2163 si
1345 2132 1398 2164 ille
1413 2132 1506 2164 altius
1520 2143 1706 2174 consurgere

234 2190 374 2227 nequeat
400 2190 433 2216 et
456 2187 575 2217 insanae
602 2186 714 2218 mentis
741 2186 911 2218 vanitatem
940 2187 1078 2228 abigere.
1123 2186 1162 2217 In
1190 2187 1238 2218 his
1259 2186 1403 2218 omnibus
1428 2185 1635 2228 philosophus
1659 2186 1706 2217 vir

234 2239 329 2281 vulgo
346 2239 498 2271 ridiculus
510 2241 654 2277 habetur,
669 2240 782 2281 partim
797 2239 873 2281 quia
888 2240 1038 2280 superbus
1054 2245 1314 2282 contemptorque.
1339 2246 1483 2282 apparet,
1497 2240 1610 2281 partim
1629 2239 1703 2281 quia

235 2303 306 2335 quae
322 2293 426 2335 palam
453 2299 525 2325 sunt
547 2293 672 2335 ignorat
694 2298 727 2325 et
749 2294 890 2336 ambigit.
934 2293 1044 2325 Tuto.
1067 2294 1151 2326 Rem
1174 2294 1288 2336 ipsam,
1309 2305 1328 2325 o
1353 2295 1508 2330 Socrates,
1526 2298 1561 2324 ut
1576 2293 1706 2330 accidit,

234 2347 395 2379 enarrasti.
442 2348 498 2379 So.
522 2348 566 2379 At
576 2359 647 2379 curn
660 2349 688 2380 is
703 2348 850 2389 aliquem,
867 2359 886 2379 o
903 2348 1014 2385 amice,
1027 2348 1067 2378 ad
1084 2358 1196 2389 supera
1211 2347 1312 2388 erigit,
1327 2352 1360 2378 et
1374 2347 1427 2378 ille
1444 2351 1556 2388 sponte
1571 2356 1642 2378 cum
1651 2357 1705 2387 eo,

233 2398 424 2441 singulorum
452 2401 579 2442 dimissa
602 2401 771 2442 litigiorum
796 2401 1001 2439 discussione,
1017 2411 1080 2442 qua
1094 2401 1252 2442 quaeritur,
1268 2400 1308 2431 In
1331 2411 1394 2442 quo
1410 2410 1470 2442 ego
1485 2406 1517 2431 te
1531 2405 1587 2431 aut
1602 2405 1636 2431 tu
1653 2410 1703 2432 me

233 2452 361 2490 lasseris,
378 2455 416 2485 ad
442 2454 542 2496 ipsius
563 2454 696 2496 justitiae
723 2455 925 2497 injustitiaeve
946 2454 1195 2497 speculationem
1218 2454 1374 2491 ascendit,
1390 2453 1466 2495 quid
1483 2458 1614 2495 utraque
1627 2453 1705 2495 sint,

230 2517 296 2550 quo
310 2508 350 2538 ab
365 2507 434 2538 aliis
450 2508 594 2539 omnibus
609 2508 691 2540 inter
705 2519 739 2540 se
754 2509 935 2550 discrepent
948 2520 955 2539 ε
980 2508 1030 2539 vel
1051 2508 1145 2539 etiam
1167 2507 1378 2540 controversia
1402 2507 1456 2538 illa
1481 2506 1621 2544 dimissa,
1636 2517 1700 2548 qua

231 2559 392 2602 quaeritur,
416 2560 528 2592 Utrum
553 2572 604 2592 rex
626 2562 736 2593 beatus
761 2562 812 2600 sit,
833 2562 888 2603 qui
911 2561 1043 2592 multum
1069 2560 1135 2592 auri
1162 2561 1319 2603 possidet,
1340 2561 1379 2592 ad
1403 2559 1702 2602 contemplationem

230 2607 320 2656 regni
346 2613 444 2655 ipsius
464 2615 731 2657 beatitudinisque
757 2617 902 2647 humanas
926 2620 1020 2657 atque
1045 2615 1188 2652 miseriae,
1211 2615 1317 2656 qualia
1341 2614 1456 2656 cuique
1481 2613 1554 2652 sint,
1579 2618 1613 2645 et
1634 2623 1698 2656 quo

230 2673 327 2709 pacto
341 2668 486 2699 humanae
502 2672 622 2700 naturae
636 2669 805 2701 conveniat
818 2670 880 2702 hoc
896 2669 1042 2711 adipisci,
1055 2669 1134 2700 illud
1150 2669 1277 2710 fugere:
1302 2668 1443 2710 quando,
1457 2667 1597 2710 inquam,
1605 2676 1699 2709 opor-

230 2726 278 2752 tet
293 2721 333 2753 de
349 2721 396 2753 his
412 2722 557 2753 omnIbus
573 2723 724 2755 rationem
739 2724 868 2755 reddere
883 2722 1114 2765 pusillanimem
1129 2722 1218 2754 illum
1243 2728 1275 2754 et
1297 2723 1477 2754 acerrimum
1491 2720 1697 2760 causidicum,

230 2779 307 2807 tunc
320 2786 397 2807 sane
411 2775 546 2807 vicissim
562 2786 671 2817 poenas
689 2777 879 2819 philosopho
905 2778 1034 2819 pendet.
1079 2777 1274 2819 Vertiginem
1290 2775 1374 2808 enim
1390 2775 1507 2818 patitur
1518 2774 1559 2806 ab
1573 2773 1697 2806 excelsa

231 2829 361 2870 specula
375 2829 586 2871 caligantibus
611 2831 722 2868 oculis,
745 2836 855 2874 utpote
871 2832 927 2873 qui
951 2842 1085 2873 superne
1111 2831 1289 2874 prospicere
1314 2829 1355 2862 sit
1378 2827 1536 2860 insolitus.
1579 2826 1696 2859 Moeret

229 2892 369 2924 quoque,
395 2882 524 2921 titubat,
546 2890 578 2915 et
601 2884 760 2916 barbarica
786 2885 913 2927 profert.
937 2885 1082 2927 quocirca
1108 2885 1202 2917 risum
1225 2895 1289 2916 non
1311 2882 1484 2916 Thracibus
1508 2890 1611 2923 neque
1626 2879 1697 2912 rudi

229 2936 373 2979 cuipiam
390 2931 506 2977 movet,
520 2937 640 2982 (neque
655 2939 738 2972 enirn
766 2940 993 2984 persentiunt,)
1009 2940 1063 2974 sed
1086 2939 1147 2973 illis
1170 2939 1277 2982 potius
1300 2937 1455 2978 omnibus,
1469 2935 1524 2978 qui
1547 2935 1643 2967 libere
1664 2939 1698 2967 et
