1832 3256
198 234 254 273 40
715 227 982 267 PLATONIS
1014 229 1175 268 LYSIS.
1572 231 1668 282 [223

199 334 300 367 thales
312 338 419 366 autem
445 332 556 364 laetitis
576 331 729 373 gestiens,
747 331 838 362 variis
861 336 909 362 est
933 331 1068 364 infectus
1089 331 1256 364 coloribus.
1302 330 1448 363 Ceterum
1466 332 1574 363 volens
1594 331 1668 365 dili-

201 389 325 431 gentius
340 396 512 419 sermonem
528 386 695 426 discutere,
708 385 776 416 haec
791 384 895 427 adjeci
911 396 919 416 :
943 385 977 416 Si
1001 386 1160 427 proprium
1175 390 1207 416 et
1229 385 1330 416 simile
1350 386 1512 427 differunt,
1534 385 1669 418 diximus

196 442 278 485 jam,
292 454 311 473 ο
326 442 419 485 Lysis
433 446 528 482 atque
543 440 734 475 Menexene,
749 438 827 480 quid
844 436 893 471 est
911 438 1059 471 amicum.
1105 439 1152 470 sin
1168 444 1272 471 autern
1287 438 1372 471 idem
1395 446 1442 471 est
1457 439 1559 471 simile
1573 445 1668 482 atque

198 496 371 539 proprium,
386 496 470 526 haud
487 494 580 526 facile
595 499 644 526 est
658 503 832 525 sermonem
848 493 1037 535 superiorem
1054 493 1193 534 rejicere,
1211 494 1297 536 quod
1314 504 1377 524 non
1392 493 1492 525 simile
1507 493 1603 525 simili
1618 505 1666 526 se-

136 571 141 577 ,
195 552 337 582 cundum
353 549 591 581 similitudinem
606 548 718 579 inutile
733 558 740 579 :
765 546 877 579 inutile
893 551 1012 588 autem,
1028 547 1160 579 amicum
1175 547 1264 578 nullo
1280 553 1387 589 pacto.
1432 547 1539 579 Vultis
1562 548 1668 594 igit-ur,

198 610 365 647 postquam
379 603 561 635 disserendo
577 603 665 634 velut
679 601 754 634 ebrii
765 601 842 633 sacti
853 612 972 640 sumus,
982 602 1135 633 fateamur
1149 601 1235 632 aliud
1252 601 1404 643 quiddam
1421 612 1488 633 esse
1496 603 1667 644 proprium,

201 658 287 690 aliud
301 658 425 689 simile?
471 658 544 688 Miz.
567 656 724 688 Volumus
740 655 973 698 proculdubio.
1018 656 1075 688 So.
1097 655 1210 687 Utrum
1234 656 1351 686 bonum
1374 656 1488 697 cuique
1511 657 1670 698 proprium

199 723 364 754 ponemus,
380 712 495 743 malum
511 717 615 743 autem
631 710 766 742 alienum
781 711 792 741 ?
817 721 858 741 an
874 710 988 741 malum
1004 709 1087 740 malo
1103 709 1263 751 proprium
1280 715 1312 741 et
1333 711 1418 741 bono
1441 711 1570 747 bonum,
1592 720 1670 742 neu·

201 771 248 798 tro
269 766 405 808 denique
431 765 601 797 nentrum?
647 765 720 797 ME.
749 775 790 796 nr
814 764 877 796 Lv.
898 764 1028 806 Singula
1044 765 1111 795 haec
1128 764 1259 805 singulis
1275 765 1402 806 propria
1425 764 1517 796 nobis
1539 775 1607 796 esse
1621 764 1668 795 vi-

162 832 168 839 ·
201 821 326 852 dentur.
371 821 426 854 So.
450 820 586 857 Rursus,
613 830 632 850 o
649 819 748 861 pueri,
764 819 795 849 in
812 829 877 856 eos,
903 829 985 860 quos
1000 829 1020 849 a
1041 817 1198 860 principio
1221 819 1261 851 de
1285 817 1420 849 amicitia
1445 818 1670 860 redarguimus,

201 885 357 907 sermones
372 882 457 906 nunc
471 874 654 905 incidimus.
701 883 772 904 nam
797 873 933 915 injustus
947 872 1080 914 injusto,
1106 873 1188 903 malo
1213 872 1324 910 malus,
1347 883 1410 903 non
1433 873 1534 904 minus
1553 873 1671 904 amicus

200 929 259 961 erit
273 939 365 971 quam
383 930 483 960 bonus
499 929 595 961 bono.
642 928 712 958 Me.
736 927 785 958 Ita
801 928 934 959 videtur.
981 927 1034 958 So.
1059 927 1146 964 Quid
1164 937 1267 968 porro,
1290 927 1315 957 si
1331 927 1449 958 bonum
1464 931 1497 958 et
1512 927 1669 969 proprium

201 983 285 1014 idem
308 994 375 1014 esse
391 983 570 1019 dixerimus,
594 992 699 1013 nonne
723 982 825 1012 bonus
844 982 928 1012 bono
951 982 1114 1012 dumtaxat
1136 981 1278 1012 amicus?
1324 981 1397 1012 ΜΕ.
1419 981 1568 1012 Omnino.
1613 981 1669 1012 So.

201 1037 248 1068 At
256 1037 339 1068 istud
355 1047 482 1079 quoque
498 1036 693 1067 confutatum
709 1046 726 1066 a
742 1034 1027 1076 nobisjamdudum
1043 1035 1298 1066 existimavimus.
1323 1035 1527 1066 recordamini
1541 1035 1552 1066 ?
1597 1021 1669 1067 Ma.

202 1090 342 1133 Optime.
388 1091 444 1122 So.
468 1089 519 1121 Ad
536 1090 611 1132 quid
628 1100 701 1132 ergo
718 1090 868 1130 deinceps
894 1100 1034 1120 sermone
1057 1089 1204 1120 utemur?
1229 1089 1269 1119 ad
1288 1088 1367 1119 nihil
1383 1089 1539 1121 videlicet.
1583 1089 1671 1131 Ope-

199 1154 243 1177 1·ae
258 1145 391 1187 pretium
402 1145 508 1185 itaque
524 1149 582 1181 est,
598 1145 694 1175 instar
708 1145 884 1184 sapientum
900 1144 932 1174 in
943 1143 1086 1184 judiciis,
1101 1154 1171 1186 quae
1189 1143 1274 1174 dicta
1289 1147 1373 1180 sunt,
1394 1144 1606 1175 enumerando
1622 1154 1672 1176 re-

201 1210 334 1231 sumere.
379 1200 411 1230 Si
434 1199 517 1230 eninr
542 1209 600 1229 nec
624 1203 773 1232 amantes.
800 1208 903 1238 neque
928 1198 1034 1233 amati,
1061 1208 1120 1228 nec
1143 1197 1273 1233 similes,
1289 1207 1392 1238 neque
1410 1196 1588 1235 dissimiles,
1611 1208 1671 1230 nec

202 1254 291 1291 boni,
306 1264 366 1285 nec
383 1253 511 1295 proprii,
537 1263 595 1283 nec
610 1252 669 1283 alia
684 1257 888 1293 quotcunque
910 1250 1185 1288 dinumeravimus,
1210 1262 1342 1293 quorum
1359 1257 1485 1293 propter
1498 1251 1673 1283 multitudi-

203 1319 276 1339 nem
289 1308 374 1339 haud
397 1307 537 1343 memini.
554 1307 591 1344 si,
613 1306 754 1348 inquam,
780 1306 856 1336 nihil
874 1316 911 1336 ex
926 1305 993 1336 istis
1009 1305 1142 1337 amicum
1163 1310 1222 1342 est,
1237 1305 1315 1336 nihil
1329 1305 1477 1347 equidem
1493 1306 1580 1347 quod
1595 1306 1671 1337 affe-

205 1373 283 1400 ram,
299 1362 432 1404 amplius
449 1362 561 1393 habeo.
584 1361 680 1402 [223]
706 1361 786 1393 Cum
802 1360 862 1391 ista
877 1359 1036 1401 dixissem,
1051 1359 1187 1401 cogitavi
1204 1359 1360 1402 quendam
1377 1370 1395 1391 e
1410 1359 1580 1401 majoribus
1595 1364 1672 1391 natu

204 1417 311 1449 citare.
357 1417 413 1447 sed
429 1416 514 1452 ilico,
531 1421 680 1457 tanquam
697 1415 856 1446 daemoncs
871 1414 1012 1456 quidam,
1027 1414 1194 1456 paedagogi
1210 1418 1271 1444 tam
1288 1413 1414 1456 Lysidis
1429 1423 1522 1455 quam
1538 1413 1672 1446 Menex-

206 1472 270 1508 eni,
285 1481 348 1502 una
364 1481 434 1502 cum
450 1471 573 1501 illorum
589 1470 744 1511 fratribus,
766 1480 820 1501 eos
837 1469 964 1500 domum
979 1469 1080 1500 redire
1104 1468 1276 1510 jusserunt.
1320 1468 1469 1510 hesperus
1481 1468 1564 1500 enim
1581 1479 1673 1500 vene-

204 1530 261 1557 rat.
307 1525 445 1557 Primum
467 1525 573 1566 itaque
597 1535 666 1562 nos,
692 1529 724 1556 et
744 1524 799 1555 alii
819 1524 1066 1560 circumstantes,
1090 1523 1281 1567 paedagogos
1295 1522 1477 1565 repulimus.
1521 1516 1671 1555 sed'cum

203 1580 280 1612 nihil
298 1591 354 1611 nos
371 1584 526 1617 curarent,
539 1573 544 1578 ⁹
555 1585 587 1611 et
601 1578 758 1610 barbarice
775 1583 966 1609 susurrantes
982 1578 1112 1620 graviter
1127 1578 1252 1614 ferrent,
1276 1577 1474 1619 crebriusque
1490 1587 1602 1619 pueros
1617 1587 1672 1608 vo-

202 1635 348 1676 citarent,
362 1634 484 1665 illorum
501 1633 696 1676 procacitate
706 1633 836 1674 devicti,
850 1638 965 1665 coetum
981 1626 1189 1664 dissolvimus.
1236 1630 1354 1674 quippe
1366 1642 1437 1664 cum
1449 1631 1494 1662 illi
1506 1631 1672 1672 Hermaeis,

201 1689 239 1721 -id
265 1694 313 1721 est
338 1688 498 1731 quadratis
523 1689 708 1730 quibusdam
734 1688 904 1730 lapidibus,
927 1687 1025 1719 innixi
1049 1687 1226 1729 importune
1249 1686 1411 1717 instarent.
1455 1685 1582 1723 Postea,
1602 1685 1670 1728 jam

207 1743 395 1775 abeuntibus
420 1743 491 1780 illis,
516 1744 555 1774 ad
581 1743 795 1774 Menexeuum
819 1742 1034 1785 Lysidemque
1056 1752 1235 1778 conversus,
1256 1741 1323 1772 haec
1344 1739 1477 1771 breviter
1493 1739 1609 1772 intuli:
1633 1739 1673 1771 In

209 1798 376 1840 praesentia
399 1797 524 1828 ridiculi
549 1797 712 1839 ineptique
735 1797 870 1829 evasisse
893 1797 1047 1837 videmur,
1073 1800 1134 1827 tam
1158 1796 1226 1837 ipse
1252 1795 1377 1837 grarusss
1399 1800 1488 1836 natu,
1509 1804 1604 1837 quam
1619 1803 1675 1826 vos

207 1852 308 1894 pueri.
346 1851 499 1894 siquidem
514 1852 567 1883 isti
583 1853 735 1884 abeuntes
750 1862 808 1882 nos
823 1856 966 1894 carpent,
975 1851 1061 1894 quod
1078 1850 1196 1882 amicos
1211 1850 1344 1880 invicem
1361 1859 1419 1879 nos
1433 1858 1502 1880 esse
1517 1853 1674 1891 putemus,

208 1908 286 1949 (ego
302 1906 386 1938 enim
401 1916 451 1938 me
468 1906 625 1939 vobiscum
643 1904 843 1949 annumero‚)
858 1906 998 1937 noudum
1015 1910 1132 1947 autem,
1152 1903 1228 1947 quid
1245 1903 1363 1936 amicus
1386 1903 1437 1941 sit,
1464 1902 1602 1934 invenire
1616 1913 1673 1945 po—

203 1961 364 1993 tueriruus.
