1846 3268
238 299 315 337 396
839 293 1104 333 PLATONIS
1609 298 1707 348 [309

233 400 368 439 collatis,
385 411 477 431 unam
494 399 651 442 quandam
675 397 735 428 vim
752 397 919 439 ideamque
934 397 1076 429 conflat?
1120 397 1178 431 So.
1202 397 1291 430 Istud
1316 398 1435 440 potius.
1481 398 1589 432 Hosr‘.
1612 398 1705 430 Nun-

236 465 331 497 quam
350 454 443 495 igitur
469 464 538 485 vera
556 452 728 484 secundum
745 456 885 482 naturam
902 451 1040 482 civilium
1056 461 1154 483 rerum
1170 452 1283 494 peritia
1298 463 1336 484 ex
1359 452 1446 483 malis
1462 452 1592 484 bonisve
1608 452 1708 483 homi·

236 509 327 539 nibus
340 508 499 540 civitatem
528 506 623 538 ullam
651 510 764 547 sponte
787 505 978 536 constituet:
1003 504 1098 536 immo
1121 505 1289 547 disciplina
1303 515 1559 548 unumquemque
1575 506 1707 548 primurn

236 561 427 592 examinabit
442 572 450 592 ι
474 561 622 601 factoque
637 559 792 596 examine,
807 558 890 591 idem
907 562 1018 600 postea
1033 568 1145 590 munus
1155 559 1331 591 committet
1341 559 1415 596 illis,
1425 559 1479 601 qui
1491 559 1522 589 in
1534 559 1706 590 erudiendo

234 616 298 657 ipsi
314 615 545 646 subministrare
560 614 687 646 valeant
702 625 711 644 ι
733 613 846 655 quibus
862 612 930 654 ipsa
946 612 991 644 sic
1013 612 1123 644 sedulo
1137 613 1318 655 prresidebit
1340 614 1577 655 mandabitque,
1592 618 1628 644 ut
1643 607 1709 645 tex}

236 670 316 699 toria
330 680 378 700 ars
394 667 652 701 carminatoribus
668 667 843 709 ceterisque
854 660 980 698 lanificii
996 667 1253 709 praeparatoribus
1267 668 1425 710 proesidet‚
1441 668 1515 699 talia
1523 667 1712 710 precipiens

234 722 379 764 singulis,
394 722 500 764 qualia
515 722 555 753 ad
583 726 735 753 texturam
752 731 838 752 suam
865 721 1042 752 conducere
1057 720 1233 753 arbitratur.
1277 720 1332 753 So.
1356 721 1406 753 Ita
1423 731 1557 764 prorsus.
1601 721 1710 753 How.

235 776 355 810 Eadem
371 776 490 807 ratione
506 774 590 816 regia
606 773 750 816 majestas
774 774 851 805 mihi
866 773 989 805 videtur
1003 775 1147 806 omnibus
1163 774 1263 816 legem
1279 775 1483 817 sequentibus
1497 775 1706 807 eruditoribus

234 829 519 871 educatoribusque
535 829 721 871 praesidens,
737 827 769 858 id
787 828 950 859 dumtaxat
965 833 1000 859 ut
1014 833 1180 859 exerceant
1202 829 1399 871 doceantque
1417 829 1608 871 permittere,
1622 828 1709 870 quod

234 885 273 915 ad
291 884 392 926 ipsius
408 883 516 927 seriem
534 883 675 914 attinens
695 892 794 913 mores
810 882 940 913 decoros
956 882 1099 913 inducit:
1124 893 1178 914 eos
1193 888 1310 924 autem,
1323 882 1377 924 qui
1402 892 1502 914 mores
1517 881 1710 914 fortitudinis

233 945 266 970 et
281 937 495 979 temperantiae
511 941 746 977 ceterarumque
761 935 908 967 virtutum
936 935 1060 978 assequi
1084 936 1182 979 [309]
1206 941 1380 978 nequeunt,
1406 937 1460 968 sed
1483 935 1636 978 pravitate
1651 945 1708 966 na·

236 996 312 1022 turae
327 991 367 1022 ad
386 990 592 1032 impietatem,
615 989 827 1032 petulantiam
851 989 1102 1032 injustitiamque
1125 995 1298 1033 raptantur,
1323 1001 1361 1021 ex
1383 994 1466 1022 coetu
1492 989 1607 1022 civium
1621 988 1711 1030 ejicit

238 1045 411 1087 exsilioque
427 1050 462 1076 et
477 1049 573 1076 morte
589 1048 622 1076 et
636 1048 773 1075 extremo
790 1043 958 1085 opprobrio
983 1045 1122 1075 damnat.
1166 1045 1222 1076 So.
1245 1043 1296 1075 Ita
1322 1043 1554 1086 quodammodo
1569 1042 1714 1074 traditur.

237 1099 348 1130 Hosrv.
371 1099 501 1140 Ignaros
516 1102 619 1129 autem
636 1097 914 1139 pusillanimesque
929 1097 1136 1129 homunculos
1151 1096 1254 1129 servili
1269 1096 1440 1128 ministerio
1450 1095 1609 1138 subjugat.
1653 1095 1710 1128 So.

234 1152 319 1184 Scite
346 1150 528 1184 admodum.
573 1151 684 1183 How.
707 1150 838 1183 Ceteros
864 1155 981 1192 autem,
1010 1161 1144 1193 quorum
1170 1156 1289 1182 naturas
1315 1151 1356 1182 ad
1371 1160 1555 1192 generosum
1569 1149 1710 1181 habitum

233 1216 289 1247 per
304 1206 501 1248 disciplinam
517 1206 608 1238 evehi
635 1210 767 1247 possunt
790 1210 920 1247 arteque
942 1210 1081 1236 mutuam
1103 1205 1238 1237 invicem
1262 1203 1516 1237 commixtionem
1540 1203 1712 1245 suscipere,

233 1265 335 1292 servat
348 1265 445 1303 atque
462 1265 591 1292 tutatur.
615 1261 723 1291 barum
739 1269 811 1291 vero
828 1259 910 1297 illas,
926 1269 996 1301 quae
1012 1259 1110 1301 magis
1124 1259 1164 1290 ad
1179 1259 1396 1291 fortitudinem
1411 1261 1554 1300 vergunt,
1569 1256 1710 1288 staminis

231 1313 332 1345 vicem
359 1320 486 1355 propter
511 1314 645 1345 solidum
670 1323 786 1345 morem
815 1318 920 1345 tenere
947 1318 1076 1346 censet:
1099 1313 1171 1345 illas
1197 1317 1316 1353 autern,
1341 1323 1412 1355 quae
1438 1313 1481 1348 sd
1510 1310 1710 1350 modestiam,

233 1366 340 1398 mollis
355 1367 542 1409 pinguisque
558 1366 706 1410 materiae,
722 1377 759 1400 ac
778 1366 950 1399 secundum
966 1367 1132 1409 imaginem
1146 1366 1245 1399 vicem
1261 1367 1375 1400 habere
1385 1365 1591 1408 subtegminis
1602 1365 1708 1398 crocei

232 1420 345 1452 coloris
361 1421 408 1452 vel
425 1420 549 1452 flosculi
563 1431 572 1453 ε
596 1421 686 1463 atqui
703 1426 850 1462 utrasque
875 1420 908 1451 in
923 1420 1078 1452 contraria
1092 1424 1203 1451 natura
1225 1420 1392 1451 tendentes
1406 1420 1466 1451 hoc
1481 1418 1577 1450 modo
1590 1418 1709 1451 vincire

233 1473 368 1506 invicem
383 1480 417 1506 et
432 1479 597 1506 contexere
613 1474 735 1506 nititur.
781 1474 838 1506 So.
863 1474 960 1512 Quo?
1007 1474 1112 1505 How.
1137 1473 1242 1504 Primo
1259 1473 1386 1514 quidem
1402 1471 1574 1509 secundum
1589 1481 1708 1513 cogna-

232 1527 328 1558 tionis
350 1533 491 1560 naturam
515 1529 628 1561 animae
652 1527 791 1569 ipsorum
820 1533 953 1570 partem,
980 1538 1051 1571 quae
1077 1527 1274 1568 sempiternae
1299 1525 1509 1568 generationis
1523 1530 1582 1567 est,
1597 1524 1706 1556 divino

230 1580 358 1612 vinculo
374 1581 475 1612 nectit
489 1593 496 1612 :
514 1587 592 1625 post!
602 1581 742 1612 divinam
758 1586 862 1612 autem
879 1580 977 1617 illam,
993 1590 1065 1621 quae
1085 1580 1229 1611 animalis
1244 1584 1362 1610 naturae
1377 1584 1437 1616 est,
1453 1578 1607 1611 humanis.
1651 1578 1712 1612 Se.

233 1634 403 1672 Quomodo
417 1634 501 1666 istud
514 1635 525 1665 ?
571 1635 680 1667 Hosp,
704 1635 862 1672 Quotiens
877 1633 910 1665 in
924 1634 1034 1665 animis
1051 1634 1087 1664 fit
1102 1644 1174 1665 vcra
1188 1633 1371 1675 stabilisque
1384 1632 1493 1675 op'mio
1505 1632 1546 1665 de
1556 1631 1708 1674 pulchris,

229 1687 400 1730 justisque,
416 1688 519 1726 bonis,
535 1689 685 1720 horumve
700 1688 873 1729 contrariis,
884 1687 1023 1719 divinam
1039 1687 1124 1718 illam
1139 1687 1172 1718 in
1189 1697 1301 1729 genere
1316 1686 1503 1723 daemonico,
1518 1685 1553 1717 id
1568 1691 1616 1718 est
1629 1685 1710 1716 scito

232 1747 329 1784 atque
345 1742 442 1781 felici,
458 1741 524 1773 fieri
538 1753 654 1775 assero.
690 1742 748 1774 So.
772 1737 879 1773 Decet
889 1753 976 1775 sane.
1006 1742 1115 1775 Hosr.
1137 1741 1301 1773 Scimusne
1316 1745 1458 1782 oportere
1471 1739 1596 1771 civilem
1611 1739 1709 1771 virum

230 1806 270 1827 vac
286 1796 403 1827 bonum
420 1796 550 1827 latorem
566 1795 670 1838 legum
697 1796 797 1827 solum
814 1805 906 1837 posse
922 1796 1008 1838 regia
1021 1806 1111 1827 musa
1123 1796 1185 1827 hoc.
1199 1795 1262 1826 illis
1277 1795 1421 1831 inserere,
1436 1793 1492 1835 qui
1506 1798 1599 1825 reotae
1614 1793 1711 1825 disci-

233 1849 346 1890 plinae,
362 1854 397 1880 ut
412 1850 517 1887 decet,
543 1850 712 1891 participes
727 1854 811 1886 sunt,
828 1859 946 1891 quosve
962 1849 1056 1881 modo
1073 1849 1381 1880 commemoravimus
1396 1848 1408 1879 ?
1452 1847 1509 1879 So.
1533 1847 1709 1879 Consenta-

231 1913 328 1934 neum
342 1903 376 1934 id
393 1914 534 1945 quoque.
581 1903 692 1936 Hosr’.
717 1903 783 1941 Qui
798 1914 871 1935 vero
887 1903 921 1934 id
937 1904 1051 1945 facere,
1065 1914 1084 1934 ο
1100 1904 1257 1945 Socrates,
1279 1902 1402 1944 nequit,
1416 1901 1598 1933 nominibus
1612 1901 1706 1933 modo

233 1956 374 1998 quaesitis
389 1957 541 1999 appellari
555 1967 620 1988 non
643 1958 750 1989 debet.
795 1958 853 1991 So.
875 1957 950 1989 Non
977 1962 1073 1989 certe.
1117 1957 1228 1989 Hosr.
1252 1955 1302 1987 An
1328 1966 1392 1987 non
1414 1955 1503 1987 fortis
1523 1955 1658 1995 animus,
1679 1955 1709 1986 si

231 2009 370 2045 veritatis
385 2010 565 2053 hujusmodi
592 2011 633 2042 sit
658 2011 828 2053 particeps,
856 2011 1057 2048 mansuescit,
1082 2016 1177 2052 atque
1203 2011 1248 2041 ita
1264 2009 1399 2041 maxime
1418 2009 1506 2051 juste
1526 2009 1606 2040 inter
1626 2008 1706 2040 ulios

230 2063 332 2095 vivere
346 2069 380 2095 et
395 2075 487 2106 agere
502 2065 614 2108 cupit?
638 2065 687 2096 sin
703 2070 808 2097 autem
825 2066 952 2096 omnino
970 2065 1010 2096 sit
1022 2074 1144 2107 experS,
1159 2064 1200 2096 ad
1215 2063 1344 2095 ferinam
1360 2067 1502 2094 naturam
1523 2061 1704 2094 delabitur?

226 2117 283 2150 SO.
307 2117 420 2150 Procul
437 2118 546 2150 dubio.
591 2118 700 2152 Hose.
722 2118 824 2161 Atqui
841 2123 873 2150 et
888 2119 1048 2150 modestus
1070 2122 1181 2149 natura
1197 2117 1319 2148 animus
1341 2115 1545 2158 opinionibus
1564 2115 1628 2147 illis
1642 2115 1701 2147 im-

225 2171 338 2213 butus,
361 2182 392 2203 re
418 2182 490 2204 vera
513 2177 690 2214 temperans
713 2173 966 2214 moderatusque,
989 2173 1070 2203 adeo
1095 2177 1130 2203 ut
1150 2171 1196 2203 rei
1219 2170 1356 2213 publicae
1380 2170 1466 2202 utilis
1481 2169 1534 2207 sit,
1548 2169 1703 2201 efficitur:

231 2235 346 2257 vacuus
362 2229 466 2258 autem
482 2231 604 2269 turpem
623 2226 803 2258 stoliditatis
818 2227 1017 2269 ignaviaeque
1033 2230 1170 2268 reportat
1185 2224 1355 2256 infamiam.
1378 2224 1435 2255 So.
1457 2223 1571 2256 Valde.
1595 2222 1706 2255 Hosi’.

231 2278 349 2310 Nonne
365 2279 535 2312 dicendum
551 2286 610 2321 est,
626 2280 899 2321 complicationem
911 2279 1134 2321 vinculumque
1146 2278 1328 2320 hujusmodi
1338 2278 1418 2309 inter
1428 2277 1526 2309 malos
1539 2287 1578 2309 ne
1592 2277 1704 2315 malos,

229 2343 283 2363 seu
301 2333 400 2364 bonos
415 2338 447 2364 et
463 2333 572 2374 malos,
586 2344 745 2375 nunquam
762 2334 978 2365 indissolubile
1002 2333 1205 2375 permanere?
1229 2343 1332 2374 neque
1354 2331 1515 2364 scientiam
1531 2331 1626 2363 ullam
1641 2331 1702 2362 hoc

230 2386 271 2416 ad
301 2385 458 2427 ejusmodi
487 2387 628 2422 homines·
659 2387 843 2419 vinciendos
871 2388 915 2419 de
943 2387 1097 2419 industria
1133 2387 1179 2418 uti
1192 2387 1203 2417 ?
1247 2387 1302 2418 So.
1327 2385 1459 2428 Utique.
1503 2385 1611 2419 Hom-'s
1633 2384 1702 2416 Illis

226 2438 329 2482 {310}
354 2443 471 2477 autem,
486 2451 565 2482 quos
581 2441 738 2482 generosis
753 2441 891 2472 moribus
905 2445 1016 2472 natura
1032 2440 1161 2472 donavit
1176 2440 1260 2472 etad
1272 2444 1391 2471 naturae
1403 2449 1540 2470 normam
1552 2439 1704 2472 educavit

223 2494 440 2530 consuetudo,
457 2493 529 2525 solis
546 2495 605 2525 hoc
622 2506 640 2526 a
655 2495 724 2536 lege
748 2495 914 2528 tribuitur:
935 2495 1035 2537 idque
1049 2494 1082 2525 in
1097 2494 1145 2525 his
1168 2493 1367 2526 artificiosum
1390 2493 1542 2535 quiddam
1558 2495 1701 2535 pharma-

202 2561 204 2565 ⁴
228 2555 300 2577 cum
315 2551 349 2576 et
365 2547 534 2578 remedium
550 2554 609 2589 cst,
626 2553 658 2579 et
674 2549 732 2580 hac
747 2550 868 2580 ratione
882 2549 938 2580 illa
950 2549 1036 2591 ipsa,
1052 2558 1144 2590 quam
1161 2558 1253 2589 supra
1269 2547 1418 2589 diximus,
1431 2547 1701 2589 partium'virtutis

227 2602 339 2629 natura
355 2599 576 2631 contrariarum
593 2601 864 2644 pugnantiumque
887 2601 1067 2634 conciliatio
1082 2601 1217 2632 divinior
1230 2601 1408 2633 confici-tur.
1452 2601 1507 2633 So.
1531 2599 1617 2632 Vera
1631 2601 1698 2633 baec

223 2655 311 2683 sunt.
335 2651 442 2683 Hosn.
458 2652 538 2684 Cum
551 2653 693 2686 divinum
705 2656 764 2687 hoc
777 2655 936 2688 vinculum
952 2660 1078 2688 constet
1092 2659 1268 2697 exstetque,
1279 2654 1372 2686 facile
1382 2658 1418 2686 et
1429 2653 1564 2686 inveniri
1577 2659 1611 2686 et
1626 2665 1696 2696 per-

228 2703 282 2736 fici
292 2705 428 2736 humana
437 2705 561 2738 vincula
573 2713 718 2748 possunt.
763 2709 820 2740 So.
843 2709 917 2748 Qua
926 2709 1048 2743 ratione
1060 2709 1071 2740 ?
1088 2713 1121 2739 et
1132 2719 1202 2750 quae
1212 2708 1410 2751 potissimum
1422 2708 1434 2739 ?
1479 2707 1587 2741 How.
1606 2707 1698 2740 Gon-

225 2757 317 2799 jugia
330 2756 458 2800 inquam
475 2759 566 2790 maris
575 2765 607 2792 et
619 2760 744 2793 feminae
756 2763 796 2793 ad
810 2762 941 2794 filiorum
955 2761 1353 2804 procreationem.‚plurimi
1363 2761 1447 2792 enim
1458 2761 1541 2793 circa
1550 2762 1620 2793 hoe
1631 2766 1696 2792 tum

228 2811 490 2854 accipiendorum
503 2813 609 2845 dando
620 2815 773 2847 aberrant.
797 2816 853 2848 So.
869 2816 1079 2853 Quamobrem
1093 2816 1104 2847 ?
1128 2815 1236 2847 Hosl’.
1252 2814 1440 2848 Divinarum
1449 2814 1577 2857 quidem
1589 2819 1699 2855 poten-

228 2865 402 2909 tian-umque
417 2866 522 2898 studia
537 2867 568 2898 in
585 2869 675 2899 rebus
691 2869 874 2911 hujusmodi
889 2870 1031 2912 quisnam
1048 2876 1083 2902 ut
1098 2869 1327 2902 existimatione
1342 2869 1442 2911 digna
1456 2869 1604 2900 damone
1617 2878 1695 2899 con-

229 2921 363 2952 tendat?
409 2920 464 2953 So.
488 2920 616 2954 Nullus.
663 2923 772 2955 Hosr.
795 2924 847 2956 De
873 2925 933 2956 illis
959 2929 1076 2965 autem,
1091 2925 1205 2966 quibus
1232 2933 1330 2965 genus
1345 2932 1427 2955 curm
1442 2925 1500 2959 est.
1515 2921 1606 2963 loqui
1618 2931 1697 2962 prm·

228 2979 301 3013 stat,
316 2974 431 3017 siquid
447 2975 527 3008 sorte
541 2981 653 3019 praetsr
667 2978 796 3010 modum
819 2984 924 3022 agant.
971 2980 1027 3012 So.
1051 2979 1192 3022 AEquum
1215 2983 1274 3012 est.
1320 2977 1426 3010 Hosr.
1451 2974 1563 3018 Agunt
1587 2979 1692 3007 autem
