1846 3268
193 244 294 296 412]
588 211 589 214 Ἴ
797 241 1094 283 CRATYLUS.
1589 247 1666 285 323

190 349 363 382 leontinum
379 348 494 391 pellem
510 357 577 379 sum
592 346 737 389 indutus,
751 346 836 379 haud
851 345 997 378 deterreri
1014 346 1125 378 decet:
1148 346 1244 378 imino
1267 347 1414 389 praeclara
1437 347 1521 390 ipsa.
1549 355 1584 380 ut
1605 349 1664 387 ais,

190 404 318 435 nomina
347 402 534 446 prudentiae,
563 399 793 443 intelligentiae,
821 399 1033 443 cogitationis,
1059 401 1199 433 scientias
1225 406 1461 444 ceterorumque
1477 402 1662 444 hujusmodi

189 459 397 491 considerare.
436 456 565 489 Hmm.
588 455 676 493 Quin
705 455 847 498 profecto
877 455 961 498 prius
985 456 1134 488 desistere
1160 456 1248 487 nullo
1274 456 1369 490 modo
1395 456 1559 489 debemus.
1604 457 1661 490 So.

191 512 344 555 AEdepol,
359 522 424 542 non
439 510 520 542 male
535 510 611 543 mihi
626 510 666 541 de
681 521 720 541 eo
735 509 892 552 conjicere
907 509 1026 548 videor,
1037 510 1123 552 quod
1138 511 1230 542 modo
1246 510 1496 549 considerabam,
1509 511 1661 553 antiquis-

191 567 286 600 simos
300 565 535 603 videlicetillos
551 558 713 595 nominum
730 569 884 601 auctores,
900 569 936 596 ut
951 569 984 596 et
1004 565 1179 607 sapientum
1192 571 1364 601 nostrorum
1377 565 1519 608 plurimis
1531 566 1660 603 accidit,

190 621 232 652 ob
245 620 441 662 frequentem
457 619 554 661 ipsam
570 618 603 650 in
619 619 710 651 rebus
726 618 973 661 pervestigandis
989 619 1229 660 revolutionem,
1245 625 1357 662 praeter
1368 625 1488 652 ceteros
1500 619 1532 651 in
1545 621 1664 652 cerebri

189 674 373 716 vertiginem
388 674 534 710 incidisse
549 684 558 705 :
583 684 646 716 quo
662 674 778 706 sactum
795 678 886 716 puto,
901 678 937 711 ut
952 683 1000 705 res
1014 673 1091 715 ipsae
1109 673 1236 715 perferri
1252 679 1284 705 et
1297 674 1441 706 vacillare
1454 674 1515 706 illis
1530 685 1663 717 appare-

187 733 267 760 rent.
311 727 481 771 Opinionis
509 732 613 759 autem
638 727 731 770 hujus
747 738 872 760 causam
891 728 980 758 -haud
997 727 1174 759 interiorem
1198 727 1393 769 vertiginem,
1409 729 1463 759 sed
1478 729 1661 765 exteriorem

185 781 322 824 ipsarum
338 791 437 814 rerum
459 782 623 814 circuitum
639 782 826 812 arbitrantur
842 792 850 812 ι
875 790 952 823 quas
968 780 1013 812 ita
1028 785 1139 813 natura
1159 782 1273 813 habere
1288 793 1321 813 se
1337 787 1462 824 putant,
1477 787 1514 815 ut
1528 782 1604 819 nihil
1629 783 1661 815 in

185 836 231 868 eis
255 835 376 867 firmum
401 840 433 867 et
457 836 569 867 stabile
595 835 647 873 sit,
674 836 730 866 sed
755 836 856 877 fiuant
882 846 990 867 omnes
1011 836 1212 878 feranturque
1235 840 1268 866 et
1286 836 1487 867 *omnifariam
1503 837 1661 878 agitentur

185 899 369 932 semperque
383 890 551 931 gignantur
565 895 598 921 et
613 889 768 921 defluant.
791 891 876 932 quod
900 890 1027 932 quidem
1045 890 1076 921 in
1092 890 1142 921 his
1164 889 1355 927 nominibus,
1377 901 1447 932 quae
1464 901 1549 922 nunc
1563 890 1661 928 relata

186 949 270 981 sunt,
295 943 469 985 conspicio.
513 943 638 975 Hsam.
663 943 738 980 Quo
767 949 874 983 pacto,
902 943 1071 973 Socrates?
1117 943 1174 975 So.
1197 943 1293 974 Haud
1316 943 1478 975 advertisti
1501 945 1661 986 superiora

187 997 315 1029 nomina
329 998 419 1029 rebus
435 997 523 1039 quasi
537 997 661 1034 delatis,
677 997 847 1028 fluentibus
863 1002 896 1028 et
908 995 980 1038 jugi
995 996 1197 1037 generatione
1210 997 1364 1029 translatis
1379 998 1526 1040 imposita
1538 999 1659 1035 fuisse?

186 1051 311 1083 Hznu.
334 1050 409 1082 Non
424 1051 498 1082 satis
514 1050 655 1093 percepi.
700 1050 756 1081 So.
780 1049 943 1092 Principio
959 1050 1045 1092 quod
1062 1050 1195 1092 primum
1212 1051 1385 1089 retulimus,
1402 1053 1530 1083 omnino
1545 1054 1586 1084 ad
1603 1053 1660 1088 ali-

186 1105 263 1148 quid
278 1104 374 1147 hujus
390 1105 510 1147 generis
525 1104 650 1137 attinet.
683 1103 805 1136 Hmm.
830 1104 933 1142 Quale
949 1103 1031 1135 istud
1045 1105 1057 1135 ?
1091 1105 1149 1137 So.
1172 1105 1351 1143 Phronesis,
1365 1106 1400 1137 id
1416 1111 1464 1137 est
1480 1107 1659 1148 prudentia,

185 1163 234 1190 est
248 1161 360 1201 phoras
383 1164 415 1191 et
437 1160 494 1190 rhu
510 1159 626 1196 noesis,
649 1158 682 1189 id
698 1164 745 1190 est
761 1159 887 1190 lationis
902 1163 935 1190 et
948 1158 1049 1190 fluxus
1071 1159 1310 1191 animadversio.
1332 1160 1509 1202 significare
1531 1172 1659 1204 quoque

185 1218 302 1256 potest,
317 1211 455 1256 recipere
469 1213 588 1245 onesim
608 1213 736 1255 phoras,
750 1213 783 1244 id
798 1218 847 1244 est
861 1213 987 1245 lationis
1002 1213 1185 1246 utilitatem.
1210 1214 1337 1245 tandem
1352 1214 1545 1257 circaipsam
1557 1216 1661 1258 agita-

184 1267 303 1300 tionem
332 1274 479 1300 versatur.
525 1267 614 1306 Quin
644 1267 739 1298 etiam
770 1268 796 1299 si
826 1267 883 1305 vis,
914 1278 1040 1310 gnome,
1064 1268 1097 1299 id
1123 1273 1171 1299 est
1196 1268 1361 1310 cogitatio,
1385 1269 1541 1311 significat
1559 1281 1658 1311 gones

182 1322 337 1364 nemesin,
347 1322 380 1354 id
392 1328 440 1354 est
454 1321 661 1364 generationis
675 1321 971 1360 considerationem.
994 1333 1110 1353 noman
1121 1323 1240 1364 quippe
1252 1322 1448 1354 considerare
1459 1329 1519 1355 est.
1542 1323 1658 1356 Noesis

182 1380 300 1414 autem,
322 1375 354 1407 id
370 1381 418 1408 est
432 1376 618 1413 intellectio,
635 1381 683 1407 est
697 1386 758 1407 neu
775 1377 847 1418 esis,
869 1377 902 1408 id
919 1381 967 1407 est
986 1375 1061 1408 novi
1076 1377 1276 1408 desiderium.
1299 1387 1397 1408 novas
1417 1388 1489 1409 vero
1505 1388 1552 1410 res
1574 1389 1659 1421 esse,

186 1429 342 1472 significat
365 1440 418 1462 eas
443 1429 510 1461 fieri
533 1440 667 1472 semper.
691 1436 786 1472 atque
812 1430 872 1463 hoc
897 1431 1074 1463 desiderare
1098 1437 1131 1463 ct
1153 1431 1280 1473 aggredi
1295 1431 1445 1469 animum,
1460 1432 1582 1464 indicat
1602 1435 1659 1475 qui

185 1493 300 1516 nomen
316 1484 394 1515 illud
411 1483 533 1515 invenit
549 1484 698 1516 neoesim.
722 1484 880 1527 principio
890 1495 1026 1527 namque
1042 1485 1138 1516 noisis
1154 1496 1216 1516 non
1227 1485 1402 1523 dicebatur,
1424 1486 1479 1517 sed
1497 1496 1551 1528 pro
1568 1487 1577 1518 i
1593 1487 1658 1519 duo

186 1549 206 1570 e
231 1538 420 1580 proferenda
432 1543 534 1579 erant,
548 1542 584 1570 ut
599 1539 735 1577 neoesis,
751 1539 841 1581 quasi
855 1550 932 1581 neu,
948 1540 980 1570 id
996 1545 1042 1571 est
1058 1539 1144 1582 novi,
1161 1539 1239 1582 ἕσις,
1264 1540 1420 1582 appetitio
1442 1545 1476 1572 et
1490 1542 1659 1583 aggressio.

183 1593 401 1636 Sophrosyne,
423 1593 456 1624 id
472 1598 520 1624 est
536 1593 755 1634 temperantia,
769 1593 853 1625 illius
868 1595 954 1636 quod
976 1595 1069 1626 modo
1079 1594 1220 1633 diximus
1245 1595 1447 1636 phroneseos‚
1470 1594 1504 1626 id
1519 1599 1568 1626 est
1584 1605 1659 1637 pru-

185 1647 315 1685 dentiae,
331 1647 414 1678 salus
428 1653 460 1678 et
474 1646 670 1679 conservatio
687 1652 744 1680 est.
769 1647 865 1690 [412]
889 1648 1062 1690 Episteme,
1078 1649 1110 1680 id
1126 1653 1173 1680 est
1187 1649 1329 1686 scientia,
1353 1649 1393 1680 ab
1408 1659 1446 1680 eo
1460 1649 1548 1690 quod
1564 1648 1661 1679 instat

179 1705 212 1732 et
228 1700 368 1743 sequitur
383 1706 515 1733 tractum
533 1706 592 1738 est,
607 1701 697 1743 quasi
724 1712 771 1733 res
786 1701 920 1733 fluentes
945 1702 1040 1734 solers
1067 1702 1189 1734 animus
1212 1707 1427 1744 persequatur,
1443 1702 1601 1744 instetque
1624 1708 1658 1734 et

180 1755 357 1794 comitetur,
373 1761 406 1787 at
420 1767 522 1798 neque
538 1767 576 1788 ex
602 1766 687 1788 mora
703 1756 868 1798 posterior,
889 1767 993 1799 neque
1015 1757 1224 1798 praecursione
1246 1757 1285 1788 sit
1299 1757 1395 1799 prior.
1417 1767 1513 1799 quare
1528 1767 1545 1788 e
1561 1757 1656 1789 inter-

174 1804 263 1846 jecto
278 1809 451 1851 epistemen
469 1820 579 1841 vocare
595 1810 698 1842 decet.
744 1810 887 1853 Synesis,
914 1816 1061 1852 tanquam
1086 1811 1300 1854 syllogismus,
1323 1812 1354 1842 id
1379 1816 1428 1842 est
1450 1811 1648 1843 ratiocinatio

177 1864 334 1906 quaedam,
350 1874 416 1896 esse
432 1864 564 1896 videtur.
589 1875 660 1896 cum
678 1870 782 1896 autem
798 1865 939 1907 synienae
955 1866 1080 1904 dicitur,
1097 1867 1181 1897 idem
1198 1866 1385 1907 intelligitur
1407 1876 1444 1897 ac
1460 1866 1484 1896 si
1500 1866 1656 1898 diceretur

174 1918 365 1960 epistasthae.
387 1929 459 1949 nam
484 1919 623 1950 ostendit
651 1929 721 1950 cum
746 1921 835 1951 rebus
852 1920 990 1951 animum
1018 1921 1181 1962 congredi.
1225 1920 1356 1962 Sophia,
1373 1920 1405 1951 id
1421 1925 1468 1951 est
1483 1919 1655 1962 sapientia,

175 1972 356 2015 agitationis
371 1977 418 2004 est
433 1977 546 2004 tactus·
570 1972 745 2005 Obscurius
760 1979 863 2005 autem
877 1979 910 2006 et
924 1975 1056 2006 alienius
1072 1975 1156 2006 istud
1173 1986 1191 2006 a
1203 1975 1305 2007 nobis.
1332 1985 1439 2005 verum
1455 1974 1653 2006 animadver-

177 2027 306 2059 tendum
322 2027 416 2058 estin
431 2026 547 2069 poetis,
563 2028 709 2070 quotiens
726 2028 836 2059 volunt
849 2029 1072 2060 adventantem
1089 2029 1226 2071 aliquem
1243 2035 1275 2060 et
1287 2030 1454 2060 irruentem
1467 2029 1652 2070 exprimere,

177 2082 300 2125 esythe‚
315 2082 348 2113 id
364 2086 412 2113 est
425 2082 541 2123 erupit,
558 2081 702 2123 prosiliit,
718 2083 835 2115 dicere.
873 2084 960 2120 Quin
976 2089 1008 2116 et
1022 2084 1135 2115 illustri
1151 2083 1275 2116 cuidam
1291 2084 1376 2125 apud
1391 2083 1652 2124 Lacedaemonios

177 2137 243 2167 viro
259 2146 373 2168 nornen
389 2142 453 2167 erat
467 2136 537 2174 Sus,
553 2136 585 2167 id
603 2142 661 2174 est,
678 2147 811 2179 praepes.
835 2137 879 2169 sic
906 2137 988 2169 enim
1005 2139 1250 2170 Lacedaemones
1261 2137 1483 2173 concitationis
1499 2136 1652 2178 impeturn

179 2190 333 2222 indicant.
377 2190 477 2228 Quasi
490 2190 597 2232 itaque
613 2191 719 2222 omnia
741 2191 946 2233 perferantur,
968 2192 1062 2234 hujus
1086 2193 1187 2234 ipsius
1208 2191 1400 2234 agitationis,
1421 2201 1492 2234 quae
1507 2200 1546 2221 eo
1563 2190 1651 2232 quod

178 2255 230 2275 sus
256 2244 384 2286 dicitur,
411 2244 616 2286 significatur,
644 2245 803 2287 epaphen,
831 2246 864 2277 id
895 2251 944 2277 est
972 2251 1090 2278 tactum
1121 2246 1433 2289 perceptionemque,
1460 2244 1573 2286 sophia
1595 2245 1651 2275 ‹le-

178 2303 339 2331 monstrat.
385 2297 549 2340 Agathou,
565 2299 597 2330 id
619 2304 667 2329 est
690 2300 817 2337 bonum,
840 2299 992 2343 cujusque
1016 2306 1133 2332 uaturae
1158 2306 1303 2342 agaston,
1329 2300 1362 2330 id
1389 2304 1437 2330 est
1456 2298 1651 2335 admirabile,

178 2352 323 2390 amabile,
339 2352 537 2390 delectabile,
552 2353 718 2395 significat.
754 2354 922 2386 Enimvero
938 2360 1102 2397 postquam
1120 2355 1222 2386 fluunt
1233 2354 1349 2391 omnia,
1366 2353 1478 2396 partim
1495 2353 1650 2389 celeritas,

179 2406 290 2449 partim
305 2407 431 2438 tarditas
445 2406 538 2440 inest.
560 2414 608 2439 est
626 2407 723 2450 igitur
745 2419 808 2440 non
825 2420 918 2441 omne
941 2410 1030 2441 velox
1047 2421 1055 2441 z
1079 2410 1134 2441 sed
1152 2409 1248 2451 ipsius
1268 2408 1386 2451 aliquid
1403 2412 1545 2449 agaston,
1562 2407 1647 2448 quod

177 2460 305 2502 quidem
321 2461 456 2503 agathon
473 2461 571 2503 ipsius
586 2464 722 2504 agathon
739 2464 866 2496 nomine
882 2464 1067 2496 declaratur.
1091 2464 1296 2506 Dicaeosyne‚
1309 2462 1341 2494 id
1354 2467 1401 2493 est
1412 2461 1549 2504 justitia,
1562 2461 1648 2502 quod

177 2514 280 2546 dicaeu
305 2515 454 2557 synesim,
477 2516 510 2547 id
536 2522 584 2549 est
603 2516 682 2559 justi
706 2517 960 2559 intelligentiam,
987 2518 1147 2560 importet,
1174 2518 1268 2549 facile
1293 2515 1448 2557 conjicere
1472 2525 1650 2557 possumus.

178 2568 265 2606 Quid
281 2574 384 2600 autem
398 2569 502 2610 ipsum
519 2570 641 2602 dicaeon
656 2571 715 2602 sibi
738 2572 829 2608 velit,
850 2572 979 2604 difficile
1002 2572 1146 2614 cognitu.
1169 2571 1294 2602 videtur
1317 2575 1420 2601 autem
1443 2570 1606 2609 hucusque
1629 2578 1648 2598 a

177 2621 283 2654 multis
306 2623 392 2664 quod
419 2623 538 2654 dictum
563 2630 611 2656 est
635 2635 843 2658 concessum:
867 2627 1020 2669 reliquum
1046 2637 1116 2658 vero
1137 2626 1280 2657 dubium.
1324 2623 1449 2655 Etenim
1466 2622 1648 2665 quicunque

175 2680 277 2707 totum
293 2676 409 2708 mobile
423 2676 619 2716 arbitrantur,
635 2678 803 2720 plurimum
819 2680 928 2722 agitari
945 2681 1046 2723 ipsum
1062 2680 1263 2712 existimant:
1287 2688 1406 2721 perque
1422 2687 1514 2709 omne
1528 2675 1646 2717 aliquid

175 2739 357 2772 permanare
372 2741 435 2773 quo
451 2731 573 2773 singula
587 2732 676 2771 fiant,
691 2734 817 2776 quodve
833 2735 1047 2766 tenuissimum
1063 2735 1105 2766 sit
1121 2739 1155 2765 et
1178 2726 1420 2765 velocissimum.
1443 2741 1546 2772 neque
1562 2729 1647 2759 enim

175 2793 232 2826 per
245 2785 351 2816 omnia
365 2785 535 2817 discurrere
550 2796 655 2828 posse,
670 2788 728 2819 nisi
744 2789 825 2820 adeo
841 2794 936 2820 tenue
950 2790 1003 2826 sit,
1021 2793 1056 2819 ut
1070 2788 1147 2819 nihil
1163 2788 1262 2830 possit
1277 2786 1427 2818 obsistere
1442 2782 1617 2827 penetranti
1630 2792 1644 2826 ·;

174 2841 207 2869 et
221 2839 301 2870 adeo
319 2839 419 2876 velox,
435 2845 470 2871 ut
485 2841 596 2872 ceteris
619 2842 708 2883 quasi
734 2843 889 2874 stantibus
910 2848 1028 2875 utatur.
1074 2842 1234 2881 Quoniam
1255 2841 1350 2884 igitur
1373 2840 1526 2882 gubernat
1541 2836 1647 2867 omnia

174 2890 293 2930 ἆὶὃῐῡῠ,
308 2892 341 2924 id
356 2898 404 2924 est
419 2893 593 2926 discurrens
605 2900 638 2926 et
653 2906 851 2937 permananS,
867 2897 976 2931 merito
991 2897 1116 2929 dicaeon
1131 2901 1179 2928 est
1190 2895 1398 2939 appellatum,
1410 2904 1427 2925 c
1441 2903 1503 2924 uno
1518 2890 1646 2933 politiu-

171 2945 213 2976 ris
240 2945 421 2989 prolationis
445 2949 546 2991 gratia
569 2949 751 2993 interjecto.
797 2951 972 2995 Hactenus,
993 2952 1080 2995 quod
1107 2951 1202 2983 modo
1227 2950 1375 2991 diximus,
1403 2948 1483 2979 inter
1498 2944 1647 2988 plurimos
