<?xml version="1.0" encoding="UTF-8"?>
<!DOCTYPE html PUBLIC "-//W3C//DTD XHTML 1.0 Transitional//EN"
    "http://www.w3.org/TR/xhtml1/DTD/xhtml1-transitional.dtd">
<html xmlns="http://www.w3.org/1999/xhtml" xml:lang="en" lang="en">
 <head>
  <title>
</title>
<meta http-equiv="Content-Type" content="text/html;charset=utf-8" />
  <meta name='ocr-system' content='tesseract 3.04.00' />
  <meta name='ocr-capabilities' content='ocr_page ocr_carea ocr_par ocr_line ocrx_word'/>
</head>
<body>
  <div class='ocr_page' id='page_1' title='image "./platonisetquaeve10plat_0183.png"; bbox 0 0 1846 3268; ppageno 0'>
   <div class='ocr_carea' id='block_1_1' title="bbox 183 277 1645 334">
    <p class='ocr_par' dir='ltr' id='par_1_1' title="bbox 183 277 1645 334">
     <span class='ocr_line' id='line_1_1' title="bbox 183 277 1645 334; baseline -0.001 -11"><span class='ocrx_word' id='word_1_1' title='bbox 183 283 286 334; x_wconf 77' lang='lat'><strong>232]</strong></span> <span class='ocrx_word' id='word_1_2' title='bbox 733 277 1102 318; x_wconf 79' lang='lat' dir='ltr'>HIPPARCHUS.</span> <span class='ocrx_word' id='word_1_3' title='bbox 1571 283 1645 321; x_wconf 88' lang='lat'>173</span> 
     </span>
    </p>
   </div>
   <div class='ocr_carea' id='block_1_2' title="bbox 183 385 1667 3041">
    <p class='ocr_par' dir='ltr' id='par_1_2' title="bbox 183 385 1667 3041">
     <span class='ocr_line' id='line_1_2' title="bbox 184 385 1651 432; baseline 0 -12"><span class='ocrx_word' id='word_1_4' title='bbox 184 390 264 432; x_wconf 85' lang='lat' dir='ltr'>quid</span> <span class='ocrx_word' id='word_1_5' title='bbox 289 393 419 431; x_wconf 81' lang='lat' dir='ltr'>utraque</span> <span class='ocrx_word' id='word_1_6' title='bbox 442 387 512 430; x_wconf 77' lang='lat' dir='ltr'>ipsa</span> <span class='ocrx_word' id='word_1_7' title='bbox 535 387 655 419; x_wconf 89' lang='lat' dir='ltr'>lucrum</span> <span class='ocrx_word' id='word_1_8' title='bbox 681 386 835 429; x_wconf 81' lang='lat' dir='ltr'>appellas,</span> <span class='ocrx_word' id='word_1_9' title='bbox 869 386 1019 429; x_wconf 82' lang='lat' dir='ltr'>quidnam</span> <span class='ocrx_word' id='word_1_10' title='bbox 1040 386 1124 417; x_wconf 89' lang='lat' dir='ltr'>idem</span> <span class='ocrx_word' id='word_1_11' title='bbox 1148 386 1181 417; x_wconf 89' lang='lat' dir='ltr'>in</span> <span class='ocrx_word' id='word_1_12' title='bbox 1205 385 1344 429; x_wconf 79' lang='lat' dir='ltr'>utrisque</span> <span class='ocrx_word' id='word_1_13' title='bbox 1377 387 1519 429; x_wconf 85' lang='lat' dir='ltr'>aspicis?</span> <span class='ocrx_word' id='word_1_14' title='bbox 1553 387 1651 420; x_wconf 80' lang='lat' dir='ltr'>veluti</span> 
     </span>
     <span class='ocr_line' id='line_1_3' title="bbox 186 440 1650 485; baseline -0.001 -10"><span class='ocrx_word' id='word_1_15' title='bbox 186 443 214 475; x_wconf 74' lang='lat' dir='ltr'>si</span> <span class='ocrx_word' id='word_1_16' title='bbox 227 445 297 485; x_wconf 87' lang='lat' dir='ltr'>ipse</span> <span class='ocrx_word' id='word_1_17' title='bbox 309 444 402 475; x_wconf 90' lang='lat' dir='ltr'>modo</span> <span class='ocrx_word' id='word_1_18' title='bbox 419 453 466 474; x_wconf 87' lang='lat' dir='ltr'>me</span> <span class='ocrx_word' id='word_1_19' title='bbox 482 441 662 483; x_wconf 84' lang='lat' dir='ltr'>rogavisses,</span> <span class='ocrx_word' id='word_1_20' title='bbox 684 451 779 483; x_wconf 86' lang='lat' dir='ltr'>quare</span> <span class='ocrx_word' id='word_1_21' title='bbox 795 441 913 478; x_wconf 88' lang='lat' dir='ltr'>cibum,</span> <span class='ocrx_word' id='word_1_22' title='bbox 936 451 990 472; x_wconf 86' lang='lat' dir='ltr'>seu</span> <span class='ocrx_word' id='word_1_23' title='bbox 1017 441 1135 472; x_wconf 90' lang='lat' dir='ltr'>bonum</span> <span class='ocrx_word' id='word_1_24' title='bbox 1160 441 1225 472; x_wconf 84' lang='lat' dir='ltr'>sive</span> <span class='ocrx_word' id='word_1_25' title='bbox 1239 440 1366 478; x_wconf 79' lang='lat' dir='ltr'>malurn,</span> <span class='ocrx_word' id='word_1_26' title='bbox 1383 441 1524 472; x_wconf 86' lang='lat' dir='ltr'>similiter</span> <span class='ocrx_word' id='word_1_27' title='bbox 1545 442 1650 474; x_wconf 88' lang='lat' dir='ltr'>cibum</span> 
     </span>
     <span class='ocr_line' id='line_1_4' title="bbox 186 494 1652 540; baseline -0.001 -10"><span class='ocrx_word' id='word_1_28' title='bbox 186 497 364 540; x_wconf 78' lang='lat' dir='ltr'>appellem:</span> <span class='ocrx_word' id='word_1_29' title='bbox 389 495 619 538; x_wconf 83' lang='lat' dir='ltr'>respondissem</span> <span class='ocrx_word' id='word_1_30' title='bbox 643 494 767 537; x_wconf 87' lang='lat' dir='ltr'>utique,</span> <span class='ocrx_word' id='word_1_31' title='bbox 790 495 938 537; x_wconf 90' lang='lat' dir='ltr'>quoniam</span> <span class='ocrx_word' id='word_1_32' title='bbox 967 500 1098 537; x_wconf 87' lang='lat' dir='ltr'>uterque</span> <span class='ocrx_word' id='word_1_33' title='bbox 1123 495 1207 527; x_wconf 87' lang='lat' dir='ltr'>sicca</span> <span class='ocrx_word' id='word_1_34' title='bbox 1231 500 1279 526; x_wconf 89' lang='lat' dir='ltr'>est</span> <span class='ocrx_word' id='word_1_35' title='bbox 1304 495 1441 536; x_wconf 87' lang='lat' dir='ltr'>corporis</span> <span class='ocrx_word' id='word_1_36' title='bbox 1468 506 1554 533; x_wconf 82' lang='lat' dir='ltr'>esca,</span> <span class='ocrx_word' id='word_1_37' title='bbox 1576 497 1652 528; x_wconf 90' lang='lat' dir='ltr'>ideo</span> 
     </span>
     <span class='ocr_line' id='line_1_5' title="bbox 186 549 1653 593; baseline -0.001 -10"><span class='ocrx_word' id='word_1_38' title='bbox 186 557 352 593; x_wconf 89' lang='lat' dir='ltr'>utrumque</span> <span class='ocrx_word' id='word_1_39' title='bbox 377 551 483 583; x_wconf 88' lang='lat' dir='ltr'>cibum</span> <span class='ocrx_word' id='word_1_40' title='bbox 509 550 657 581; x_wconf 89' lang='lat' dir='ltr'>nomino:</span> <span class='ocrx_word' id='word_1_41' title='bbox 682 551 767 592; x_wconf 93' lang='lat' dir='ltr'>quod</span> <span class='ocrx_word' id='word_1_42' title='bbox 793 550 921 591; x_wconf 91' lang='lat' dir='ltr'>quidem</span> <span class='ocrx_word' id='word_1_43' title='bbox 941 557 974 580; x_wconf 88' lang='lat' dir='ltr'>et</span> <span class='ocrx_word' id='word_1_44' title='bbox 1001 554 1033 580; x_wconf 93' lang='lat' dir='ltr'>tu</span> <span class='ocrx_word' id='word_1_45' title='bbox 1055 549 1146 580; x_wconf 85' lang='lat' dir='ltr'>nobis</span> <span class='ocrx_word' id='word_1_46' title='bbox 1169 550 1370 581; x_wconf 82' lang='lat' dir='ltr'>concederes.</span> <span class='ocrx_word' id='word_1_47' title='bbox 1393 550 1522 580; x_wconf 85' lang='lat' dir='ltr'>nonne?</span> <span class='ocrx_word' id='word_1_48' title='bbox 1568 550 1653 583; x_wconf 72' lang='lat' dir='ltr'>Hm.</span> 
     </span>
     <span class='ocr_line' id='line_1_6' title="bbox 185 604 1655 650; baseline -0.001 -13"><span class='ocrx_word' id='word_1_49' title='bbox 185 605 308 637; x_wconf 81' lang='lat' dir='ltr'>Fateor.</span> <span class='ocrx_word' id='word_1_50' title='bbox 351 604 409 637; x_wconf 60' lang='lat' dir='ltr'>So:</span> <span class='ocrx_word' id='word_1_51' title='bbox 432 605 475 636; x_wconf 83' lang='lat' dir='ltr'>Et</span> <span class='ocrx_word' id='word_1_52' title='bbox 489 605 571 636; x_wconf 86' lang='lat' dir='ltr'>circa</span> <span class='ocrx_word' id='word_1_53' title='bbox 586 609 695 646; x_wconf 89' lang='lat' dir='ltr'>potum</span> <span class='ocrx_word' id='word_1_54' title='bbox 709 605 819 635; x_wconf 88' lang='lat' dir='ltr'>eadem</span> <span class='ocrx_word' id='word_1_55' title='bbox 834 614 936 635; x_wconf 87' lang='lat' dir='ltr'>rursus</span> <span class='ocrx_word' id='word_1_56' title='bbox 951 604 1164 650; x_wconf 85' lang='lat' dir='ltr'>respondendi</span> <span class='ocrx_word' id='word_1_57' title='bbox 1191 604 1269 634; x_wconf 84' lang='lat' dir='ltr'>ratio</span> <span class='ocrx_word' id='word_1_58' title='bbox 1294 610 1388 641; x_wconf 87' lang='lat' dir='ltr'>esset,</span> <span class='ocrx_word' id='word_1_59' title='bbox 1410 605 1496 646; x_wconf 91' lang='lat' dir='ltr'>quod</span> <span class='ocrx_word' id='word_1_60' title='bbox 1521 605 1655 636; x_wconf 80' lang='lat' dir='ltr'>humido</span> 
     </span>
     <span class='ocr_line' id='line_1_7' title="bbox 183 657 1652 701; baseline -0.001 -10"><span class='ocrx_word' id='word_1_61' title='bbox 183 659 323 701; x_wconf 85' lang='lat' dir='ltr'>corporis</span> <span class='ocrx_word' id='word_1_62' title='bbox 338 659 499 700; x_wconf 86' lang='lat' dir='ltr'>alimento,</span> <span class='ocrx_word' id='word_1_63' title='bbox 514 669 568 690; x_wconf 87' lang='lat' dir='ltr'>seu</span> <span class='ocrx_word' id='word_1_64' title='bbox 586 659 701 690; x_wconf 91' lang='lat' dir='ltr'>bonum</span> <span class='ocrx_word' id='word_1_65' title='bbox 726 659 791 690; x_wconf 84' lang='lat' dir='ltr'>sive</span> <span class='ocrx_word' id='word_1_66' title='bbox 812 658 928 690; x_wconf 81' lang='lat' dir='ltr'>malurn</span> <span class='ocrx_word' id='word_1_67' title='bbox 955 658 1006 698; x_wconf 88' lang='lat' dir='ltr'>sit,</span> <span class='ocrx_word' id='word_1_68' title='bbox 1029 657 1127 700; x_wconf 84' lang='lat'><strong>[231]</strong></span> <span class='ocrx_word' id='word_1_69' title='bbox 1150 658 1182 688; x_wconf 88' lang='lat' dir='ltr'>id</span> <span class='ocrx_word' id='word_1_70' title='bbox 1207 668 1323 690; x_wconf 82' lang='lat' dir='ltr'>nomen</span> <span class='ocrx_word' id='word_1_71' title='bbox 1350 664 1444 700; x_wconf 86' lang='lat' dir='ltr'>potus</span> <span class='ocrx_word' id='word_1_72' title='bbox 1469 659 1652 700; x_wconf 83' lang='lat' dir='ltr'>imponitur,</span> 
     </span>
     <span class='ocr_line' id='line_1_8' title="bbox 184 712 1651 755; baseline -0.001 -9"><span class='ocrx_word' id='word_1_73' title='bbox 184 714 268 746; x_wconf 84' lang='lat' dir='ltr'>etin</span> <span class='ocrx_word' id='word_1_74' title='bbox 282 713 350 750; x_wconf 82' lang='lat' dir='ltr'>aliis</span> <span class='ocrx_word' id='word_1_75' title='bbox 371 714 483 745; x_wconf 89' lang='lat' dir='ltr'>eodem</span> <span class='ocrx_word' id='word_1_76' title='bbox 508 713 615 745; x_wconf 86' lang='lat' dir='ltr'>modo.</span> <span class='ocrx_word' id='word_1_77' title='bbox 661 712 789 744; x_wconf 86' lang='lat' dir='ltr'>Enitere</span> <span class='ocrx_word' id='word_1_78' title='bbox 809 713 916 755; x_wconf 90' lang='lat' dir='ltr'>itaque</span> <span class='ocrx_word' id='word_1_79' title='bbox 939 723 988 743; x_wconf 88' lang='lat' dir='ltr'>me</span> <span class='ocrx_word' id='word_1_80' title='bbox 1004 712 1048 743; x_wconf 89' lang='lat' dir='ltr'>sic</span> <span class='ocrx_word' id='word_1_81' title='bbox 1063 713 1305 754; x_wconf 85' lang='lat' dir='ltr'>respondentem</span> <span class='ocrx_word' id='word_1_82' title='bbox 1321 712 1444 745; x_wconf 86' lang='lat' dir='ltr'>imitari.</span> <span class='ocrx_word' id='word_1_83' title='bbox 1491 713 1651 750; x_wconf 83' lang='lat' dir='ltr'><strong>Quidnam</strong></span> 
     </span>
     <span class='ocr_line' id='line_1_9' title="bbox 186 765 1652 809; baseline 0 -11"><span class='ocrx_word' id='word_1_84' title='bbox 186 768 270 799; x_wconf 87' lang='lat' dir='ltr'>idem</span> <span class='ocrx_word' id='word_1_85' title='bbox 284 767 319 798; x_wconf 90' lang='lat' dir='ltr'>in</span> <span class='ocrx_word' id='word_1_86' title='bbox 345 767 430 798; x_wconf 91' lang='lat' dir='ltr'>lucro</span> <span class='ocrx_word' id='word_1_87' title='bbox 456 767 540 798; x_wconf 91' lang='lat' dir='ltr'>bono</span> <span class='ocrx_word' id='word_1_88' title='bbox 566 772 598 798; x_wconf 88' lang='lat' dir='ltr'>et</span> <span class='ocrx_word' id='word_1_89' title='bbox 623 767 703 798; x_wconf 86' lang='lat' dir='ltr'>malo</span> <span class='ocrx_word' id='word_1_90' title='bbox 719 767 830 804; x_wconf 77' lang='lat' dir='ltr'>cernis,</span> <span class='ocrx_word' id='word_1_91' title='bbox 853 772 982 808; x_wconf 87' lang='lat' dir='ltr'>propter</span> <span class='ocrx_word' id='word_1_92' title='bbox 1006 765 1096 807; x_wconf 85' lang='lat' dir='ltr'>cujus</span> <span class='ocrx_word' id='word_1_93' title='bbox 1120 767 1317 807; x_wconf 64' lang='lat' dir='ltr'>praesentiam</span> <span class='ocrx_word' id='word_1_94' title='bbox 1341 773 1506 809; x_wconf 85' lang='lat' dir='ltr'>utrumque</span> <span class='ocrx_word' id='word_1_95' title='bbox 1532 768 1652 798; x_wconf 89' lang='lat' dir='ltr'>lucrum</span> 
     </span>
     <span class='ocr_line' id='line_1_10' title="bbox 187 821 1652 865; baseline 0 -12"><span class='ocrx_word' id='word_1_96' title='bbox 187 822 351 854; x_wconf 82' lang='lat' dir='ltr'>nominas?</span> <span class='ocrx_word' id='word_1_97' title='bbox 398 822 494 859; x_wconf 88' lang='lat' dir='ltr'>Quod</span> <span class='ocrx_word' id='word_1_98' title='bbox 510 821 536 852; x_wconf 89' lang='lat' dir='ltr'>si</span> <span class='ocrx_word' id='word_1_99' title='bbox 552 822 608 852; x_wconf 87' lang='lat' dir='ltr'>tibi</span> <span class='ocrx_word' id='word_1_100' title='bbox 623 821 717 863; x_wconf 85' lang='lat' dir='ltr'>desit,</span> <span class='ocrx_word' id='word_1_101' title='bbox 730 822 814 865; x_wconf 89' lang='lat' dir='ltr'>quod</span> <span class='ocrx_word' id='word_1_102' title='bbox 831 821 908 852; x_wconf 79' lang='lat' dir='ltr'>milii</span> <span class='ocrx_word' id='word_1_103' title='bbox 922 821 1125 863; x_wconf 79' lang='lat' dir='ltr'>respondeas,</span> <span class='ocrx_word' id='word_1_104' title='bbox 1153 831 1202 852; x_wconf 91' lang='lat' dir='ltr'>me</span> <span class='ocrx_word' id='word_1_105' title='bbox 1229 821 1355 852; x_wconf 86' lang='lat' dir='ltr'>dicente</span> <span class='ocrx_word' id='word_1_106' title='bbox 1381 822 1521 852; x_wconf 79' lang='lat' dir='ltr'>attende.</span> <span class='ocrx_word' id='word_1_107' title='bbox 1566 821 1652 853; x_wconf 86' lang='lat' dir='ltr'>Num</span> 
     </span>
     <span class='ocr_line' id='line_1_11' title="bbox 187 874 1656 918; baseline -0.001 -10"><span class='ocrx_word' id='word_1_108' title='bbox 187 876 307 908; x_wconf 88' lang='lat' dir='ltr'>lucrum</span> <span class='ocrx_word' id='word_1_109' title='bbox 330 876 472 918; x_wconf 80' lang='lat' dir='ltr'>appellas</span> <span class='ocrx_word' id='word_1_110' title='bbox 498 886 621 907; x_wconf 87' lang='lat' dir='ltr'>onmem</span> <span class='ocrx_word' id='word_1_111' title='bbox 648 875 888 916; x_wconf 84' lang='lat' dir='ltr'>possessionem,</span> <span class='ocrx_word' id='word_1_112' title='bbox 913 885 1005 917; x_wconf 88' lang='lat' dir='ltr'>quam</span> <span class='ocrx_word' id='word_1_113' title='bbox 1032 874 1102 916; x_wconf 91' lang='lat' dir='ltr'>quis</span> <span class='ocrx_word' id='word_1_114' title='bbox 1129 874 1343 916; x_wconf 82' lang='lat' dir='ltr'>adquisiverit,</span> <span class='ocrx_word' id='word_1_115' title='bbox 1366 875 1415 906; x_wconf 86' lang='lat' dir='ltr'>vel</span> <span class='ocrx_word' id='word_1_116' title='bbox 1439 875 1517 905; x_wconf 88' lang='lat' dir='ltr'>nihil</span> <span class='ocrx_word' id='word_1_117' title='bbox 1537 886 1656 917; x_wconf 81' lang='lat' dir='ltr'>expen-</span> 
     </span>
     <span class='ocr_line' id='line_1_12' title="bbox 188 928 1656 972; baseline -0.001 -10"><span class='ocrx_word' id='word_1_118' title='bbox 188 931 280 968; x_wconf 89' lang='lat' dir='ltr'>dens,</span> <span class='ocrx_word' id='word_1_119' title='bbox 303 930 352 962; x_wconf 89' lang='lat' dir='ltr'>vel</span> <span class='ocrx_word' id='word_1_120' title='bbox 374 930 555 972; x_wconf 86' lang='lat' dir='ltr'>expendens</span> <span class='ocrx_word' id='word_1_121' title='bbox 576 940 698 972; x_wconf 87' lang='lat' dir='ltr'>parum,</span> <span class='ocrx_word' id='word_1_122' title='bbox 721 941 792 961; x_wconf 90' lang='lat' dir='ltr'>curn</span> <span class='ocrx_word' id='word_1_123' title='bbox 819 930 890 971; x_wconf 90' lang='lat' dir='ltr'>plus</span> <span class='ocrx_word' id='word_1_124' title='bbox 914 929 1072 971; x_wconf 87' lang='lat' dir='ltr'>accipiat?</span> <span class='ocrx_word' id='word_1_125' title='bbox 1119 929 1201 961; x_wconf 68' lang='lat' dir='ltr'>Hm».</span> <span class='ocrx_word' id='word_1_126' title='bbox 1226 928 1265 960; x_wconf 92' lang='lat' dir='ltr'>Id</span> <span class='ocrx_word' id='word_1_127' title='bbox 1292 929 1411 960; x_wconf 86' lang='lat' dir='ltr'>lucrum</span> <span class='ocrx_word' id='word_1_128' title='bbox 1438 939 1549 960; x_wconf 87' lang='lat' dir='ltr'>vocare</span> <span class='ocrx_word' id='word_1_129' title='bbox 1580 930 1656 961; x_wconf 79' lang='lat' dir='ltr'>mihi</span> 
     </span>
     <span class='ocr_line' id='line_1_13' title="bbox 189 983 1656 1026; baseline 0 -11"><span class='ocrx_word' id='word_1_130' title='bbox 189 985 307 1018; x_wconf 85' lang='lat' dir='ltr'>videor.</span> <span class='ocrx_word' id='word_1_131' title='bbox 352 984 407 1017; x_wconf 86' lang='lat' dir='ltr'>So.</span> <span class='ocrx_word' id='word_1_132' title='bbox 431 984 485 1016; x_wconf 88' lang='lat' dir='ltr'>An</span> <span class='ocrx_word' id='word_1_133' title='bbox 511 984 694 1026; x_wconf 87' lang='lat' dir='ltr'>hujusmodi</span> <span class='ocrx_word' id='word_1_134' title='bbox 712 985 803 1022; x_wconf 88' lang='lat' dir='ltr'>dicis,</span> <span class='ocrx_word' id='word_1_135' title='bbox 828 995 887 1016; x_wconf 89' lang='lat' dir='ltr'>ceu</span> <span class='ocrx_word' id='word_1_136' title='bbox 914 984 940 1015; x_wconf 86' lang='lat' dir='ltr'>si</span> <span class='ocrx_word' id='word_1_137' title='bbox 967 985 1037 1026; x_wconf 89' lang='lat' dir='ltr'>quis</span> <span class='ocrx_word' id='word_1_138' title='bbox 1064 983 1140 1014; x_wconf 89' lang='lat' dir='ltr'>nihil</span> <span class='ocrx_word' id='word_1_139' title='bbox 1170 985 1351 1025; x_wconf 85' lang='lat' dir='ltr'>expendens</span> <span class='ocrx_word' id='word_1_140' title='bbox 1367 984 1492 1015; x_wconf 88' lang='lat' dir='ltr'>abunde</span> <span class='ocrx_word' id='word_1_141' title='bbox 1509 984 1656 1025; x_wconf 82' lang='lat' dir='ltr'>epulatus</span> 
     </span>
     <span class='ocr_line' id='line_1_14' title="bbox 190 1037 1657 1081; baseline -0.002 -9"><span class='ocrx_word' id='word_1_142' title='bbox 190 1039 242 1077; x_wconf 80' lang='lat' dir='ltr'>sit,</span> <span class='ocrx_word' id='word_1_143' title='bbox 264 1044 298 1071; x_wconf 76' lang='lat' dir='ltr'>et</span> <span class='ocrx_word' id='word_1_144' title='bbox 321 1050 359 1071; x_wconf 87' lang='lat' dir='ltr'>ex</span> <span class='ocrx_word' id='word_1_145' title='bbox 379 1039 482 1081; x_wconf 85' lang='lat' dir='ltr'>epulis</span> <span class='ocrx_word' id='word_1_146' title='bbox 508 1040 650 1070; x_wconf 86' lang='lat' dir='ltr'>morbum</span> <span class='ocrx_word' id='word_1_147' title='bbox 675 1039 907 1081; x_wconf 73' lang='lat' dir='ltr'>adquisiverit?</span> <span class='ocrx_word' id='word_1_148' title='bbox 953 1038 1036 1070; x_wconf 74' lang='lat' dir='ltr'>Hrr.</span> <span class='ocrx_word' id='word_1_149' title='bbox 1058 1037 1134 1069; x_wconf 87' lang='lat' dir='ltr'>Non</span> <span class='ocrx_word' id='word_1_150' title='bbox 1159 1048 1214 1079; x_wconf 89' lang='lat' dir='ltr'>per</span> <span class='ocrx_word' id='word_1_151' title='bbox 1235 1037 1359 1069; x_wconf 80' lang='lat' dir='ltr'>Jovem.</span> <span class='ocrx_word' id='word_1_152' title='bbox 1404 1038 1459 1070; x_wconf 91' lang='lat' dir='ltr'>So.</span> <span class='ocrx_word' id='word_1_153' title='bbox 1483 1038 1528 1068; x_wconf 92' lang='lat' dir='ltr'>At</span> <span class='ocrx_word' id='word_1_154' title='bbox 1544 1039 1657 1069; x_wconf 87' lang='lat' dir='ltr'>bonam</span> 
     </span>
     <span class='ocr_line' id='line_1_15' title="bbox 190 1092 1657 1135; baseline -0.001 -11"><span class='ocrx_word' id='word_1_155' title='bbox 190 1092 402 1125; x_wconf 82' lang='lat' dir='ltr'>valetudinem</span> <span class='ocrx_word' id='word_1_156' title='bbox 429 1104 468 1124; x_wconf 86' lang='lat' dir='ltr'>ex</span> <span class='ocrx_word' id='word_1_157' title='bbox 495 1093 598 1135; x_wconf 88' lang='lat' dir='ltr'>epulis</span> <span class='ocrx_word' id='word_1_158' title='bbox 624 1094 771 1135; x_wconf 83' lang='lat' dir='ltr'>adeptus,</span> <span class='ocrx_word' id='word_1_159' title='bbox 801 1093 962 1125; x_wconf 91' lang='lat' dir='ltr'>lucrumne</span> <span class='ocrx_word' id='word_1_160' title='bbox 1000 1103 1041 1123; x_wconf 89' lang='lat' dir='ltr'>an</span> <span class='ocrx_word' id='word_1_161' title='bbox 1080 1093 1228 1123; x_wconf 84' lang='lat' dir='ltr'>damnum</span> <span class='ocrx_word' id='word_1_162' title='bbox 1258 1092 1508 1124; x_wconf 82' lang='lat' dir='ltr'>nancisceretur?</span> <span class='ocrx_word' id='word_1_163' title='bbox 1571 1092 1657 1126; x_wconf 72' lang='lat' dir='ltr'>Hu’.</span> 
     </span>
     <span class='ocr_line' id='line_1_16' title="bbox 192 1146 1657 1189; baseline -0.003 -8"><span class='ocrx_word' id='word_1_164' title='bbox 192 1149 341 1181; x_wconf 86' lang='lat' dir='ltr'>Lucrum.</span> <span class='ocrx_word' id='word_1_165' title='bbox 386 1148 442 1179; x_wconf 91' lang='lat' dir='ltr'>So.</span> <span class='ocrx_word' id='word_1_166' title='bbox 474 1146 550 1178; x_wconf 90' lang='lat' dir='ltr'>Non</span> <span class='ocrx_word' id='word_1_167' title='bbox 574 1152 622 1179; x_wconf 88' lang='lat' dir='ltr'>est</span> <span class='ocrx_word' id='word_1_168' title='bbox 642 1147 738 1189; x_wconf 87' lang='lat' dir='ltr'>igitur</span> <span class='ocrx_word' id='word_1_169' title='bbox 761 1147 893 1185; x_wconf 87' lang='lat' dir='ltr'>lucrum,</span> <span class='ocrx_word' id='word_1_170' title='bbox 926 1147 1091 1189; x_wconf 86' lang='lat' dir='ltr'>quodlibet</span> <span class='ocrx_word' id='word_1_171' title='bbox 1119 1146 1294 1188; x_wconf 79' lang='lat' dir='ltr'>adquirere.</span> <span class='ocrx_word' id='word_1_172' title='bbox 1348 1146 1429 1179; x_wconf 66' lang='lat' dir='ltr'>Hm.</span> <span class='ocrx_word' id='word_1_173' title='bbox 1462 1146 1538 1177; x_wconf 86' lang='lat' dir='ltr'>Non</span> <span class='ocrx_word' id='word_1_174' title='bbox 1561 1152 1657 1185; x_wconf 82' lang='lat' dir='ltr'>certe.</span> 
     </span>
     <span class='ocr_line' id='line_1_17' title="bbox 192 1201 1658 1244; baseline -0.002 -10"><span class='ocrx_word' id='word_1_175' title='bbox 192 1204 250 1238; x_wconf 86' lang='lat' dir='ltr'>So.</span> <span class='ocrx_word' id='word_1_176' title='bbox 271 1202 428 1244; x_wconf 79' lang='lat' dir='ltr'>Nunquid</span> <span class='ocrx_word' id='word_1_177' title='bbox 453 1202 498 1233; x_wconf 85' lang='lat' dir='ltr'>ita</span> <span class='ocrx_word' id='word_1_178' title='bbox 520 1212 553 1232; x_wconf 85' lang='lat' dir='ltr'>se</span> <span class='ocrx_word' id='word_1_179' title='bbox 579 1202 684 1239; x_wconf 87' lang='lat' dir='ltr'>habet,</span> <span class='ocrx_word' id='word_1_180' title='bbox 710 1206 746 1232; x_wconf 86' lang='lat' dir='ltr'>ut</span> <span class='ocrx_word' id='word_1_181' title='bbox 769 1212 833 1232; x_wconf 91' lang='lat' dir='ltr'>non</span> <span class='ocrx_word' id='word_1_182' title='bbox 860 1202 996 1232; x_wconf 87' lang='lat' dir='ltr'>lucretur</span> <span class='ocrx_word' id='word_1_183' title='bbox 1020 1201 1074 1242; x_wconf 88' lang='lat' dir='ltr'>qui</span> <span class='ocrx_word' id='word_1_184' title='bbox 1095 1202 1230 1243; x_wconf 84' lang='lat' dir='ltr'>quodvis</span> <span class='ocrx_word' id='word_1_185' title='bbox 1245 1201 1430 1242; x_wconf 82' lang='lat' dir='ltr'>assequitur,</span> <span class='ocrx_word' id='word_1_186' title='bbox 1446 1201 1512 1232; x_wconf 86' lang='lat' dir='ltr'>sive</span> <span class='ocrx_word' id='word_1_187' title='bbox 1528 1201 1658 1238; x_wconf 83' lang='lat' dir='ltr'>bonum,</span> 
     </span>
     <span class='ocr_line' id='line_1_18' title="bbox 192 1255 1658 1297; baseline -0.002 -8"><span class='ocrx_word' id='word_1_188' title='bbox 192 1268 248 1289; x_wconf 79' lang='lat' dir='ltr'>seu</span> <span class='ocrx_word' id='word_1_189' title='bbox 271 1256 411 1288; x_wconf 84' lang='lat' dir='ltr'>malum?</span> <span class='ocrx_word' id='word_1_190' title='bbox 453 1255 539 1288; x_wconf 69' lang='lat' dir='ltr'>Hir.</span> <span class='ocrx_word' id='word_1_191' title='bbox 563 1255 720 1297; x_wconf 83' lang='lat' dir='ltr'>Apparet.</span> <span class='ocrx_word' id='word_1_192' title='bbox 763 1256 820 1287; x_wconf 87' lang='lat' dir='ltr'>So.</span> <span class='ocrx_word' id='word_1_193' title='bbox 843 1255 959 1297; x_wconf 90' lang='lat' dir='ltr'>Neque</span> <span class='ocrx_word' id='word_1_194' title='bbox 982 1256 1015 1286; x_wconf 90' lang='lat' dir='ltr'>in</span> <span class='ocrx_word' id='word_1_195' title='bbox 1041 1256 1190 1286; x_wconf 90' lang='lat' dir='ltr'>damnum</span> <span class='ocrx_word' id='word_1_196' title='bbox 1213 1255 1363 1295; x_wconf 87' lang='lat' dir='ltr'>incurrat,</span> <span class='ocrx_word' id='word_1_197' title='bbox 1390 1255 1445 1296; x_wconf 92' lang='lat' dir='ltr'>qui</span> <span class='ocrx_word' id='word_1_198' title='bbox 1469 1255 1502 1285; x_wconf 91' lang='lat' dir='ltr'>in</span> <span class='ocrx_word' id='word_1_199' title='bbox 1524 1255 1658 1296; x_wconf 82' lang='lat' dir='ltr'>quodvis</span> 
     </span>
     <span class='ocr_line' id='line_1_19' title="bbox 190 1308 1659 1351; baseline -0.002 -9"><span class='ocrx_word' id='word_1_200' title='bbox 190 1311 330 1348; x_wconf 84' lang='lat' dir='ltr'>incurrit,</span> <span class='ocrx_word' id='word_1_201' title='bbox 368 1310 435 1341; x_wconf 84' lang='lat' dir='ltr'>sive</span> <span class='ocrx_word' id='word_1_202' title='bbox 469 1310 586 1340; x_wconf 91' lang='lat' dir='ltr'>bonum</span> <span class='ocrx_word' id='word_1_203' title='bbox 611 1320 671 1345; x_wconf 77' lang='lat' dir='ltr'>¹seu</span> <span class='ocrx_word' id='word_1_204' title='bbox 703 1309 839 1340; x_wconf 86' lang='lat' dir='ltr'>malurn?</span> <span class='ocrx_word' id='word_1_205' title='bbox 886 1309 967 1341; x_wconf 72' lang='lat' dir='ltr'>Hm</span> <span class='ocrx_word' id='word_1_206' title='bbox 1003 1309 1088 1340; x_wconf 87' lang='lat' dir='ltr'>Mihi</span> <span class='ocrx_word' id='word_1_207' title='bbox 1115 1309 1244 1351; x_wconf 91' lang='lat' dir='ltr'>quidem</span> <span class='ocrx_word' id='word_1_208' title='bbox 1274 1310 1408 1340; x_wconf 86' lang='lat' dir='ltr'>videtur.</span> <span class='ocrx_word' id='word_1_209' title='bbox 1453 1308 1509 1340; x_wconf 89' lang='lat' dir='ltr'>So.</span> <span class='ocrx_word' id='word_1_210' title='bbox 1548 1309 1659 1341; x_wconf 84' lang='lat' dir='ltr'>Cernis</span> 
     </span>
     <span class='ocr_line' id='line_1_20' title="bbox 189 1362 1659 1407; baseline -0.001 -11"><span class='ocrx_word' id='word_1_211' title='bbox 189 1375 276 1407; x_wconf 83' lang='lat' dir='ltr'>erge,</span> <span class='ocrx_word' id='word_1_212' title='bbox 299 1364 385 1406; x_wconf 89' lang='lat' dir='ltr'>quod</span> <span class='ocrx_word' id='word_1_213' title='bbox 411 1364 494 1395; x_wconf 88' lang='lat' dir='ltr'>circa</span> <span class='ocrx_word' id='word_1_214' title='bbox 518 1363 602 1394; x_wconf 86' lang='lat' dir='ltr'>idem</span> <span class='ocrx_word' id='word_1_215' title='bbox 626 1362 816 1394; x_wconf 86' lang='lat' dir='ltr'>revolveris?</span> <span class='ocrx_word' id='word_1_216' title='bbox 850 1362 970 1394; x_wconf 90' lang='lat' dir='ltr'>lucrum</span> <span class='ocrx_word' id='word_1_217' title='bbox 998 1363 1082 1394; x_wconf 89' lang='lat' dir='ltr'>enim</span> <span class='ocrx_word' id='word_1_218' title='bbox 1114 1364 1245 1403; x_wconf 91' lang='lat' dir='ltr'>bonum,</span> <span class='ocrx_word' id='word_1_219' title='bbox 1266 1364 1415 1394; x_wconf 87' lang='lat' dir='ltr'>damnum</span> <span class='ocrx_word' id='word_1_220' title='bbox 1444 1372 1517 1394; x_wconf 85' lang='lat' dir='ltr'>vero</span> <span class='ocrx_word' id='word_1_221' title='bbox 1542 1363 1659 1394; x_wconf 87' lang='lat' dir='ltr'>malum</span> 
     </span>
     <span class='ocr_line' id='line_1_21' title="bbox 190 1416 1660 1461; baseline -0.001 -10"><span class='ocrx_word' id='word_1_222' title='bbox 190 1423 333 1461; x_wconf 83' lang='lat' dir='ltr'>apparet.</span> <span class='ocrx_word' id='word_1_223' title='bbox 388 1417 472 1450; x_wconf 71' lang='lat' dir='ltr'>Hm.</span> <span class='ocrx_word' id='word_1_224' title='bbox 507 1416 624 1458; x_wconf 78' lang='lat' dir='ltr'>Ignoro</span> <span class='ocrx_word' id='word_1_225' title='bbox 645 1416 721 1459; x_wconf 91' lang='lat' dir='ltr'>quid</span> <span class='ocrx_word' id='word_1_226' title='bbox 746 1416 862 1448; x_wconf 88' lang='lat' dir='ltr'>dicam.</span> <span class='ocrx_word' id='word_1_227' title='bbox 918 1417 975 1455; x_wconf 68' lang='lat' dir='ltr'>So,</span> <span class='ocrx_word' id='word_1_228' title='bbox 1009 1417 1052 1448; x_wconf 88' lang='lat' dir='ltr'>Et</span> <span class='ocrx_word' id='word_1_229' title='bbox 1072 1417 1145 1459; x_wconf 89' lang='lat' dir='ltr'>jure</span> <span class='ocrx_word' id='word_1_230' title='bbox 1172 1418 1313 1459; x_wconf 89' lang='lat' dir='ltr'>quidem.</span> <span class='ocrx_word' id='word_1_231' title='bbox 1345 1418 1402 1449; x_wconf 86' lang='lat' dir='ltr'>sed</span> <span class='ocrx_word' id='word_1_232' title='bbox 1427 1421 1576 1459; x_wconf 83' lang='lat' dir='ltr'>praeterea</span> <span class='ocrx_word' id='word_1_233' title='bbox 1599 1418 1660 1450; x_wconf 84' lang='lat' dir='ltr'>hoc</span> 
     </span>
     <span class='ocr_line' id='line_1_22' title="bbox 187 1471 1660 1515; baseline -0.001 -11"><span class='ocrx_word' id='word_1_234' title='bbox 187 1473 268 1504; x_wconf 84' lang='lat' dir='ltr'>mihi</span> <span class='ocrx_word' id='word_1_235' title='bbox 301 1473 468 1515; x_wconf 79' lang='lat' dir='ltr'>responde.</span> <span class='ocrx_word' id='word_1_236' title='bbox 514 1471 547 1502; x_wconf 89' lang='lat' dir='ltr'>Si</span> <span class='ocrx_word' id='word_1_237' title='bbox 572 1471 641 1513; x_wconf 89' lang='lat' dir='ltr'>quis</span> <span class='ocrx_word' id='word_1_238' title='bbox 667 1471 770 1502; x_wconf 86' lang='lat' dir='ltr'>minus</span> <span class='ocrx_word' id='word_1_239' title='bbox 790 1472 973 1513; x_wconf 84' lang='lat' dir='ltr'>expendens</span> <span class='ocrx_word' id='word_1_240' title='bbox 995 1472 1065 1514; x_wconf 90' lang='lat' dir='ltr'>plus</span> <span class='ocrx_word' id='word_1_241' title='bbox 1087 1472 1255 1514; x_wconf 83' lang='lat' dir='ltr'>acceperit,</span> <span class='ocrx_word' id='word_1_242' title='bbox 1279 1472 1391 1503; x_wconf 90' lang='lat' dir='ltr'>lucrari</span> <span class='ocrx_word' id='word_1_243' title='bbox 1411 1472 1496 1503; x_wconf 87' lang='lat' dir='ltr'>hunc</span> <span class='ocrx_word' id='word_1_244' title='bbox 1518 1471 1660 1503; x_wconf 85' lang='lat' dir='ltr'>diceres?</span> 
     </span>
     <span class='ocr_line' id='line_1_23' title="bbox 193 1525 1660 1568; baseline -0.002 -9"><span class='ocrx_word' id='word_1_245' title='bbox 193 1527 277 1560; x_wconf 70' lang='lat' dir='ltr'>Hir.</span> <span class='ocrx_word' id='word_1_246' title='bbox 299 1526 375 1558; x_wconf 89' lang='lat' dir='ltr'>Non</span> <span class='ocrx_word' id='word_1_247' title='bbox 401 1526 515 1557; x_wconf 89' lang='lat' dir='ltr'>malum</span> <span class='ocrx_word' id='word_1_248' title='bbox 545 1525 641 1565; x_wconf 86' lang='lat' dir='ltr'>dico;</span> <span class='ocrx_word' id='word_1_249' title='bbox 663 1536 770 1557; x_wconf 89' lang='lat' dir='ltr'>verum</span> <span class='ocrx_word' id='word_1_250' title='bbox 800 1525 826 1556; x_wconf 88' lang='lat' dir='ltr'>si</span> <span class='ocrx_word' id='word_1_251' title='bbox 854 1525 922 1556; x_wconf 80' lang='lat' dir='ltr'>auri</span> <span class='ocrx_word' id='word_1_252' title='bbox 951 1526 1001 1557; x_wconf 91' lang='lat' dir='ltr'>vel</span> <span class='ocrx_word' id='word_1_253' title='bbox 1030 1526 1151 1568; x_wconf 83' lang='lat' dir='ltr'>argenti</span> <span class='ocrx_word' id='word_1_254' title='bbox 1179 1527 1282 1557; x_wconf 90' lang='lat' dir='ltr'>minus</span> <span class='ocrx_word' id='word_1_255' title='bbox 1311 1536 1454 1568; x_wconf 81' lang='lat' dir='ltr'>erogans,</span> <span class='ocrx_word' id='word_1_256' title='bbox 1477 1526 1551 1568; x_wconf 89' lang='lat' dir='ltr'>plus</span> <span class='ocrx_word' id='word_1_257' title='bbox 1577 1525 1660 1558; x_wconf 89' lang='lat' dir='ltr'>acci-</span> 
     </span>
     <span class='ocr_line' id='line_1_24' title="bbox 189 1580 1660 1624; baseline -0.001 -11"><span class='ocrx_word' id='word_1_258' title='bbox 189 1582 266 1624; x_wconf 85' lang='lat' dir='ltr'>piat.</span> <span class='ocrx_word' id='word_1_259' title='bbox 310 1581 367 1613; x_wconf 90' lang='lat' dir='ltr'>So.</span> <span class='ocrx_word' id='word_1_260' title='bbox 399 1580 565 1612; x_wconf 79' lang='lat' dir='ltr'>Enimvero</span> <span class='ocrx_word' id='word_1_261' title='bbox 589 1580 649 1612; x_wconf 89' lang='lat' dir='ltr'>hoc</span> <span class='ocrx_word' id='word_1_262' title='bbox 675 1581 803 1621; x_wconf 85' lang='lat' dir='ltr'>insuper</span> <span class='ocrx_word' id='word_1_263' title='bbox 838 1580 1059 1622; x_wconf 88' lang='lat' dir='ltr'>interrogabo:</span> <span class='ocrx_word' id='word_1_264' title='bbox 1105 1581 1140 1613; x_wconf 85' lang='lat' dir='ltr'>Si</span> <span class='ocrx_word' id='word_1_265' title='bbox 1169 1582 1239 1623; x_wconf 88' lang='lat' dir='ltr'>quis</span> <span class='ocrx_word' id='word_1_266' title='bbox 1261 1580 1424 1612; x_wconf 86' lang='lat' dir='ltr'>dimidiam</span> <span class='ocrx_word' id='word_1_267' title='bbox 1454 1580 1520 1612; x_wconf 87' lang='lat' dir='ltr'>auri</span> <span class='ocrx_word' id='word_1_268' title='bbox 1550 1580 1660 1611; x_wconf 90' lang='lat' dir='ltr'>libram</span> 
     </span>
     <span class='ocr_line' id='line_1_25' title="bbox 194 1634 1662 1678; baseline -0.001 -11"><span class='ocrx_word' id='word_1_269' title='bbox 194 1646 337 1678; x_wconf 81' lang='lat' dir='ltr'>erogans,</span> <span class='ocrx_word' id='word_1_270' title='bbox 360 1635 494 1677; x_wconf 90' lang='lat' dir='ltr'>duplum</span> <span class='ocrx_word' id='word_1_271' title='bbox 519 1639 691 1675; x_wconf 87' lang='lat' dir='ltr'>reportaret</span> <span class='ocrx_word' id='word_1_272' title='bbox 713 1634 843 1676; x_wconf 83' lang='lat' dir='ltr'>argenti,</span> <span class='ocrx_word' id='word_1_273' title='bbox 879 1634 1040 1666; x_wconf 91' lang='lat' dir='ltr'>lucrumne</span> <span class='ocrx_word' id='word_1_274' title='bbox 1066 1645 1106 1666; x_wconf 90' lang='lat' dir='ltr'>an</span> <span class='ocrx_word' id='word_1_275' title='bbox 1132 1636 1279 1666; x_wconf 87' lang='lat' dir='ltr'>damnum</span> <span class='ocrx_word' id='word_1_276' title='bbox 1308 1635 1411 1667; x_wconf 86' lang='lat' dir='ltr'>esset?</span> <span class='ocrx_word' id='word_1_277' title='bbox 1456 1634 1540 1666; x_wconf 76' lang='lat' dir='ltr'>Hir.</span> <span class='ocrx_word' id='word_1_278' title='bbox 1563 1634 1662 1666; x_wconf 85' lang='lat' dir='ltr'>Dam—</span> 
     </span>
     <span class='ocr_line' id='line_1_26' title="bbox 196 1689 1662 1731; baseline -0.001 -10"><span class='ocrx_word' id='word_1_279' title='bbox 196 1701 272 1721; x_wconf 88' lang='lat' dir='ltr'>num</span> <span class='ocrx_word' id='word_1_280' title='bbox 295 1689 449 1731; x_wconf 82' lang='lat' dir='ltr'>profecto,</span> <span class='ocrx_word' id='word_1_281' title='bbox 483 1699 503 1724; x_wconf 88' lang='lat' dir='ltr'>o</span> <span class='ocrx_word' id='word_1_282' title='bbox 534 1689 689 1721; x_wconf 81' lang='lat' dir='ltr'>Socrates.</span> <span class='ocrx_word' id='word_1_283' title='bbox 719 1699 791 1720; x_wconf 90' lang='lat' dir='ltr'>nam</span> <span class='ocrx_word' id='word_1_284' title='bbox 821 1699 878 1731; x_wconf 87' lang='lat' dir='ltr'>pro</span> <span class='ocrx_word' id='word_1_285' title='bbox 908 1689 1111 1731; x_wconf 88' lang='lat' dir='ltr'>duodecuplo</span> <span class='ocrx_word' id='word_1_286' title='bbox 1142 1691 1274 1731; x_wconf 88' lang='lat' dir='ltr'>duplum</span> <span class='ocrx_word' id='word_1_287' title='bbox 1304 1690 1500 1721; x_wconf 86' lang='lat' dir='ltr'>solummodo</span> <span class='ocrx_word' id='word_1_288' title='bbox 1538 1689 1662 1731; x_wconf 88' lang='lat' dir='ltr'>recipit.</span> 
     </span>
     <span class='ocr_line' id='line_1_27' title="bbox 196 1743 1662 1786; baseline 0 -11"><span class='ocrx_word' id='word_1_289' title='bbox 196 1743 253 1776; x_wconf 91' lang='lat' dir='ltr'>So.</span> <span class='ocrx_word' id='word_1_290' title='bbox 277 1743 490 1775; x_wconf 83' lang='lat' dir='ltr'>Veruntamen</span> <span class='ocrx_word' id='word_1_291' title='bbox 519 1743 591 1784; x_wconf 89' lang='lat' dir='ltr'>plus</span> <span class='ocrx_word' id='word_1_292' title='bbox 619 1743 753 1785; x_wconf 71' lang='lat' dir='ltr'>accepit,</span> <span class='ocrx_word' id='word_1_293' title='bbox 786 1754 827 1774; x_wconf 88' lang='lat' dir='ltr'>an</span> <span class='ocrx_word' id='word_1_294' title='bbox 853 1754 918 1774; x_wconf 89' lang='lat' dir='ltr'>non</span> <span class='ocrx_word' id='word_1_295' title='bbox 947 1744 1018 1785; x_wconf 90' lang='lat' dir='ltr'>plus</span> <span class='ocrx_word' id='word_1_296' title='bbox 1047 1750 1094 1775; x_wconf 90' lang='lat' dir='ltr'>est</span> <span class='ocrx_word' id='word_1_297' title='bbox 1120 1745 1253 1786; x_wconf 90' lang='lat' dir='ltr'>duplum</span> <span class='ocrx_word' id='word_1_298' title='bbox 1280 1744 1435 1776; x_wconf 87' lang='lat' dir='ltr'>dimidio?</span> <span class='ocrx_word' id='word_1_299' title='bbox 1479 1744 1562 1776; x_wconf 73' lang='lat' dir='ltr'>Hu‘.</span> <span class='ocrx_word' id='word_1_300' title='bbox 1586 1743 1662 1775; x_wconf 90' lang='lat' dir='ltr'>Non</span> 
     </span>
     <span class='ocr_line' id='line_1_28' title="bbox 195 1797 1665 1841; baseline -0.001 -11"><span class='ocrx_word' id='word_1_301' title='bbox 195 1797 340 1839; x_wconf 85' lang='lat' dir='ltr'>ejusdem</span> <span class='ocrx_word' id='word_1_302' title='bbox 362 1797 524 1839; x_wconf 81' lang='lat' dir='ltr'>dignitatis</span> <span class='ocrx_word' id='word_1_303' title='bbox 547 1808 584 1829; x_wconf 89' lang='lat' dir='ltr'>ac</span> <span class='ocrx_word' id='word_1_304' title='bbox 611 1797 705 1839; x_wconf 89' lang='lat' dir='ltr'>pretii</span> <span class='ocrx_word' id='word_1_305' title='bbox 727 1802 775 1829; x_wconf 84' lang='lat' dir='ltr'>est</span> <span class='ocrx_word' id='word_1_306' title='bbox 799 1802 976 1840; x_wconf 87' lang='lat' dir='ltr'>argentum,</span> <span class='ocrx_word' id='word_1_307' title='bbox 998 1797 1089 1840; x_wconf 88' lang='lat' dir='ltr'>cujus</span> <span class='ocrx_word' id='word_1_308' title='bbox 1113 1804 1160 1830; x_wconf 90' lang='lat' dir='ltr'>est</span> <span class='ocrx_word' id='word_1_309' title='bbox 1182 1809 1302 1830; x_wconf 85' lang='lat' dir='ltr'>aurum.</span> <span class='ocrx_word' id='word_1_310' title='bbox 1349 1799 1405 1832; x_wconf 87' lang='lat' dir='ltr'>So.</span> <span class='ocrx_word' id='word_1_311' title='bbox 1430 1798 1512 1840; x_wconf 85' lang='lat' dir='ltr'>Ergo</span> <span class='ocrx_word' id='word_1_312' title='bbox 1539 1803 1665 1841; x_wconf 82' lang='lat' dir='ltr'>oportet</span> 
     </span>
     <span class='ocr_line' id='line_1_29' title="bbox 194 1851 1664 1895; baseline 0 -11"><span class='ocrx_word' id='word_1_313' title='bbox 194 1853 257 1884; x_wconf 88' lang='lat' dir='ltr'>hoc</span> <span class='ocrx_word' id='word_1_314' title='bbox 286 1851 373 1883; x_wconf 90' lang='lat' dir='ltr'>lucro</span> <span class='ocrx_word' id='word_1_315' title='bbox 399 1851 550 1893; x_wconf 82' lang='lat' dir='ltr'>adjicere,</span> <span class='ocrx_word' id='word_1_316' title='bbox 574 1851 813 1883; x_wconf 74' lang='lat' dir='ltr'>aestimationem</span> <span class='ocrx_word' id='word_1_317' title='bbox 842 1852 964 1884; x_wconf 85' lang='lat' dir='ltr'>scilicet</span> <span class='ocrx_word' id='word_1_318' title='bbox 991 1863 1028 1884; x_wconf 90' lang='lat' dir='ltr'>ac</span> <span class='ocrx_word' id='word_1_319' title='bbox 1057 1853 1203 1894; x_wconf 88' lang='lat' dir='ltr'>pretium.</span> <span class='ocrx_word' id='word_1_320' title='bbox 1249 1864 1334 1885; x_wconf 89' lang='lat' dir='ltr'>nunc</span> <span class='ocrx_word' id='word_1_321' title='bbox 1365 1853 1476 1895; x_wconf 88' lang='lat' dir='ltr'>utique</span> <span class='ocrx_word' id='word_1_322' title='bbox 1502 1858 1664 1894; x_wconf 85' lang='lat' dir='ltr'>argentum</span> 
     </span>
     <span class='ocr_line' id='line_1_30' title="bbox 195 1906 1665 1950; baseline 0.002 -13"><span class='ocrx_word' id='word_1_323' title='bbox 195 1907 269 1949; x_wconf 86' lang='lat' dir='ltr'>plus</span> <span class='ocrx_word' id='word_1_324' title='bbox 298 1906 446 1942; x_wconf 83' lang='lat' dir='ltr'>existens,</span> <span class='ocrx_word' id='word_1_325' title='bbox 468 1916 563 1948; x_wconf 85' lang='lat' dir='ltr'>quam</span> <span class='ocrx_word' id='word_1_326' title='bbox 589 1916 710 1943; x_wconf 80' lang='lat' dir='ltr'>aurum,</span> <span class='ocrx_word' id='word_1_327' title='bbox 734 1907 818 1938; x_wconf 86' lang='lat' dir='ltr'>haud</span> <span class='ocrx_word' id='word_1_328' title='bbox 846 1917 935 1948; x_wconf 89' lang='lat' dir='ltr'>aeque</span> <span class='ocrx_word' id='word_1_329' title='bbox 961 1907 1182 1939; x_wconf 83' lang='lat' dir='ltr'>aestimandum</span> <span class='ocrx_word' id='word_1_330' title='bbox 1205 1919 1242 1940; x_wconf 87' lang='lat' dir='ltr'>ac</span> <span class='ocrx_word' id='word_1_331' title='bbox 1265 1909 1401 1950; x_wconf 85' lang='lat' dir='ltr'>pretium</span> <span class='ocrx_word' id='word_1_332' title='bbox 1424 1908 1525 1939; x_wconf 87' lang='lat' dir='ltr'>dicis:</span> <span class='ocrx_word' id='word_1_333' title='bbox 1549 1914 1582 1939; x_wconf 89' lang='lat' dir='ltr'>et</span> <span class='ocrx_word' id='word_1_334' title='bbox 1610 1918 1665 1939; x_wconf 82' lang='lat' dir='ltr'>au-</span> 
     </span>
     <span class='ocr_line' id='line_1_31' title="bbox 195 1960 1662 2003; baseline -0.001 -10"><span class='ocrx_word' id='word_1_335' title='bbox 195 1971 262 1993; x_wconf 88' lang='lat' dir='ltr'>rum</span> <span class='ocrx_word' id='word_1_336' title='bbox 276 1961 379 1992; x_wconf 88' lang='lat' dir='ltr'>minus</span> <span class='ocrx_word' id='word_1_337' title='bbox 395 1960 541 1998; x_wconf 86' lang='lat' dir='ltr'>existens,</span> <span class='ocrx_word' id='word_1_338' title='bbox 566 1960 736 2002; x_wconf 86' lang='lat' dir='ltr'>pretiosum</span> <span class='ocrx_word' id='word_1_339' title='bbox 759 1972 886 2003; x_wconf 90' lang='lat' dir='ltr'>quoque</span> <span class='ocrx_word' id='word_1_340' title='bbox 910 1972 947 1993; x_wconf 94' lang='lat' dir='ltr'>ac</span> <span class='ocrx_word' id='word_1_341' title='bbox 974 1962 1114 2003; x_wconf 88' lang='lat' dir='ltr'>dignum.</span> <span class='ocrx_word' id='word_1_342' title='bbox 1158 1963 1241 1995; x_wconf 78' lang='lat' dir='ltr'>Hu‘.</span> <span class='ocrx_word' id='word_1_343' title='bbox 1276 1963 1319 1994; x_wconf 81' lang='lat' dir='ltr'>Et</span> <span class='ocrx_word' id='word_1_344' title='bbox 1344 1962 1489 1995; x_wconf 88' lang='lat' dir='ltr'>maxime.</span> <span class='ocrx_word' id='word_1_345' title='bbox 1510 1962 1555 1994; x_wconf 87' lang='lat' dir='ltr'>sic</span> <span class='ocrx_word' id='word_1_346' title='bbox 1578 1962 1662 1994; x_wconf 88' lang='lat' dir='ltr'>enim</span> 
     </span>
     <span class='ocr_line' id='line_1_32' title="bbox 191 2014 1664 2059; baseline -0.001 -11"><span class='ocrx_word' id='word_1_347' title='bbox 191 2026 229 2048; x_wconf 72' lang='lat' dir='ltr'>se</span> <span class='ocrx_word' id='word_1_348' title='bbox 253 2026 300 2047; x_wconf 87' lang='lat' dir='ltr'>res</span> <span class='ocrx_word' id='word_1_349' title='bbox 323 2015 428 2048; x_wconf 82' lang='lat' dir='ltr'>habet.</span> <span class='ocrx_word' id='word_1_350' title='bbox 471 2014 528 2047; x_wconf 89' lang='lat' dir='ltr'>So.</span> <span class='ocrx_word' id='word_1_351' title='bbox 550 2014 625 2056; x_wconf 85' lang='lat' dir='ltr'>Ipsa</span> <span class='ocrx_word' id='word_1_352' title='bbox 648 2025 722 2057; x_wconf 83' lang='lat' dir='ltr'>ergo</span> <span class='ocrx_word' id='word_1_353' title='bbox 746 2015 910 2047; x_wconf 81' lang='lat' dir='ltr'>aestimatio</span> <span class='ocrx_word' id='word_1_354' title='bbox 933 2016 1133 2059; x_wconf 82' lang='lat' dir='ltr'>dignitasque</span> <span class='ocrx_word' id='word_1_355' title='bbox 1156 2018 1275 2048; x_wconf 88' lang='lat' dir='ltr'>lucrum</span> <span class='ocrx_word' id='word_1_356' title='bbox 1301 2017 1456 2055; x_wconf 80' lang='lat' dir='ltr'>continet,</span> <span class='ocrx_word' id='word_1_357' title='bbox 1478 2017 1543 2049; x_wconf 88' lang='lat' dir='ltr'>sive</span> <span class='ocrx_word' id='word_1_358' title='bbox 1568 2027 1664 2059; x_wconf 86' lang='lat' dir='ltr'>parva</span> 
     </span>
     <span class='ocr_line' id='line_1_33' title="bbox 195 2069 1663 2112; baseline -0.001 -10"><span class='ocrx_word' id='word_1_359' title='bbox 195 2080 244 2102; x_wconf 84' lang='lat' dir='ltr'>res</span> <span class='ocrx_word' id='word_1_360' title='bbox 273 2070 339 2102; x_wconf 84' lang='lat' dir='ltr'>sive</span> <span class='ocrx_word' id='word_1_361' title='bbox 363 2079 476 2112; x_wconf 83' lang='lat' dir='ltr'>magna</span> <span class='ocrx_word' id='word_1_362' title='bbox 503 2070 569 2100; x_wconf 84' lang='lat' dir='ltr'>sit:</span> <span class='ocrx_word' id='word_1_363' title='bbox 603 2069 769 2111; x_wconf 89' lang='lat' dir='ltr'>indignum</span> <span class='ocrx_word' id='word_1_364' title='bbox 800 2081 872 2102; x_wconf 89' lang='lat' dir='ltr'>vero</span> <span class='ocrx_word' id='word_1_365' title='bbox 903 2070 1111 2102; x_wconf 65' lang='lat' dir='ltr'>aestimatione</span> <span class='ocrx_word' id='word_1_366' title='bbox 1135 2071 1203 2103; x_wconf 88' lang='lat' dir='ltr'>sine</span> <span class='ocrx_word' id='word_1_367' title='bbox 1226 2071 1313 2103; x_wconf 89' lang='lat' dir='ltr'>lucro</span> <span class='ocrx_word' id='word_1_368' title='bbox 1339 2076 1399 2103; x_wconf 86' lang='lat' dir='ltr'>est.</span> <span class='ocrx_word' id='word_1_369' title='bbox 1456 2071 1542 2103; x_wconf 77' lang='lat' dir='ltr'>H1P.</span> <span class='ocrx_word' id='word_1_370' title='bbox 1586 2071 1663 2102; x_wconf 87' lang='lat' dir='ltr'>Pro·</span> 
     </span>
     <span class='ocr_line' id='line_1_34' title="bbox 191 2123 1663 2168; baseline 0 -12"><span class='ocrx_word' id='word_1_371' title='bbox 191 2125 289 2156; x_wconf 73' lang='lat' dir='ltr'>secto.</span> <span class='ocrx_word' id='word_1_372' title='bbox 332 2124 390 2156; x_wconf 90' lang='lat' dir='ltr'>So.</span> <span class='ocrx_word' id='word_1_373' title='bbox 422 2123 531 2165; x_wconf 85' lang='lat' dir='ltr'>Ipsum</span> <span class='ocrx_word' id='word_1_374' title='bbox 560 2124 730 2166; x_wconf 88' lang='lat' dir='ltr'>pretiosum</span> <span class='ocrx_word' id='word_1_375' title='bbox 755 2135 792 2156; x_wconf 85' lang='lat' dir='ltr'>ac</span> <span class='ocrx_word' id='word_1_376' title='bbox 819 2124 963 2167; x_wconf 87' lang='lat' dir='ltr'>dignum,</span> <span class='ocrx_word' id='word_1_377' title='bbox 988 2136 1122 2157; x_wconf 88' lang='lat' dir='ltr'>vocasne</span> <span class='ocrx_word' id='word_1_378' title='bbox 1146 2126 1236 2158; x_wconf 88' lang='lat' dir='ltr'>aliter</span> <span class='ocrx_word' id='word_1_379' title='bbox 1266 2126 1410 2168; x_wconf 86' lang='lat' dir='ltr'>dignum,</span> <span class='ocrx_word' id='word_1_380' title='bbox 1443 2136 1537 2168; x_wconf 89' lang='lat' dir='ltr'>quam</span> <span class='ocrx_word' id='word_1_381' title='bbox 1563 2126 1663 2167; x_wconf 86' lang='lat' dir='ltr'>adep-</span> 
     </span>
     <span class='ocr_line' id='line_1_35' title="bbox 192 2178 1662 2222; baseline 0 -12"><span class='ocrx_word' id='word_1_382' title='bbox 192 2178 281 2210; x_wconf 73' lang='lat' dir='ltr'>tione</span> <span class='ocrx_word' id='word_1_383' title='bbox 295 2178 449 2220; x_wconf 84' lang='lat' dir='ltr'>dignum?</span> <span class='ocrx_word' id='word_1_384' title='bbox 493 2178 576 2210; x_wconf 75' lang='lat' dir='ltr'>Hir.</span> <span class='ocrx_word' id='word_1_385' title='bbox 597 2178 794 2220; x_wconf 88' lang='lat' dir='ltr'>Adeptione.</span> <span class='ocrx_word' id='word_1_386' title='bbox 837 2179 894 2211; x_wconf 83' lang='lat' dir='ltr'>So.</span> <span class='ocrx_word' id='word_1_387' title='bbox 917 2179 1057 2222; x_wconf 84' lang='lat' dir='ltr'>Dignum</span> <span class='ocrx_word' id='word_1_388' title='bbox 1086 2186 1191 2212; x_wconf 89' lang='lat' dir='ltr'>autem</span> <span class='ocrx_word' id='word_1_389' title='bbox 1220 2181 1403 2222; x_wconf 87' lang='lat' dir='ltr'>adeptione,</span> <span class='ocrx_word' id='word_1_390' title='bbox 1423 2180 1503 2212; x_wconf 85' lang='lat' dir='ltr'>utile</span> <span class='ocrx_word' id='word_1_391' title='bbox 1526 2190 1568 2210; x_wconf 83' lang='lat' dir='ltr'>an</span> <span class='ocrx_word' id='word_1_392' title='bbox 1591 2180 1662 2210; x_wconf 83' lang='lat' dir='ltr'>inu·-</span> 
     </span>
     <span class='ocr_line' id='line_1_36' title="bbox 194 2231 1663 2275; baseline 0 -11"><span class='ocrx_word' id='word_1_393' title='bbox 194 2232 274 2264; x_wconf 76' lang='lat' dir='ltr'>tile?</span> <span class='ocrx_word' id='word_1_394' title='bbox 318 2231 400 2263; x_wconf 74' lang='lat' dir='ltr'>Hn’.</span> <span class='ocrx_word' id='word_1_395' title='bbox 442 2232 541 2264; x_wconf 86' lang='lat' dir='ltr'>Utile.</span> <span class='ocrx_word' id='word_1_396' title='bbox 579 2233 676 2275; x_wconf 79' lang='lat'>[232]</span> <span class='ocrx_word' id='word_1_397' title='bbox 716 2232 803 2265; x_wconf 89' lang='lat' dir='ltr'>Utile</span> <span class='ocrx_word' id='word_1_398' title='bbox 833 2244 940 2265; x_wconf 88' lang='lat' dir='ltr'>nonne</span> <span class='ocrx_word' id='word_1_399' title='bbox 965 2235 1106 2266; x_wconf 89' lang='lat' dir='ltr'>bonum?</span> <span class='ocrx_word' id='word_1_400' title='bbox 1151 2235 1235 2266; x_wconf 78' lang='lat' dir='ltr'>Hn’.</span> <span class='ocrx_word' id='word_1_401' title='bbox 1267 2235 1334 2267; x_wconf 87' lang='lat' dir='ltr'>Est.</span> <span class='ocrx_word' id='word_1_402' title='bbox 1379 2235 1433 2267; x_wconf 86' lang='lat' dir='ltr'>So.</span> <span class='ocrx_word' id='word_1_403' title='bbox 1467 2234 1498 2265; x_wconf 92' lang='lat' dir='ltr'>O</span> <span class='ocrx_word' id='word_1_404' title='bbox 1526 2234 1573 2265; x_wconf 84' lang='lat' dir='ltr'>vir</span> <span class='ocrx_word' id='word_1_405' title='bbox 1596 2243 1663 2265; x_wconf 88' lang='lat' dir='ltr'>om-</span> 
     </span>
     <span class='ocr_line' id='line_1_37' title="bbox 193 2286 1663 2331; baseline 0 -12"><span class='ocrx_word' id='word_1_406' title='bbox 193 2289 282 2323; x_wconf 75' lang='lat' dir='ltr'>nium</span> <span class='ocrx_word' id='word_1_407' title='bbox 299 2287 475 2324; x_wconf 81' lang='lat' dir='ltr'>fortissime,</span> <span class='ocrx_word' id='word_1_408' title='bbox 498 2297 604 2318; x_wconf 87' lang='lat' dir='ltr'>nonne</span> <span class='ocrx_word' id='word_1_409' title='bbox 624 2286 693 2329; x_wconf 88' lang='lat' dir='ltr'>jam</span> <span class='ocrx_word' id='word_1_410' title='bbox 719 2288 811 2319; x_wconf 88' lang='lat' dir='ltr'>tertio</span> <span class='ocrx_word' id='word_1_411' title='bbox 837 2294 870 2319; x_wconf 90' lang='lat' dir='ltr'>et</span> <span class='ocrx_word' id='word_1_412' title='bbox 892 2294 1003 2331; x_wconf 90' lang='lat' dir='ltr'>quarto</span> <span class='ocrx_word' id='word_1_413' title='bbox 1030 2288 1213 2321; x_wconf 87' lang='lat' dir='ltr'>conclusum</span> <span class='ocrx_word' id='word_1_414' title='bbox 1229 2300 1247 2320; x_wconf 92' lang='lat' dir='ltr'>a</span> <span class='ocrx_word' id='word_1_415' title='bbox 1270 2289 1361 2321; x_wconf 90' lang='lat' dir='ltr'>nobis</span> <span class='ocrx_word' id='word_1_416' title='bbox 1376 2293 1434 2327; x_wconf 88' lang='lat' dir='ltr'>est,</span> <span class='ocrx_word' id='word_1_417' title='bbox 1458 2288 1578 2320; x_wconf 89' lang='lat' dir='ltr'>lucrum</span> <span class='ocrx_word' id='word_1_418' title='bbox 1606 2289 1663 2320; x_wconf 93' lang='lat' dir='ltr'>bo-</span> 
     </span>
     <span class='ocr_line' id='line_1_38' title="bbox 187 2341 1665 2386; baseline 0.001 -12"><span class='ocrx_word' id='word_1_419' title='bbox 187 2352 273 2378; x_wconf 76' lang='lat' dir='ltr'>num</span> <span class='ocrx_word' id='word_1_420' title='bbox 289 2341 380 2373; x_wconf 81' lang='lat' dir='ltr'>esse?</span> <span class='ocrx_word' id='word_1_421' title='bbox 425 2341 507 2374; x_wconf 70' lang='lat' dir='ltr'>Hir.</span> <span class='ocrx_word' id='word_1_422' title='bbox 531 2341 677 2373; x_wconf 83' lang='lat' dir='ltr'>Videtur.</span> <span class='ocrx_word' id='word_1_423' title='bbox 722 2342 778 2374; x_wconf 90' lang='lat' dir='ltr'>So.</span> <span class='ocrx_word' id='word_1_424' title='bbox 801 2343 958 2374; x_wconf 89' lang='lat' dir='ltr'>Memoria</span> <span class='ocrx_word' id='word_1_425' title='bbox 975 2348 1076 2386; x_wconf 88' lang='lat' dir='ltr'>tenes,</span> <span class='ocrx_word' id='word_1_426' title='bbox 1099 2344 1185 2375; x_wconf 89' lang='lat' dir='ltr'>unde</span> <span class='ocrx_word' id='word_1_427' title='bbox 1201 2354 1302 2375; x_wconf 85' lang='lat' dir='ltr'>sermo</span> <span class='ocrx_word' id='word_1_428' title='bbox 1324 2344 1377 2378; x_wconf 88' lang='lat' dir='ltr'>hic</span> <span class='ocrx_word' id='word_1_429' title='bbox 1401 2343 1537 2375; x_wconf 84' lang='lat' dir='ltr'>incidit?</span> <span class='ocrx_word' id='word_1_430' title='bbox 1582 2342 1665 2375; x_wconf 68' lang='grc' dir='ltr'>ΗΠ».</span> 
     </span>
     <span class='ocr_line' id='line_1_39' title="bbox 198 2394 1663 2440; baseline 0 -12"><span class='ocrx_word' id='word_1_431' title='bbox 198 2395 353 2428; x_wconf 86' lang='lat' dir='ltr'>Arbitror.</span> <span class='ocrx_word' id='word_1_432' title='bbox 397 2396 454 2430; x_wconf 76' lang='lat' dir='ltr'>So..</span> <span class='ocrx_word' id='word_1_433' title='bbox 476 2394 523 2427; x_wconf 89' lang='lat' dir='ltr'>At</span> <span class='ocrx_word' id='word_1_434' title='bbox 545 2396 571 2427; x_wconf 87' lang='lat' dir='ltr'>si</span> <span class='ocrx_word' id='word_1_435' title='bbox 595 2397 698 2428; x_wconf 88' lang='lat' dir='ltr'>minus</span> <span class='ocrx_word' id='word_1_436' title='bbox 719 2397 790 2439; x_wconf 85' lang='lat' dir='ltr'>ipse</span> <span class='ocrx_word' id='word_1_437' title='bbox 813 2397 1003 2436; x_wconf 89' lang='lat' dir='ltr'>memineris,</span> <span class='ocrx_word' id='word_1_438' title='bbox 1028 2409 1087 2440; x_wconf 86' lang='lat' dir='ltr'>ego</span> <span class='ocrx_word' id='word_1_439' title='bbox 1115 2399 1148 2429; x_wconf 91' lang='lat' dir='ltr'>in</span> <span class='ocrx_word' id='word_1_440' title='bbox 1174 2398 1355 2430; x_wconf 83' lang='lat' dir='ltr'>memoriam</span> <span class='ocrx_word' id='word_1_441' title='bbox 1379 2399 1538 2430; x_wconf 86' lang='lat' dir='ltr'>reducam.</span> <span class='ocrx_word' id='word_1_442' title='bbox 1561 2408 1599 2428; x_wconf 84' lang='lat' dir='ltr'>ex</span> <span class='ocrx_word' id='word_1_443' title='bbox 1625 2408 1663 2428; x_wconf 91' lang='lat' dir='ltr'>eo</span> 
     </span>
     <span class='ocr_line' id='line_1_40' title="bbox 199 2450 1666 2495; baseline 0 -12"><span class='ocrx_word' id='word_1_444' title='bbox 199 2450 295 2488; x_wconf 84' lang='lat' dir='ltr'>enim,</span> <span class='ocrx_word' id='word_1_445' title='bbox 317 2450 402 2492; x_wconf 91' lang='lat' dir='ltr'>quod</span> <span class='ocrx_word' id='word_1_446' title='bbox 416 2450 587 2488; x_wconf 84' lang='lat' dir='ltr'>dubitares,</span> <span class='ocrx_word' id='word_1_447' title='bbox 602 2461 643 2482; x_wconf 86' lang='lat' dir='ltr'>ne</span> <span class='ocrx_word' id='word_1_448' title='bbox 661 2452 734 2482; x_wconf 88' lang='lat' dir='ltr'>boni</span> <span class='ocrx_word' id='word_1_449' title='bbox 749 2452 807 2483; x_wconf 88' lang='lat' dir='ltr'>viri</span> <span class='ocrx_word' id='word_1_450' title='bbox 822 2453 907 2484; x_wconf 84' lang='lat' dir='ltr'>lucra</span> <span class='ocrx_word' id='word_1_451' title='bbox 929 2452 1080 2495; x_wconf 82' lang='lat' dir='ltr'>quaelibet</span> <span class='ocrx_word' id='word_1_452' title='bbox 1103 2460 1266 2495; x_wconf 85' lang='lat' dir='ltr'>acceptare</span> <span class='ocrx_word' id='word_1_453' title='bbox 1288 2453 1404 2490; x_wconf 88' lang='lat' dir='ltr'>nolint,</span> <span class='ocrx_word' id='word_1_454' title='bbox 1428 2453 1483 2484; x_wconf 87' lang='lat' dir='ltr'>sed</span> <span class='ocrx_word' id='word_1_455' title='bbox 1507 2463 1546 2484; x_wconf 82' lang='lat' dir='ltr'>ex</span> <span class='ocrx_word' id='word_1_456' title='bbox 1572 2452 1666 2484; x_wconf 86' lang='lat' dir='ltr'>lucris</span> 
     </span>
     <span class='ocr_line' id='line_1_41' title="bbox 197 2504 1666 2549; baseline 0 -13"><span class='ocrx_word' id='word_1_457' title='bbox 197 2505 282 2537; x_wconf 87' lang='lat' dir='ltr'>bona</span> <span class='ocrx_word' id='word_1_458' title='bbox 309 2505 472 2542; x_wconf 80' lang='lat' dir='ltr'>duntaxat,</span> <span class='ocrx_word' id='word_1_459' title='bbox 513 2504 596 2536; x_wconf 86' lang='lat' dir='ltr'>mala</span> <span class='ocrx_word' id='word_1_460' title='bbox 625 2517 697 2537; x_wconf 84' lang='lat' dir='ltr'>vero</span> <span class='ocrx_word' id='word_1_461' title='bbox 726 2517 935 2549; x_wconf 82' lang='lat' dir='ltr'>nequaquam.</span> <span class='ocrx_word' id='word_1_462' title='bbox 991 2507 1074 2539; x_wconf 78' lang='lat' dir='ltr'>Hu’.</span> <span class='ocrx_word' id='word_1_463' title='bbox 1112 2506 1199 2539; x_wconf 87' lang='lat' dir='ltr'>Hinc</span> <span class='ocrx_word' id='word_1_464' title='bbox 1228 2518 1314 2540; x_wconf 84' lang='lat' dir='ltr'>sane.</span> <span class='ocrx_word' id='word_1_465' title='bbox 1359 2508 1416 2539; x_wconf 88' lang='lat' dir='ltr'>So.</span> <span class='ocrx_word' id='word_1_466' title='bbox 1438 2507 1556 2538; x_wconf 86' lang='lat' dir='ltr'>Nonne</span> <span class='ocrx_word' id='word_1_467' title='bbox 1581 2507 1666 2537; x_wconf 87' lang='lat' dir='ltr'>lucra</span> 
     </span>
     <span class='ocr_line' id='line_1_42' title="bbox 201 2559 1666 2604; baseline 0 -14"><span class='ocrx_word' id='word_1_468' title='bbox 201 2559 308 2591; x_wconf 87' lang='lat' dir='ltr'>omnia</span> <span class='ocrx_word' id='word_1_469' title='bbox 336 2569 404 2590; x_wconf 85' lang='lat' dir='ltr'>esse</span> <span class='ocrx_word' id='word_1_470' title='bbox 432 2559 527 2597; x_wconf 90' lang='lat' dir='ltr'>bona,</span> <span class='ocrx_word' id='word_1_471' title='bbox 550 2570 606 2591; x_wconf 87' lang='lat' dir='ltr'>seu</span> <span class='ocrx_word' id='word_1_472' title='bbox 634 2571 748 2602; x_wconf 86' lang='lat' dir='ltr'>magna</span> <span class='ocrx_word' id='word_1_473' title='bbox 779 2562 843 2593; x_wconf 87' lang='lat' dir='ltr'>sive</span> <span class='ocrx_word' id='word_1_474' title='bbox 873 2572 969 2604; x_wconf 84' lang='lat' dir='ltr'>parva</span> <span class='ocrx_word' id='word_1_475' title='bbox 994 2562 1068 2600; x_wconf 67' lang='lat' dir='ltr'>sintf</span> <span class='ocrx_word' id='word_1_476' title='bbox 1101 2562 1180 2594; x_wconf 86' lang='lat' dir='ltr'>ratio</span> <span class='ocrx_word' id='word_1_477' title='bbox 1207 2573 1266 2594; x_wconf 85' lang='lat' dir='ltr'>nos</span> <span class='ocrx_word' id='word_1_478' title='bbox 1291 2562 1382 2594; x_wconf 88' lang='lat' dir='ltr'>fateri</span> <span class='ocrx_word' id='word_1_479' title='bbox 1410 2561 1536 2603; x_wconf 86' lang='lat' dir='ltr'>coegit?</span> <span class='ocrx_word' id='word_1_480' title='bbox 1583 2560 1666 2591; x_wconf 74' lang='lat' dir='ltr'>Hm&gt;-</span> 
     </span>
     <span class='ocr_line' id='line_1_43' title="bbox 199 2613 1666 2659; baseline 0 -13"><span class='ocrx_word' id='word_1_481' title='bbox 199 2613 315 2655; x_wconf 81' lang='lat' dir='ltr'>Coegit</span> <span class='ocrx_word' id='word_1_482' title='bbox 326 2617 421 2650; x_wconf 83' lang='lat' dir='ltr'>certe,</span> <span class='ocrx_word' id='word_1_483' title='bbox 445 2624 464 2644; x_wconf 96' lang='lat' dir='ltr'>o</span> <span class='ocrx_word' id='word_1_484' title='bbox 479 2613 632 2652; x_wconf 87' lang='lat' dir='ltr'>Socrates,</span> <span class='ocrx_word' id='word_1_485' title='bbox 655 2626 706 2647; x_wconf 90' lang='lat' dir='ltr'>me</span> <span class='ocrx_word' id='word_1_486' title='bbox 719 2616 830 2659; x_wconf 85' lang='lat' dir='ltr'>magis,</span> <span class='ocrx_word' id='word_1_487' title='bbox 851 2627 944 2659; x_wconf 90' lang='lat' dir='ltr'>quam</span> <span class='ocrx_word' id='word_1_488' title='bbox 972 2617 1136 2659; x_wconf 88' lang='lat' dir='ltr'>persuasit.</span> <span class='ocrx_word' id='word_1_489' title='bbox 1181 2617 1244 2649; x_wconf 88' lang='lat' dir='ltr'>Sed</span> <span class='ocrx_word' id='word_1_490' title='bbox 1267 2618 1397 2649; x_wconf 86' lang='lat' dir='ltr'>forsitan</span> <span class='ocrx_word' id='word_1_491' title='bbox 1418 2617 1570 2658; x_wconf 87' lang='lat' dir='ltr'>deinceps</span> <span class='ocrx_word' id='word_1_492' title='bbox 1596 2626 1666 2657; x_wconf 85' lang='lat' dir='ltr'>per-</span> 
     </span>
     <span class='ocr_line' id='line_1_44' title="bbox 199 2667 1667 2714; baseline 0.001 -15"><span class='ocrx_word' id='word_1_493' title='bbox 199 2668 354 2700; x_wconf 70' lang='lat' dir='ltr'>suadebit.</span> <span class='ocrx_word' id='word_1_494' title='bbox 397 2667 455 2700; x_wconf 88' lang='lat' dir='ltr'>So.</span> <span class='ocrx_word' id='word_1_495' title='bbox 491 2667 588 2705; x_wconf 82' lang='lat' dir='ltr'>Nunc</span> <span class='ocrx_word' id='word_1_496' title='bbox 614 2674 731 2707; x_wconf 86' lang='lat' dir='ltr'>tamen,</span> <span class='ocrx_word' id='word_1_497' title='bbox 755 2670 821 2702; x_wconf 86' lang='lat' dir='ltr'>sive</span> <span class='ocrx_word' id='word_1_498' title='bbox 848 2681 1012 2712; x_wconf 87' lang='lat' dir='ltr'>persuasus</span> <span class='ocrx_word' id='word_1_499' title='bbox 1033 2671 1141 2709; x_wconf 81' lang='lat' dir='ltr'>fueris,</span> <span class='ocrx_word' id='word_1_500' title='bbox 1178 2682 1233 2703; x_wconf 86' lang='lat' dir='ltr'>seu</span> <span class='ocrx_word' id='word_1_501' title='bbox 1261 2672 1547 2714; x_wconf 88' lang='lat' dir='ltr'>quomodocunque</span> <span class='ocrx_word' id='word_1_502' title='bbox 1576 2669 1667 2700; x_wconf 80' lang='lat' dir='ltr'>aliter</span> 
     </span>
     <span class='ocr_line' id='line_1_45' title="bbox 202 2722 1664 2767; baseline 0.001 -15"><span class='ocrx_word' id='word_1_503' title='bbox 202 2722 244 2753; x_wconf 84' lang='lat' dir='ltr'>sis</span> <span class='ocrx_word' id='word_1_504' title='bbox 271 2722 415 2759; x_wconf 85' lang='lat' dir='ltr'>affectus,</span> <span class='ocrx_word' id='word_1_505' title='bbox 439 2722 597 2753; x_wconf 86' lang='lat' dir='ltr'>consentis</span> <span class='ocrx_word' id='word_1_506' title='bbox 621 2725 797 2766; x_wconf 86' lang='lat' dir='ltr'>nobiscum,</span> <span class='ocrx_word' id='word_1_507' title='bbox 823 2725 909 2757; x_wconf 90' lang='lat' dir='ltr'>lucra</span> <span class='ocrx_word' id='word_1_508' title='bbox 932 2725 1048 2763; x_wconf 89' lang='lat' dir='ltr'>omnia,</span> <span class='ocrx_word' id='word_1_509' title='bbox 1074 2731 1107 2756; x_wconf 89' lang='lat' dir='ltr'>et</span> <span class='ocrx_word' id='word_1_510' title='bbox 1131 2726 1235 2767; x_wconf 83' lang='lat' dir='ltr'>ampla</span> <span class='ocrx_word' id='word_1_511' title='bbox 1262 2731 1295 2757; x_wconf 90' lang='lat' dir='ltr'>et</span> <span class='ocrx_word' id='word_1_512' title='bbox 1318 2726 1441 2767; x_wconf 79' lang='lat' dir='ltr'>exigua,</span> <span class='ocrx_word' id='word_1_513' title='bbox 1467 2726 1552 2756; x_wconf 86' lang='lat' dir='ltr'>bona</span> <span class='ocrx_word' id='word_1_514' title='bbox 1574 2723 1664 2755; x_wconf 87' lang='lat' dir='ltr'>esse?</span> 
     </span>
     <span class='ocr_line' id='line_1_46' title="bbox 186 2776 1665 2812; baseline 0 -4"><span class='ocrx_word' id='word_1_515' title='bbox 186 2776 285 2808; x_wconf 60' lang='grc' dir='ltr'>ἨιΡ.</span> <span class='ocrx_word' id='word_1_516' title='bbox 305 2776 491 2808; x_wconf 84' lang='lat' dir='ltr'>Consentio.</span> <span class='ocrx_word' id='word_1_517' title='bbox 534 2776 591 2808; x_wconf 80' lang='grc'>80.</span> <span class='ocrx_word' id='word_1_518' title='bbox 616 2776 660 2808; x_wconf 87' lang='lat' dir='ltr'>Et</span> <span class='ocrx_word' id='word_1_519' title='bbox 683 2778 784 2810; x_wconf 87' lang='lat' dir='ltr'>bonos</span> <span class='ocrx_word' id='word_1_520' title='bbox 805 2779 886 2810; x_wconf 88' lang='lat' dir='ltr'>viros</span> <span class='ocrx_word' id='word_1_521' title='bbox 911 2789 1019 2810; x_wconf 88' lang='lat' dir='ltr'>omnes</span> <span class='ocrx_word' id='word_1_522' title='bbox 1044 2780 1127 2810; x_wconf 89' lang='lat' dir='ltr'>bona</span> <span class='ocrx_word' id='word_1_523' title='bbox 1155 2780 1261 2812; x_wconf 88' lang='lat' dir='ltr'>omnia</span> <span class='ocrx_word' id='word_1_524' title='bbox 1284 2780 1365 2811; x_wconf 85' lang='lat' dir='ltr'>velle</span> <span class='ocrx_word' id='word_1_525' title='bbox 1391 2779 1517 2811; x_wconf 83' lang='lat' dir='ltr'>fateris?</span> <span class='ocrx_word' id='word_1_526' title='bbox 1541 2778 1665 2810; x_wconf 84' lang='lat' dir='ltr'>necne?</span> 
     </span>
     <span class='ocr_line' id='line_1_47' title="bbox 199 2830 1664 2876; baseline 0 -14"><span class='ocrx_word' id='word_1_527' title='bbox 199 2830 283 2862; x_wconf 72' lang='grc' dir='ltr'>ΗΠ».</span> <span class='ocrx_word' id='word_1_528' title='bbox 305 2830 429 2862; x_wconf 87' lang='lat' dir='ltr'>Fateor.</span> <span class='ocrx_word' id='word_1_529' title='bbox 473 2830 532 2862; x_wconf 91' lang='lat' dir='ltr'>So.</span> <span class='ocrx_word' id='word_1_530' title='bbox 552 2830 658 2862; x_wconf 87' lang='lat' dir='ltr'>Malos</span> <span class='ocrx_word' id='word_1_531' title='bbox 682 2837 786 2864; x_wconf 86' lang='lat' dir='ltr'>autem</span> <span class='ocrx_word' id='word_1_532' title='bbox 812 2833 940 2865; x_wconf 87' lang='lat' dir='ltr'>dicebas</span> <span class='ocrx_word' id='word_1_533' title='bbox 957 2834 1063 2864; x_wconf 89' lang='lat' dir='ltr'>omnia</span> <span class='ocrx_word' id='word_1_534' title='bbox 1085 2834 1182 2876; x_wconf 87' lang='lat' dir='ltr'>lucra,</span> <span class='ocrx_word' id='word_1_535' title='bbox 1206 2839 1269 2865; x_wconf 91' lang='lat' dir='ltr'>tam</span> <span class='ocrx_word' id='word_1_536' title='bbox 1284 2834 1398 2875; x_wconf 85' lang='lat' dir='ltr'>exigua</span> <span class='ocrx_word' id='word_1_537' title='bbox 1422 2839 1515 2875; x_wconf 86' lang='lat' dir='ltr'>quam</span> <span class='ocrx_word' id='word_1_538' title='bbox 1539 2842 1664 2874; x_wconf 82' lang='lat' dir='ltr'>magna,</span> 
     </span>
     <span class='ocr_line' id='line_1_48' title="bbox 199 2885 1665 2929; baseline 0.001 -14"><span class='ocrx_word' id='word_1_539' title='bbox 199 2894 325 2925; x_wconf 89' lang='lat' dir='ltr'>cupere.</span> <span class='ocrx_word' id='word_1_540' title='bbox 369 2885 452 2916; x_wconf 81' lang='lat' dir='ltr'>Hu‘.</span> <span class='ocrx_word' id='word_1_541' title='bbox 468 2885 635 2917; x_wconf 88' lang='lat' dir='ltr'>Dicebam.</span> <span class='ocrx_word' id='word_1_542' title='bbox 680 2886 737 2918; x_wconf 89' lang='lat' dir='ltr'>So.</span> <span class='ocrx_word' id='word_1_543' title='bbox 760 2886 878 2918; x_wconf 90' lang='lat' dir='ltr'>Nonne</span> <span class='ocrx_word' id='word_1_544' title='bbox 889 2887 983 2929; x_wconf 88' lang='lat' dir='ltr'>igitur</span> <span class='ocrx_word' id='word_1_545' title='bbox 995 2889 1167 2920; x_wconf 89' lang='lat' dir='ltr'>secundum</span> <span class='ocrx_word' id='word_1_546' title='bbox 1179 2899 1350 2920; x_wconf 88' lang='lat' dir='ltr'>sermonem</span> <span class='ocrx_word' id='word_1_547' title='bbox 1361 2893 1448 2919; x_wconf 91' lang='lat' dir='ltr'>tuum</span> <span class='ocrx_word' id='word_1_548' title='bbox 1464 2887 1598 2918; x_wconf 88' lang='lat' dir='ltr'>universi</span> <span class='ocrx_word' id='word_1_549' title='bbox 1610 2887 1665 2917; x_wconf 90' lang='lat' dir='ltr'>ho-</span> 
     </span>
     <span class='ocr_line' id='line_1_49' title="bbox 201 2937 1663 2984; baseline 0.002 -16"><span class='ocrx_word' id='word_1_550' title='bbox 201 2937 313 2976; x_wconf 83' lang='lat' dir='ltr'>mines,</span> <span class='ocrx_word' id='word_1_551' title='bbox 332 2943 366 2970; x_wconf 88' lang='lat' dir='ltr'>et</span> <span class='ocrx_word' id='word_1_552' title='bbox 380 2939 455 2970; x_wconf 90' lang='lat' dir='ltr'>boni</span> <span class='ocrx_word' id='word_1_553' title='bbox 478 2940 592 2981; x_wconf 86' lang='lat' dir='ltr'>pariter</span> <span class='ocrx_word' id='word_1_554' title='bbox 610 2945 706 2982; x_wconf 87' lang='lat' dir='ltr'>atque</span> <span class='ocrx_word' id='word_1_555' title='bbox 721 2941 807 2979; x_wconf 88' lang='lat' dir='ltr'>mali,</span> <span class='ocrx_word' id='word_1_556' title='bbox 821 2941 899 2973; x_wconf 88' lang='lat' dir='ltr'>lucri</span> <span class='ocrx_word' id='word_1_557' title='bbox 915 2941 1026 2984; x_wconf 86' lang='lat' dir='ltr'>cupidi</span> <span class='ocrx_word' id='word_1_558' title='bbox 1039 2943 1169 2974; x_wconf 82' lang='lat' dir='ltr'>essent?</span> <span class='ocrx_word' id='word_1_559' title='bbox 1213 2943 1296 2975; x_wconf 67' lang='lat' dir='ltr'>Hu’.</span> <span class='ocrx_word' id='word_1_560' title='bbox 1319 2943 1464 2974; x_wconf 86' lang='lat' dir='ltr'>Videtur.</span> <span class='ocrx_word' id='word_1_561' title='bbox 1509 2941 1565 2974; x_wconf 86' lang='lat' dir='ltr'>So.</span> <span class='ocrx_word' id='word_1_562' title='bbox 1587 2940 1663 2971; x_wconf 90' lang='lat' dir='ltr'>Non</span> 
     </span>
     <span class='ocr_line' id='line_1_50' title="bbox 200 2991 1636 3041; baseline 0.001 -17"><span class='ocrx_word' id='word_1_563' title='bbox 200 2997 284 3027; x_wconf 77' lang='lat' dir='ltr'>recte</span> <span class='ocrx_word' id='word_1_564' title='bbox 298 2991 391 3034; x_wconf 79' lang='lat' dir='ltr'>igitur</span> <span class='ocrx_word' id='word_1_565' title='bbox 403 2993 592 3036; x_wconf 82' lang='lat' dir='ltr'>vituperabit</span> <span class='ocrx_word' id='word_1_566' title='bbox 607 2995 763 3037; x_wconf 79' lang='lat' dir='ltr'>quispiam</span> <span class='ocrx_word' id='word_1_567' title='bbox 781 2995 859 3029; x_wconf 89' lang='lat' dir='ltr'>lucri</span> <span class='ocrx_word' id='word_1_568' title='bbox 874 2997 1019 3039; x_wconf 88' lang='lat' dir='ltr'>cupidos,</span> <span class='ocrx_word' id='word_1_569' title='bbox 1030 3007 1102 3031; x_wconf 85' lang='lat' dir='ltr'>curn</span> <span class='ocrx_word' id='word_1_570' title='bbox 1118 2997 1185 3040; x_wconf 87' lang='lat' dir='ltr'>ipsc</span> <span class='ocrx_word' id='word_1_571' title='bbox 1199 3007 1324 3040; x_wconf 88' lang='lat' dir='ltr'>quoque</span> <span class='ocrx_word' id='word_1_572' title='bbox 1339 2997 1416 3028; x_wconf 86' lang='lat' dir='ltr'>lucri</span> <span class='ocrx_word' id='word_1_573' title='bbox 1431 2995 1564 3039; x_wconf 83' lang='lat' dir='ltr'>cupidus</span> <span class='ocrx_word' id='word_1_574' title='bbox 1577 2995 1636 3041; x_wconf 76' lang='lat' dir='ltr'>sit.</span> 
     </span>
    </p>
   </div>
  </div>
 </body>
</html>
