1846 3268
204 296 298 347 res]
757 291 1107 331 THEAETETUS.
1584 292 1661 330 257

199 407 326 432 cernere
341 397 459 430 nititur.
500 396 588 429 Tun.
610 394 749 427 Omnino
765 395 903 438 quidem.
949 395 1002 428 So.
1026 394 1079 426 An
1090 393 1271 434 nonstatim
1281 392 1362 425 natis
1377 392 1556 425 hominibus
1571 399 1666 437 atque

200 452 298 485 brutis
312 451 460 484 naturalis
474 451 618 493 quaedam
633 450 764 481 facultas
780 450 880 487 adest,
897 459 960 491 qua
975 449 1136 491 passiones
1159 458 1215 490 per
1236 457 1350 490 eorpus
1371 452 1533 479 manantes
1549 448 1580 479 in
1596 449 1666 480 ani-

199 517 282 538 mam
297 506 457 538 sentiunt?
482 504 678 536 ratiocinatio
695 514 769 535 vero
784 504 1037 546 eomparatioque
1048 504 1174 534 istorum
1186 500 1226 533 ad
1239 502 1406 534 essentiam
1421 502 1666 544 utilitatemque,

202 559 251 592 vix
276 561 403 592 tandem
424 564 497 601 post
521 559 616 600 longa
641 558 794 590 curricula
819 557 980 600 temporis,
994 557 1152 599 frequenti
1173 556 1277 588 studio
1292 561 1325 588 ct
1340 555 1508 598 disciplina
1523 557 1666 594 advenit,

198 614 439 656 quibuscunque
463 613 638 655 competit?
683 612 770 644 Tun.
793 612 844 643 Ita
871 622 1007 654 prorsus.
1052 612 1109 643 So.
1132 610 1218 642 Num
1249 610 1412 642 veritatem
1439 620 1479 642 eo
1505 610 1667 653 percipere

200 677 377 709 possumus,
398 677 463 709 quo
486 665 652 698 essentiam
675 675 740 696 non
763 665 978 706 percipimus?
1023 665 1111 696 Tne.
1144 660 1293 697 MInime.
1339 663 1396 695 So.
1430 663 1531 706 Cujus
1558 669 1665 696 autem

198 720 270 763 quis
284 721 412 753 veritate
427 726 524 757 caret,
538 719 633 762 hujus
646 718 809 751 scientiam
824 719 918 750 uliam
933 719 1052 750 habet?
1095 718 1146 749 Tu
1153 729 1182 749 e.
1205 717 1252 749 At
1265 727 1329 759 quo
1351 723 1446 759 pacto
1460 718 1492 749 id
1508 718 1574 750 fieri
1589 729 1666 761 pos-

198 774 267 806 set?
312 774 368 806 So.
389 774 429 806 In
445 765 645 816 passionibus
655 773 751 815 igitur
766 774 898 805 scientia
912 781 1110 815 nequaquam
1125 771 1229 803 inest:
1252 771 1285 802 in
1296 770 1535 804 ratiocinatione
1547 777 1666 811 tamen,

196 837 270 870 qum
282 828 366 861 circa
392 828 460 860 illas
475 833 623 864 versetur,
645 827 749 860 inesse
765 828 898 859 videtur.
920 827 1086 859 essentiam
1109 826 1229 868 quippe
1245 824 1469 867 veritatemque
1495 826 1555 857 hac
1570 827 1668 858 attin·

198 892 271 923 gere
297 893 476 925 possumus,
490 882 554 914 illis
575 892 648 914 vero
671 892 881 924 nequaquam.
928 880 1015 913 Tne.
1039 881 1182 913 Constat.
1227 879 1284 912 So.
1306 878 1393 910 Num
1417 878 1502 911 idem
1528 880 1607 911 illud
1633 886 1668 912 et

197 935 260 968 hoc
273 946 377 974 voees,
392 947 464 968 curn
491 941 577 968 tanta
600 937 684 968 inter
703 947 737 968 se
760 935 937 968 differentia
963 935 1168 977 discrepent?
1211 933 1301 966 Tan.
1323 933 1421 965 Haud
1437 943 1512 966 sane
1527 934 1668 967 deceret.

194 989 254 1021 So.
277 989 374 1027 Quod
388 990 434 1022 iili
444 1001 558 1022 nomen
573 989 739 1022 attribuis?
763 990 794 1022 ei
809 990 941 1027 scilicet,
957 990 1044 1032 quod
1059 994 1108 1021 est
1123 989 1240 1027 videre,
1251 986 1372 1030 audire,
1384 985 1518 1029 odorari,
1530 994 1668 1032 gustare,

196 1043 347 1084 calefieri,
370 1044 602 1087 frigefierique?
635 1055 710 1076 num
742 1044 880 1076 sentire?
924 1045 1012 1078 Tur„
1045 1043 1201 1086 Idipsurn.
1237 1043 1314 1085 quid
1341 1043 1424 1074 enim
1453 1043 1565 1074 aliud?
1610 1044 1666 1075 So.

198 1095 386 1129 Universum
401 1097 496 1140 igitur
509 1099 570 1130 hoo
584 1109 708 1130 sensum
725 1108 818 1131 vocas
832 1098 844 1130 ?
888 1098 916 1130 T
919 1109 978 1131 nn.
1001 1097 1151 1131 Necesse.
1196 1097 1253 1131 So,
1277 1096 1364 1128 Huic
1379 1097 1517 1128 veritatis
1531 1107 1667 1140 percep-

197 1151 317 1183 tionem
330 1152 498 1184 convenire
520 1153 716 1195 negavimus,
731 1162 802 1185 curn
826 1153 992 1185 essentiam
1018 1162 1083 1184 non
1107 1151 1273 1194 percipiat.
1315 1150 1403 1183 Tne.
1427 1151 1480 1183 Sic
1506 1155 1565 1183 est.
1608 1151 1667 1182 So·

198 1204 313 1248 Neque
326 1206 467 1238 scientiae
482 1206 575 1248 igitur
588 1217 719 1249 compos
733 1207 803 1240 erit.
848 1207 934 1239 Tria.
957 1206 1044 1239 Non.
1065 1206 1124 1238 So.
1148 1206 1196 1237 Ex
1211 1205 1258 1237 his
1278 1205 1430 1247 sequitur,
1447 1216 1466 1236 o
1491 1205 1668 1243 Thcoetete,

197 1259 360 1292 scientiam
377 1264 411 1292 et
433 1271 556 1292 sensum
581 1271 741 1302 nunquam
766 1261 850 1292 idern
865 1261 943 1292 fore.
986 1261 1073 1292 Tne.
1097 1259 1268 1302 Nunquam
1293 1259 1430 1301 penitus.
1474 1259 1535 1291 So.
1555 1259 1595 1290 In
1618 1258 1667 1290 his

198 1313 298 1356 [187]
324 1314 485 1356 perspicue
501 1314 614 1356 patuit,
629 1315 713 1346 aliud
727 1325 865 1354 sensum,
882 1315 968 1346 aliud
980 1314 1141 1347 scientiam
1156 1324 1236 1346 esse.
1260 1323 1365 1345 verum
1381 1324 1444 1344 non
1457 1312 1552 1354 hujus
1566 1312 1667 1355 gratia

195 1367 346 1400 disserere
360 1368 523 1410 coepimus,
538 1373 574 1399 ut
589 1369 665 1410 quid
679 1368 811 1400 scientia
825 1378 889 1399 non
904 1367 956 1405 sit,
971 1367 1065 1399 immo
1090 1368 1165 1410 quid
1190 1368 1242 1405 sit,
1258 1367 1478 1399 inveniremus.
1523 1366 1666 1399 Eatenus

195 1433 269 1456 vero
284 1424 477 1466 disputando
489 1423 706 1465 processimus,
721 1427 758 1454 ut
771 1422 934 1454 scientiam
950 1423 982 1454 in
998 1432 1089 1455 sensu
1105 1422 1194 1454 nullo
1210 1421 1304 1453 modo
1321 1422 1524 1463 quaerendum
1536 1421 1665 1463 judica-

194 1478 341 1515 verimus,
355 1477 410 1509 sed
425 1477 460 1508 in
474 1487 513 1510 eo
534 1476 660 1508 nomine
685 1477 802 1518 potius,
817 1477 904 1518 quod
931 1482 1007 1508 tune
1023 1476 1151 1508 sortitur
1165 1477 1299 1514 animus,
1317 1486 1392 1508 cuin
1405 1476 1473 1517 ipse
1489 1476 1663 1508 secundum

194 1531 331 1573 seipsum
343 1531 426 1562 circa
438 1530 506 1568 ius,
520 1540 591 1572 quae
606 1535 689 1566 sunt,
704 1535 841 1561 versatur
853 1535 886 1561 et
901 1531 977 1571 agit.
1021 1529 1110 1562 Tne.
1134 1528 1234 1572 Atqui
1251 1531 1323 1567 hoc,
1339 1540 1358 1561 o
1373 1530 1530 1572 Socrates,
1543 1534 1580 1561 ut
1594 1530 1663 1572 ipse

194 1584 338 1626 abitror,
353 1584 476 1626 opinari
493 1590 635 1616 vocatur.
680 1584 738 1615 So.
760 1583 864 1616 Recte
885 1583 1050 1622 arbitraris,
1067 1584 1177 1628 amice.
1222 1583 1265 1615 Et
1290 1592 1375 1615 nunc
1397 1584 1536 1625 adverte,
1551 1583 1666 1615 deletis

196 1649 236 1670 ex
258 1639 365 1670 anirno
386 1637 508 1670 cunctis
529 1636 753 1679 supeiioribus‚
778 1637 922 1678 nunquid
950 1636 1051 1679 majus
1076 1637 1258 1679 perspicias,
1285 1641 1451 1679 postquam
1475 1637 1537 1669 huc
1564 1644 1664 1679 usque

195 1699 326 1724 evecuis
345 1702 392 1724 es.
414 1691 531 1734 quidve
552 1691 683 1723 scientia
706 1691 758 1730 sit,
784 1690 896 1722 iterum
921 1691 1056 1733 explica.
1101 1691 1190 1722 Tne.
1214 1690 1408 1733 Opinionem
1432 1691 1617 1733 quamlibet,
1645 1702 1664 1723 0

196 1746 357 1788 Socrates,
371 1745 533 1777 scientiam
548 1745 653 1777 dicere
670 1745 864 1786 impossibile
880 1751 939 1782 est,
949 1754 1020 1776 cum
1035 1750 1069 1776 et
1081 1745 1162 1777 falsa
1175 1745 1321 1787 quoedsm
1336 1745 1444 1787 opinio
1459 1746 1511 1777 sit.
1533 1750 1668 1788 apparet
1701 1744 1709 1750 “

196 1804 301 1831 autem
318 1799 427 1842 opinio
444 1809 515 1830 vern
529 1799 660 1830 scientia
672 1809 754 1836 esse,
768 1799 865 1840 idque
886 1809 904 1830 a
926 1809 978 1830 me
1001 1809 1086 1844 nunc
1111 1807 1296 1840 responsum
1323 1804 1411 1841 puta.
1433 1800 1520 1842 quod
1537 1799 1563 1831 si
1577 1799 1667 1832 aliter

196 1853 389 1896 disputando
402 1853 555 1895 deinceps
570 1852 736 1890 videbitur,
754 1852 874 1895 aliquid
890 1853 977 1885 atiud
994 1852 1103 1885 afferre
1118 1853 1313 1885 conabimur.
1357 1853 1412 1885 So.
1435 1853 1538 1896 Euge,
1551 1853 1666 1885 Theae-

195 1912 273 1940 tete.
293 1908 339 1939 sic
351 1912 496 1949 prompto
508 1906 613 1938 animo
629 1906 789 1948 disputare
801 1907 907 1945 decet,
923 1916 1037 1950 neque,
1053 1913 1089 1939 ut
1114 1917 1263 1949 coeperas,
1280 1907 1484 1950 tergiversari.
1529 1907 1562 1939 Si
1577 1907 1661 1939 enim

193 1962 240 1994 ita
265 1961 439 1998 fecerimus,
454 1961 584 1992 alterum
609 1971 627 1992 e
649 1961 773 1992 duobus
798 1960 963 2003 continget
975 1973 985 1993 :
1010 1966 1066 1993 aut
1081 1962 1167 2004 quod
1184 1960 1368 1993 affectamus
1382 1961 1591 1999 inveniemus,
1607 1965 1662 1992 aut

191 2020 278 2048 certe
291 2015 377 2058 quod
391 2015 581 2056 ignoramus,
602 2014 703 2046 minus
730 2024 790 2046 nos
810 2015 888 2047 scire
903 2016 1093 2056 putabitnus.
1116 2026 1220 2058 neque
1237 2016 1394 2048 mediocre
1408 2015 1527 2047 lucrum
1543 2015 1577 2047 id
1592 2016 1662 2047 erit.

193 2069 239 2101 Et.
250 2079 336 2101 nunc
349 2069 478 2111 quidem
493 2068 571 2111 quid
583 2068 657 2100 ais?
701 2068 770 2107 An,
783 2079 855 2101 cum
870 2069 944 2101 duas
955 2071 1022 2102 sint
1036 2070 1198 2113 opinionis
1210 2070 1344 2112 species,
1354 2079 1425 2102 vera
1440 2080 1503 2102 une
1518 2075 1550 2101 et
1565 2070 1663 2102 altera

193 2122 284 2161 false,
307 2122 490 2165 opinionem
502 2133 604 2154 veram
620 2122 782 2156 scientiam
799 2123 934 2156 definis?
982 2123 1071 2157 Tne.
1094 2124 1234 2156 Definio.
1258 2125 1318 2157 hoc
1333 2124 1416 2157 enim
1434 2125 1509 2156 mihi
1532 2124 1564 2156 in
1581 2134 1661 2167 prae-

192 2178 297 2209 sentia
308 2176 442 2209 videtur.
485 2177 544 2209 So.
564 2176 619 2208 An
644 2178 686 2210 de
712 2178 865 2220 opinione
888 2179 1040 2222 deinceps
1066 2180 1106 2212 ab
1131 2179 1222 2211 initio
1249 2180 1501 2221 pertractandum
1516 2180 1528 2211 ?
1572 2176 1661 2213 Tne.

191 2230 375 2268 Quidnam?
421 2230 478 2263 So.
501 2231 620 2263 Turbat
645 2242 695 2264 rne
714 2242 800 2265 nunc
825 2238 859 2265 et
887 2243 972 2276 saepe
997 2233 1179 2276 alias‚adeo
1206 2233 1291 2265 utin
1306 2232 1512 2275 ambignitate
1526 2233 1660 2275 piurima

190 2285 297 2327 quoad
319 2295 371 2318 rue
383 2284 487 2327 ipsum
512 2289 547 2317 et
568 2287 673 2331 quoad
700 2285 781 2318 elios
791 2294 907 2325 verser,
931 2287 1089 2330 explicare
1113 2296 1177 2319 non
1192 2287 1315 2325 valens,
1329 2296 1473 2328 quaenem
1485 2286 1526 2318 sit
1541 2287 1608 2319 hrec
1624 2286 1659 2318 in

190 2339 284 2370 nobis
310 2338 449 2376 affectio,
464 2349 568 2381 quove
593 2344 687 2382 pacto
716 2340 879 2374 adveniat.
924 2341 1012 2373 Tne.
1036 2342 1191 2380 Quaenam
1217 2340 1299 2373 ista?
1344 2341 1401 2373 So.
1424 2340 1516 2372 Falso
1539 2340 1663 2374 scilieet

189 2392 327 2434 aliquem
337 2393 459 2435 opinari
472 2405 480 2425 :
504 2394 546 2426 de
560 2404 624 2437 qno
639 2403 724 2427 nnnc
737 2395 833 2427 etiam
849 2396 988 2438 ambigo,
1004 2401 1107 2427 utrum
1122 2396 1155 2427 id
1171 2395 1351 2427 omittamus
1368 2399 1430 2427 aut·
1445 2395 1546 2437 aliter,
1559 2404 1655 2438 quam

189 2455 299 2488 supra,
321 2446 567 2480 consideremus.
611 2448 697 2480 Tan.
721 2449 786 2481 Cui>
812 2459 887 2488 nou,
905 2460 923 2481 o
949 2451 1104 2487 Socrates,
1127 2449 1155 2481 si
1180 2460 1244 2492 quo
1270 2449 1364 2480 modo
1383 2449 1494 2480 decere
1522 2449 1663 2480 censes?

190 2499 338 2541 praeclare
350 2501 432 2532 enim
448 2507 483 2533 tu
497 2507 530 2533 et
550 2502 736 2535 Theodorus
750 2504 782 2534 in
799 2502 1012 2546 superioribus
1027 2504 1067 2536 de
1082 2503 1147 2535 orio
1163 2503 1328 2544 dicebatis,
1341 2504 1427 2546 quod
1443 2503 1520 2534 nihil
1536 2504 1568 2534 in
1585 2502 1657 2534 tali-

189 2554 249 2585 bus
264 2559 382 2596 urgeat·
424 2554 482 2587 So.
503 2555 695 2599 Opportune
710 2558 913 2590 admonuisti.
937 2558 1017 2589 forte
1033 2558 1115 2590 enim
1130 2557 1215 2590 haud
1231 2558 1270 2589 ab
1285 2568 1316 2589 re
1332 2558 1401 2595 erit,
1425 2562 1573 2598 tanquam
1586 2566 1657 2588 ves·

188 2608 298 2651 tigium
313 2608 425 2640 iterato
437 2619 622 2650 percurrere.
643 2617 771 2653 111·aeth
790 2622 927 2655 namque
942 2622 1050 2655 parum
1066 2612 1148 2644 bene
1162 2621 1256 2655 quam
1271 2613 1403 2644 multum
1418 2622 1482 2643 non
1497 2611 1657 2643 sufficien-

190 2667 238 2693 ter
263 2663 481 2694 determinare.
524 2663 611 2696 Tua.
637 2665 770 2697 Pmtat
790 2676 882 2698 sme-
929 2667 986 2699 So.
1008 2667 1179 2704 Quomodo
1206 2666 1302 2708 igitur
1330 2671 1364 2698 et
1389 2666 1466 2709 quid
1496 2666 1628 2697 dicimus
1643 2665 1656 2696 ?

187 2715 311 2747 Passum
326 2717 512 2758 plerumque
524 2718 706 2759 opinionem
721 2730 790 2752 esse
803 2721 950 2759 dicimus,
966 2726 998 2753 et
1013 2721 1151 2763 aliquem
1167 2726 1304 2752 nostrum
1316 2720 1394 2752 feisa
1408 2721 1541 2762 opinari,
1556 2719 1654 2750 alium

187 2779 271 2807 vern,
297 2769 388 2811 qnasi
411 2771 480 2802 baee
503 2781 541 2802 ex
568 2777 678 2804 namn
702 2774 747 2805 ita
772 2784 806 2806 se
821 2775 982 2807 habeant?
1024 2775 1111 2806 Tm.
1134 2774 1278 2806 Dicimus
1301 2773 1421 2817 absque
1442 2774 1552 2806 dubio.
1598 2773 1656 2813 So,

188 2822 309 2855 Nonne
323 2825 384 2856 hoc
399 2825 490 2856 nobis
506 2830 568 2856 tam
584 2826 669 2858 circa
681 2829 787 2860 omnia
811 2829 910 2871 [188]
933 2837 1030 2871 quam
1044 2829 1127 2861 circa
1140 2829 1263 2871 singula
1277 2829 1439 2871 competit,
1453 2838 1545 2859 nosse
1561 2828 1650 2859 vide-

183 2876 263 2909 licet
277 2877 324 2908 vel
336 2877 504 2919 ignorare?
526 2887 599 2910 nam
610 2879 731 2912 discere
746 2886 778 2912 et
791 2881 946 2920 ohiivisci,
963 2887 1073 2924 utpote
1088 2883 1215 2914 istorum
1231 2882 1346 2921 medie,
1363 2882 1560 2924 inpraesentia
1574 2882 1646 2912 sub-

183 2931 283 2969 fusco«,
296 2941 369 2963 cum
383 2932 461 2963 uiuit
482 2934 523 2964 ad
544 2934 739 2976 propositum
755 2936 844 2967 nobis
859 2936 1032 2969 conserant.
1077 2937 1164 2969 'rum
1186 2937 1276 2968 Nihil
1298 2946 1432 2980 prorsus»,
1449 2947 1468 2967 o
1493 2937 1647 2972 Socrates,

183 2984 272 3016 aliod
279 2990 398 3071 ngter
413 2996 504 3019 nosse
519 2988 566 3020 vei
576 2988 720 3030 ignorare
735 2988 818 3023 cirea
831 2992 1080 3034 unumquodque
1094 2991 1290 3035 relinquitur.
1335 2991 1391 3023 So.
1415 2989 1531 3021 Nonne
1555 2988 1665 3030 igitur.

346 3043 371 3072 t.
391 3041 444 3072 Tr.
900 3046 927 3078 Ι,
1490 3046 1511 3073 2
1535 3042 1566 3073 Κ
