1846 3268
214 270 292 309 sss
829 268 1099 310 PLATole
1586 275 1684 327 [294

213 370 360 410 dicimus,
375 380 479 414 neque
503 371 645 414 legitime
660 381 764 414 neque
779 381 852 404 vere
864 372 929 405 dici
942 373 1129 415 putandum.
1174 372 1238 405 Sed
1254 383 1318 411 eas,
1336 383 1407 416 quae
1418 375 1499 408 hanc
1511 374 1686 420 imitantur,

213 425 349 458 libenter
374 426 550 464 laudamus,
575 425 665 468 quasi
690 425 783 458 facile
807 426 847 458 ad
873 426 1002 458 meliora
1025 427 1212 459 tendentes:
1237 427 1315 459 alias
1338 433 1447 460 contra
1461 429 1686 472 vituperamus,

215 481 365 523 tanquam
381 476 558 512 imitatione
584 479 734 511 malorum
751 480 791 511 ad
807 480 962 512 deteriora
977 480 1141 523 proclives.
1183 482 1237 513 So.
1262 482 1376 514 Cetera
1390 483 1531 525 quidem,
1548 483 1688 527 Hospes,

214 535 314 576 probe
339 533 425 566 dicta
441 534 607 566 videntur:
631 535 716 576 quod
733 544 804 566 vero
825 535 945 566 dictum
970 540 1031 576 est,
1055 535 1312 578 gubernationem
1334 537 1401 569 sine
1425 536 1548 580 legibus
1564 544 1685 571 'rectam

214 597 284 620 esse
298 597 404 630 posse,
415 588 500 619 haud
517 588 610 620 facile
625 588 748 621 admitti
764 593 880 632 potest.
925 589 1035 621 noar.
1059 589 1162 621 Paulo
1178 600 1226 621 me
1242 589 1476 633 interrogando,
1492 603 1512 624 o
1527 593 1686 636 Socrates,

213 641 407 684 praevenisti.
429 651 501 673 nam
528 646 562 674 te
585 643 761 685 percontari
783 643 994 681 decreveram,
1019 643 1117 686 [294]
1142 647 1244 675 utrum
1269 645 1338 677 haec
1350 645 1497 677 admittas
1511 647 1628 685 omnia,
1644 658 1685 679 an

214 694 385 737 quicquam
400 705 511 728 renuas
525 708 534 727 :
558 707 643 728 nunc
658 701 763 729 autem
778 701 914 735 constat,
929 707 987 728 nos
1002 697 1084 729 velle
1100 697 1140 729 de
1155 697 1206 735 iis,
1223 698 1279 740 qui
1293 703 1378 730 recte
1389 699 1455 731 sine
1469 700 1592 742 legibus
1607 711 1686 743 prae-

213 753 300 787 sunt,
314 749 473 781 disserere.
516 749 572 782 So.
595 750 710 783 Procul
735 751 844 783 dubio.
891 750 995 783 Hosn.
1018 751 1116 783 Patet
1138 756 1241 783 autem
1258 752 1504 793 quodammodo,
1520 754 1622 796 legum
1639 755 1686 787 la-

213 804 331 835 tionem
346 802 386 834 ad
401 802 586 845 dignitatem
603 804 718 846 regiam
734 805 909 846 pertinere:
933 805 1086 847 optimum
1102 815 1174 836 vero
1189 810 1248 846 est,
1262 809 1327 836 non
1343 806 1427 849 leges
1437 807 1564 849 quidem
1579 813 1686 840 tenere

213 862 310 900 atque
331 857 464 898 firmare,
478 857 534 888 sed
548 857 707 889 hominem
723 868 793 890 cum
809 857 979 900 prudentia
1003 858 1134 900 regium.
1158 859 1302 901 nunquid
1318 859 1411 901 hujus
1426 861 1578 893 rationem
1592 862 1687 894 intel-

211 911 306 954 ligis?
351 910 409 942 So.
431 910 579 943 Declara.
624 911 732 946 HosP.
756 912 916 950 Quoniam
931 912 981 944 lex
996 913 1110 954 nequit
1123 913 1209 955 quod
1225 914 1378 955 optimum
1394 914 1538 947 omnibus
1563 922 1598 947 et
1619 916 1688 959 jus-

213 965 366 997 tissimum
382 969 442 1002 est,
455 964 545 996 simul
562 970 595 997 et
609 965 730 998 sincere
744 966 1014 1008 comprehendens
1028 976 1163 1008 semper,
1180 971 1215 997 ut
1231 977 1336 1007 operae
1351 967 1485 1009 pretium
1500 973 1561 1011 est,
1576 971 1687 1012 praeci.

211 1028 308 1062 pere:
333 1019 493 1051 homiuum
508 1029 584 1051 sane
599 1019 822 1062 actionumque
834 1020 1104 1052 dissimilitudines
1114 1025 1147 1052 et
1156 1020 1312 1052 instabilis
1325 1021 1471 1063 variaque
1483 1022 1686 1056 humanarum

213 1083 315 1105 rerum
330 1072 472 1105 conditio
486 1073 620 1116 faciunt,
635 1078 671 1105 ut
684 1084 732 1106 ars
747 1074 835 1105 nulla
849 1075 949 1117 possit
964 1074 1094 1117 simplex
1111 1075 1232 1116 aliquid
1250 1079 1283 1106 et
1303 1075 1479 1107 universale
1503 1077 1544 1108 de
1567 1079 1689 1111 cunctis

212 1137 270 1169 per
284 1136 379 1159 omne
394 1132 518 1170 tempus
530 1128 708 1160 decernere.
753 1128 967 1161 concedimus
982 1129 1068 1160 ista?
1113 1129 1171 1161 So.
1195 1128 1307 1161 Plane.
1350 1128 1461 1163 How.
1483 1129 1601 1173 Legem
1613 1142 1687 1164 vero

213 1181 368 1213 cemimus
383 1182 423 1213 ad
439 1183 500 1214 hoc
513 1182 616 1224 ipsum
633 1183 706 1226 niti,
721 1183 811 1225 quasi
826 1182 983 1218 hominem
1000 1182 1158 1225 quendam
1174 1182 1366 1225 pertinacem
1382 1189 1415 1215 et
1428 1184 1618 1226 imperitum,
1632 1187 1689 1228 qui

214 1234 294 1267 nibil
311 1235 362 1278 agi
377 1241 490 1279 praeter
503 1237 574 1279 ejus
590 1238 732 1270 instituta
747 1238 924 1279 permittat:
949 1248 1052 1280 neque
1068 1238 1251 1280 interrogari
1265 1238 1372 1275 etiam,
1388 1238 1414 1269 si
1429 1239 1507 1281 quid
1522 1239 1596 1271 novi
1609 1250 1689 1282 prae·

214 1294 261 1321 ter
286 1290 370 1322 illius
393 1291 534 1323 ordinem
558 1292 663 1334 potius
688 1291 861 1334 meliusque
887 1290 982 1324 alicui
1007 1290 1058 1325 sit.
1104 1291 1164 1324 So.
1187 1291 1273 1324 Vera
1297 1291 1445 1334 loqueris.
1464 1292 1514 1328 ,ita
1534 1293 1631 1336 enim,
1652 1299 1694 1326 ut>

214 1343 356 1386 dicebas,
371 1344 422 1377 lex
436 1344 579 1378 homines
593 1346 690 1388 cogit.
736 1345 845 1379 Hosp.
870 1345 950 1378 Fieri
966 1355 1032 1378 non
1047 1351 1166 1389 potest,
1182 1351 1217 1377 ut
1230 1350 1334 1378 certus
1347 1346 1475 1388 quidam
1499 1352 1533 1380 et
1553 1347 1690 1390 simplex

215 1397 293 1430 ordo
308 1398 349 1430 sit
364 1399 464 1430 bonus
480 1399 565 1432 circa
577 1399 644 1439 illa,
658 1411 729 1443 quae
744 1401 830 1432 varia
843 1410 966 1443 semper
979 1406 1053 1432 sunt
1068 1405 1102 1434 et
1113 1399 1268 1442 simplicia
1278 1411 1450 1442 nunquam.
1493 1401 1550 1434 So.
1574 1401 1689 1444 Appa-

217 1456 276 1484 ret.
321 1451 430 1486 Hosr.
453 1453 653 1486 Invenienda
674 1455 772 1496 igitur
797 1464 893 1486 causa
917 1459 976 1492 est,
993 1455 1034 1486 ob
1049 1464 1143 1496 quam
1159 1454 1303 1485 conditio
1320 1454 1423 1496 legum
1439 1452 1615 1501 necessaria
1628 1461 1688 1494 est,

215 1511 385 1549 postquam
409 1507 458 1539 lex
481 1518 547 1539 non
567 1514 615 1540 est
629 1509 730 1550 ipsum
747 1509 833 1550 quod
850 1508 1003 1550 optimum
1017 1513 1113 1550 atque
1123 1508 1341 1540 rectissimum.
1386 1509 1442 1540 So.
1465 1509 1526 1541 Cui
1537 1509 1691 1542 dubium?

215 1559 326 1593 HosP.
348 1560 467 1593 Nonne
481 1563 568 1604 apud
584 1573 643 1594 nos
666 1568 702 1593 ut
726 1562 811 1603 apud
837 1562 915 1592 alios
939 1566 1013 1592 sunt
1034 1561 1178 1602 quiedam
1205 1566 1387 1592 cunctorum
1411 1562 1502 1593 simul
1527 1563 1689 1595 hominurn

214 1625 396 1647 communes
409 1615 659 1653 exercitationes,
674 1615 738 1647 sive
754 1615 794 1646 ad
809 1624 931 1646 cursum
949 1625 1003 1645 seu
1020 1614 1061 1645 ad
1077 1614 1211 1656 quodvis
1235 1614 1321 1645 aliud
1347 1615 1548 1647 concertandi
1564 1617 1663 1658 gratia
1677 1617 1689 1649 ?

213 1668 270 1702 So.
294 1668 475 1702 Permultae.
519 1669 627 1701 Hosn.
649 1668 847 1706 Referamus,
864 1668 891 1700 si
913 1668 1031 1709 placet,
1046 1672 1208 1710 praecepta
1233 1668 1370 1705 illorum,
1386 1669 1441 1711 qui
1465 1674 1530 1701 arte
1552 1671 1691 1712 quadum

216 1723 388 1765 gymnasiis
404 1728 554 1766 praesunt.
599 1723 655 1755 So.
679 1722 857 1761 Quaenam?
897 1721 1006 1753 HosP.
1027 1720 1227 1753 Arbitrantur
1235 1721 1282 1753 illi
1293 1722 1420 1764 quidem
1430 1723 1496 1754 fieri
1508 1733 1573 1755 non
1585 1734 1689 1766 posse,

217 1781 255 1808 ut
270 1777 430 1820 sigillatim
445 1778 628 1820 unicuique,
644 1778 731 1820 quod
746 1777 808 1820 ipsi
822 1787 958 1808 seorsum
981 1776 1021 1807 ab
1036 1775 1105 1807 aliis
1119 1775 1312 1808 conveniens
1327 1782 1386 1814 est,
1403 1777 1612 1820 precipiatur.
1633 1789 1688 1810 ve-

215 1840 284 1862 tum
300 1833 496 1864 communius
520 1832 749 1863 instituendum
776 1837 917 1869 censent,
934 1831 1020 1873 quod
1045 1835 1078 1862 et
1104 1830 1247 1873 plurimis
1274 1835 1307 1862 et
1328 1830 1498 1872 plurimum
1513 1833 1690 1865 conducere

214 1884 368 1918 videatur.
413 1887 470 1919 So.
493 1886 657 1919 Praeclare.
702 1886 811 1918 Hosp.
833 1886 1059 1923 Quamobrem,
1085 1885 1160 1917 dum
1184 1895 1291 1927 aequos
1315 1883 1436 1917 labores
1459 1896 1544 1919 nunc
1566 1887 1692 1919 cunctis

215 1948 281 1971 una
294 1940 447 1978 tribuunt,
463 1941 652 1983 paribusque
675 1951 730 1972 eos
754 1939 1029 1972 exercitationibus
1051 1940 1184 1981 agitant,
1201 1940 1316 1981 partim
1343 1939 1532 1972 concitatius
1556 1940 1692 1980 irritant,

215 1993 329 2034 partim
342 1999 504 2034 enervant,
520 1999 553 2026 et
566 1995 676 2037 inepta
690 1995 730 2026 ad
747 2004 870 2026 cursum
886 1994 1126 2036 palaestramque
1149 1999 1182 2025 et
1203 1993 1265 2025 alia
1289 1994 1460 2026 certamina
1473 2004 1604 2037 corpora
1617 1997 1690 2028 red-

215 2047 309 2081 dunt.
354 2049 410 2080 So.
432 2048 484 2080 Sic
499 2049 626 2082 accidit.
672 2048 783 2082 Hosrn
807 2049 929 2091 Legum
945 2059 1071 2091 quoque
1087 2048 1287 2080 conditorem
1302 2053 1449 2090 putemus
1465 2048 1529 2080 suis
1543 2049 1691 2092 gregibus

215 2101 449 2143 praesidentem,
464 2103 568 2145 deque
579 2102 673 2146 justis
687 2104 833 2146 operibus
858 2103 1015 2134 mutuisve
1040 2102 1236 2135 commerciis
1259 2102 1355 2144 [295]
1373 2101 1447 2144 jura
1468 2102 1610 2145 dantem,
1624 2114 1690 2136 non

216 2165 323 2198 posse,
337 2156 412 2187 dum
427 2157 549 2189 cunctis
575 2167 639 2189 una
659 2157 809 2194 consulit,
825 2158 866 2189 ad
888 2156 1081 2199 singulorum
1111 2156 1366 2188 commoditatem
1385 2156 1478 2197 jusve
1501 2157 1690 2199 prospicere.

215 2209 272 2242 So.
294 2210 548 2243 Consentaneum
564 2217 622 2244 est.
666 2211 776 2245 Hosr.
800 2211 959 2255 Ceterum,
971 2216 1007 2243 ut
1020 2211 1161 2250 arbitror,
1175 2211 1262 2254 quod
1279 2215 1311 2242 et
1325 2209 1467 2253 plurimis
1477 2216 1513 2243 et*
1523 2211 1689 2253 plurimum

217 2264 380 2303 conducit,
394 2265 603 2298 communiter
624 2265 781 2304 instituet,
797 2271 831 2298 et
855 2266 1038 2308 hujusmodi
1062 2266 1153 2308 leges
1176 2265 1306 2307 scriptas
1331 2266 1499 2308 relinquet,
1513 2271 1546 2298 et
1573 2266 1691 2308 patrios

217 2318 312 2350 etiam
328 2329 392 2350 non
407 2319 539 2362 scriptos
554 2320 694 2351 similiter
708 2331 808 2352 mores
822 2321 964 2353 inducet.
1009 2321 1067 2354 So.
1089 2319 1204 2354 Recte.
1250 2320 1360 2354 HosP.
1385 2320 1490 2352 Recte
1504 2320 1688 2352 admodum.

218 2372 335 2403 etenim
351 2383 414 2415 quo
426 2380 521 2416 pacto
537 2375 606 2416 quis
622 2375 722 2418 possit
734 2386 792 2417 per
804 2386 928 2407 omnem
944 2375 1039 2406 vitam
1052 2375 1091 2406 ad
1117 2374 1256 2417 singulos
1280 2374 1531 2416 circumspicere,
1547 2374 1690 2406 sedulus-

219 2436 281 2467 que
307 2427 443 2460 assidere
466 2429 592 2472 cuique,
607 2434 641 2462 et
666 2429 820 2472 cujusque
845 2430 1063 2462 commoditati
1089 2428 1278 2461 consulere?
1301 2439 1373 2459 nam
1389 2428 1415 2460 si
1429 2428 1500 2470 quis
1521 2427 1693 2470 disciplina

218 2480 303 2522 regia
319 2482 468 2522 praeditus
482 2484 542 2515 hoc
558 2484 679 2517 efficere
692 2489 812 2526 posset,
827 2494 989 2527 nunquam
1004 2484 1235 2526 impedimenta
1257 2483 1326 2520 ista,
1342 2493 1413 2525 quae
1428 2483 1513 2525 leges
1527 2481 1698 2525 appellan-

221 2538 282 2577 tur,
310 2535 371 2567 sibi
394 2538 618 2578 praescriberet.
664 2538 720 2571 So.
746 2538 797 2569 Ita
819 2549 857 2570 ex
879 2538 940 2576 his,
969 2548 1040 2580 quae
1063 2542 1136 2569 sunt
1153 2537 1252 2580 dicta,
1275 2537 1411 2569 videtur.
1457 2536 1567 2570 Hosr.
1589 2535 1692 2568 Immo

220 2589 331 2631 magis,
355 2600 375 2620 o
390 2591 547 2634 Socrates,
562 2603 600 2624 ex
616 2592 665 2624 his
680 2603 751 2634 quae
767 2592 922 2624 dicentur.
967 2591 1020 2623 So.
1043 2591 1192 2630 Quibus?
1238 2590 1346 2623 Ηοεν.
1368 2591 1467 2622 Hisce
1481 2590 1620 2632 inquam.
1657 2589 1692 2621 Si

220 2643 362 2677 medicus
377 2644 504 2686 quidam
521 2651 576 2678 aut
599 2646 828 2690 gymnasticus,
843 2646 1030 2678 imminente
1052 2646 1147 2688 longa
1169 2645 1431 2688 peregrinatione,
1446 2645 1556 2688 procul
1578 2645 1619 2676 ab
1642 2643 1693 2682 iis,

220 2706 301 2738 quos
315 2703 415 2736 curat,
431 2699 608 2732 abfuturum
624 2701 679 2732 diu
693 2711 727 2733 se
745 2706 846 2743 putet,
863 2700 1049 2743 diffidatque
1064 2701 1188 2732 illorum
1213 2700 1381 2738 memoriae,
1398 2699 1590 2731 monimenta
1603 2708 1694 2740 qum-

221 2750 294 2783 dam
310 2752 501 2794 agendorum
517 2755 712 2787 conscribere
727 2755 788 2787 illis
803 2755 900 2793 volet,
917 2755 1042 2787 necne?
1087 2755 1144 2786 So.
1167 2754 1264 2786 Volet
1291 2754 1412 2796 utique.
1457 2751 1566 2784 Hosr.
1589 2752 1690 2790 Quid,

222 2803 249 2835 si
264 2809 377 2847 praeter
391 2806 573 2848 opinionem
590 2809 691 2847 ocius,
707 2819 800 2852 quam
824 2814 1002 2852 putaverat,
1017 2813 1197 2846 revertatur,
1212 2807 1408 2840 verebiturne
1428 2807 1490 2838 alia
1502 2806 1565 2838 illis
1578 2805 1691 2848 preci·

222 2868 298 2901 pere
320 2866 431 2902 praeter
451 2871 502 2902 ea,
529 2872 600 2904 quae
625 2863 785 2905 quondam
809 2863 996 2906 scripserat:
1022 2863 1048 2894 si
1073 2873 1136 2906 qua
1158 2862 1282 2905 potiora
1303 2860 1527 2903 aegrotantibus
1550 2859 1694 2892 adhiberi

225 2914 358 2956 possint,
374 2914 416 2946 ob
441 2920 615 2958 temporum
642 2918 946 2964 mutationes-,uentis
966 2923 1022 2950 aut
1039 2918 1101 2950 alio
1126 2917 1275 2960 quopiam
1290 2921 1401 2959 praeter
1415 2925 1502 2957 spem
1515 2918 1547 2946 et
1561 2923 1696 2946 eonsue-

223 2968 364 3001 tudiuem
380 2970 599 3013 contingentes
614 2972 624 3004 ?
648 2973 915 3015 perseverabitne,
930 2973 1070 3016 inquam,
1087 2973 1119 3005 in
1134 2971 1226 3015 priori
1242 2970 1414 3015 proposito,
1430 2980 1533 3014 neque
1546 2967 1692 3012 pristinas
