1846 3268
159 281 259 335 320]
797 275 986 320 Minos,
1551 284 1625 322 177

153 388 224 431 ejus
245 388 405 432 Olympus
430 364 610 428 Phrygius?
647 383 739 417 Mn«.
764 384 850 416 Vera
877 384 1027 427 loqueris.
1070 383 1127 417 So.
1150 382 1271 416 Horum
1299 387 1375 416 sane
1396 385 1543 418 tibicines
1558 387 1633 430 har-⁸

155 442 269 474 moniae
284 440 485 477 divinissimas
509 446 593 476 sunt,
620 443 653 470 et
679 437 754 469 solae
779 438 941 470 concitant
964 438 1152 470 audientes:
1177 439 1232 480 qui
1259 439 1455 481 potissimum
1472 441 1532 472 diis
1548 441 1630 472 indi-

155 501 261 539 geant,
277 495 470 534 ostendunt;
493 504 530 525 ac
546 493 620 524 solae
636 493 667 523 in
684 493 767 524 hune
784 503 883 535 usque
908 493 992 523 diem
1017 498 1127 534 utpote
1153 493 1270 524 divinae
1297 494 1486 526 restiterunt.
1534 495 1628 527 Min.

157 550 240 582 Vera
255 551 322 581 haee
339 554 421 580 suut.
464 548 519 579 So.
543 547 623 585 Quis
646 553 751 578 autem
765 558 802 578 ex
816 547 953 589 antiquis
969 547 1094 589 regibus
1118 547 1196 589 legis
1210 548 1358 579 conditor
1372 548 1513 590 optimus
1531 549 1628 579 fuisse

155 604 262 642 fertur,
278 603 369 645 cujus
395 604 511 639 adhuc,
534 608 683 644 tanquam
709 602 838 639 divinae,
865 602 1078 633 institutiones
1104 603 1249 633 exstent?
1295 602 1387 635 Min.
1413 603 1626 644 Nequaquam

157 664 263 690 teneo.
306 659 363 690 So.
399 658 451 689 An
477 658 591 694 nescis,
627 667 698 698 quae
725 657 906 689 Graecorum
932 662 1041 698 gentes
1070 657 1294 698 antIquissimis
1323 657 1444 699 legibus
1474 662 1602 688 utantur
1617 657 1628 685 ?

153 713 247 746 Mm.
270 712 361 744 Forte
377 712 648 749 Lacedaemonios,
662 717 695 743 et
711 711 892 754 Lycurgum
916 711 1228 742 Lacedaemoniorum
1253 711 1357 753 legum
1374 713 1517 749 latorem,
1533 711 1626 743 dicis.

154 767 211 799 So.
233 766 278 798 At
292 767 359 798 haec
373 766 519 798 instituta
533 767 673 797 nondum
689 766 770 797 forte
786 771 941 797 trecentos
956 776 1069 805 anuos,
1094 765 1142 796 vel
1159 765 1254 806 paulo
1270 766 1387 807 plures,
1403 767 1626 808 impleverunt.

154 832 215 854 nec
230 833 307 863 non,
323 833 394 863 quae
411 833 448 853 ex
463 821 525 853 illis
541 822 662 863 potiora
677 825 764 862 suut,
780 821 863 852 uude
880 821 1068 859 habueruut,
1080 820 1186 851 nosti?
1231 819 1323 852 er.
1349 820 1395 850 Ex
1410 821 1503 852 Creta
1513 821 1631 853 serunt.

156 876 212 910 80.
233 876 292 908 Isti
314 877 423 918 itaque
448 887 486 907 ex
513 875 632 907 Graecis
655 876 801 907 omnibus
826 874 1051 917 antiquissimis
1076 874 1199 916 legibus
1215 874 1336 906 vivunt.
1382 875 1473 907 Min.
1498 875 1629 908 Verum.

154 931 212 964 So.
235 931 317 968 scis,
342 931 395 973 qui
413 932 498 973 apud
515 941 568 962 eos
585 929 831 972 praestantissimi
848 940 936 971 reges
951 929 1128 961 exstiterint
1142 929 1152 959 ?
1199 926 1311 960 Minos
1327 928 1476 961 videlicet
1492 935 1525 961 et
1539 929 1628 962 Rha-

155 986 358 1026 damanthus,
374 985 463 1018 Jovis
478 990 512 1017 et
526 984 662 1027 Europae
686 984 755 1026 filii,
779 995 910 1026 quorum
935 985 983 1015 hae
999 984 1084 1025 leges
1100 988 1183 1016 sunt.
1229 984 1320 1015 Min.
1345 983 1628 1015 Rhadamanthum

155 1041 295 1083 quidem.
312 1050 332 1072 o
347 1041 502 1078 Socrates,
515 1039 634 1082 justum
651 1039 748 1070 virum
765 1039 861 1071 fuisse
878 1040 1025 1070 tradunt:
1051 1038 1198 1070 Minoem
1215 1044 1319 1070 autem
1335 1044 1501 1081 agrestem,
1517 1040 1630 1071 durum

157 1101 252 1137 atque
266 1094 429 1136 injustum.
472 1094 529 1127 So.
553 1093 707 1131 Atticam,
722 1105 741 1124 o
759 1094 804 1124 vir
827 1093 959 1135 optime,
985 1103 1022 1124 ac
1046 1093 1193 1134 tragicam
1220 1093 1358 1129 fabulam
1386 1093 1491 1126 refers.
1536 1094 1628 1125 Mm.

157 1148 275 1181 Nonne
289 1149 357 1180 haec
373 1149 414 1180 de
438 1148 552 1180 Minoe
579 1148 862 1180 circumferuntur?
907 1148 963 1179 So.
987 1147 1063 1179 Non
1079 1153 1183 1179 tamen
1205 1147 1361 1179 Homerus
1389 1154 1444 1179 aut
1470 1148 1630 1180 Hesiodus

154 1202 215 1234 ista
228 1207 401 1234 testantur:
425 1214 603 1246 quanquam
620 1203 843 1244 locupletiores
857 1203 1027 1234 admodum
1045 1207 1140 1234 testes
1161 1207 1244 1238 sunt,
1272 1212 1366 1244 quam
1383 1204 1491 1234 cuncti
1507 1203 1630 1246 tragici,

156 1267 288 1298 quorum
304 1257 483 1288 testimonio
505 1257 580 1288 talia
607 1257 752 1299 loqueris.
798 1257 889 1288 Mn«.
912 1256 955 1287 Et
978 1257 1055 1298 quid
1083 1256 1136 1287 isti
1161 1256 1202 1287 de
1228 1256 1343 1289 Minoe
1373 1258 1523 1289 tradunt?
1570 1258 1628 1290 So.

155 1310 270 1342 Dicam
283 1323 292 1341 ε
316 1322 355 1342 ne
365 1316 411 1350 tu,
427 1316 461 1342 ut
476 1311 530 1343 alii
547 1311 649 1348 multi,
668 1311 798 1353 profana
812 1311 958 1353 loqueris.
981 1311 1060 1342 nihil
1077 1311 1161 1342 enim
1176 1311 1236 1343 hoc
1251 1311 1412 1353 profanius
1424 1317 1488 1345 est.
1512 1314 1629 1344 etenim

156 1365 257 1407 primo
272 1366 447 1398 cavendum
464 1371 523 1403 est,
539 1377 579 1397 ne
595 1365 671 1408 quid
686 1366 721 1397 in
748 1366 856 1402 deum,
875 1370 931 1396 aut
946 1365 1040 1396 verbo
1055 1369 1111 1396 aut
1125 1376 1232 1408 opere,
1248 1365 1420 1408 aliquando
1438 1377 1607 1409 peccemus
1623 1381 1630 1399 :

153 1419 284 1461 deinde,
298 1430 338 1451 ne
353 1420 430 1462 quid
446 1421 595 1451 adversus
610 1419 736 1451 divinos
760 1420 916 1451 homines.
938 1420 1016 1462 quin
1042 1419 1212 1462 diligenter
1234 1431 1345 1452 cavere
1360 1421 1466 1458 decet,
1482 1422 1630 1463 quotiens

153 1473 252 1504 virum
267 1474 403 1516 aliquem
419 1475 601 1506 laudaturus
615 1480 670 1505 aut
683 1475 916 1516 vituperaturus
928 1485 974 1512 es,
999 1474 1099 1516 [319]
1122 1485 1163 1506 ne
1179 1475 1312 1507 aberres.
1335 1480 1432 1518 atque
1448 1476 1542 1518 hujus
1557 1487 1626 1518 gra-

150 1527 194 1558 tia
205 1528 348 1570 inprimis
360 1529 532 1561 curandum
550 1534 610 1567 est,
626 1535 660 1560 ut
674 1530 773 1561 bonos
787 1540 824 1561 ac
841 1529 939 1560 malos
954 1529 1096 1560 homines
1112 1529 1345 1571 dignoscamus.
1390 1530 1481 1563 Deus
1505 1532 1628 1574 quippe

153 1581 283 1614 nimium
299 1582 494 1625 indignatur,
509 1585 656 1626 quotiens
677 1583 835 1627 quispiam
852 1583 936 1614 illius
951 1583 1084 1614 similem
1100 1583 1270 1625 improbat,
1286 1590 1342 1615 aut
1356 1585 1470 1626 probat
1489 1585 1625 1617 dissimi-

153 1635 228 1669 lem.
274 1637 342 1669 Dei
356 1648 428 1669 vero
445 1638 553 1669 similis
566 1643 613 1670 est
628 1639 673 1670 vir
695 1639 808 1670 bonus.
853 1637 969 1680 Neque
992 1637 1116 1680 lapides
1138 1648 1175 1669 ac
1191 1638 1288 1680 ligna,
1304 1649 1440 1680 avesque
1455 1644 1550 1681 atque
1566 1651 1629 1671 ser-

155 1695 280 1733 pentes,
295 1702 383 1723 sacra
408 1692 589 1726 existimes:
612 1693 754 1723 homines
771 1700 842 1723 vero
863 1702 1074 1734 nequaquam.
1097 1692 1191 1723 immo
1218 1693 1461 1724 sacratissimum
1491 1695 1630 1726 omnium

155 1749 204 1776 est
229 1745 275 1776 vir
298 1746 420 1777 bonus:
444 1746 695 1788 profanissimum
720 1750 830 1777 contra
852 1745 899 1777 vir
924 1745 1036 1778 malus.
1082 1746 1124 1777 Et
1150 1757 1234 1778 nunc
1254 1746 1334 1788 jam,
1362 1749 1627 1789 quemadmodum

153 1799 310 1831 Homerus
326 1801 552 1843 Hesiodusque
568 1800 714 1832 Minoem
730 1801 833 1842 ipsum
853 1801 1019 1838 extollunt,
1036 1801 1095 1832 hac
1118 1802 1159 1832 de
1173 1812 1269 1833 causa
1283 1802 1425 1839 referam,
1439 1813 1479 1835 ne
1495 1803 1629 1845 amplius

154 1854 248 1885 homo
264 1855 332 1897 ipse
356 1867 394 1887 ex
421 1855 548 1886 homine
574 1860 679 1892 natus,
704 1856 851 1886 adversus
877 1856 972 1887 heroa
997 1855 1086 1888 Jovis
1113 1856 1212 1887 filium
1241 1867 1404 1898 perperam
1433 1857 1625 1900 obloquaris.

154 1907 238 1940 Nam
255 1909 424 1950 Homerus,
437 1909 492 1941 ubi
506 1910 546 1941 de
561 1909 655 1942 creta
670 1910 862 1941 mentionem
877 1909 1005 1947 faceret,
1021 1910 1107 1952 quod
1124 1916 1206 1942 esset
1221 1911 1391 1942 admodum
1405 1912 1577 1954 populosa,
1593 1919 1627 1944 et

151 1963 186 1994 in
201 1972 239 1994 ea
252 1964 425 2005 nonaginta
439 1964 543 2006 urbes,
559 1965 652 1997 Inter
665 1964 750 2002 illas,
773 1965 889 2007 inquit,
916 1968 963 1997 est
983 1965 1109 1997 Gnosos
1125 1966 1229 2008 ampla
1244 1966 1372 2004 civitas,
1387 1966 1423 1998 in
1438 1977 1501 2009 qua
1517 1967 1628 2000 Minos

149 2018 312 2060 regnavit,
333 2029 443 2052 novem
466 2029 566 2052 annos
589 2030 705 2061 magno
729 2030 799 2052 cum
812 2020 894 2053 Jove
908 2021 1090 2053 collocutus.
1134 2020 1237 2052 Tanta
1260 2025 1308 2052 est
1330 2022 1398 2053 haec
1420 2022 1452 2052 in
1479 2022 1628 2055 Minoem

151 2071 258 2105 Home
278 2073 391 2112 filaus,
417 2075 528 2116 paucis
544 2074 644 2106 verbis
659 2075 821 2117 explicita,
849 2080 884 2106 ut
907 2085 1069 2118 nunquam
1095 2075 1162 2118 pari
1179 2075 1361 2107 laudatione
1377 2077 1505 2108 heroum
1522 2087 1624 2119 quen·

152 2137 246 2169 quam
262 2127 418 2160 extulerit.
463 2128 558 2166 Quod
572 2129 655 2160 enim
670 2129 692 2161 J
695 2129 820 2172 uppiter
834 2129 978 2172 sophista
991 2134 1051 2168 est,
1080 2140 1180 2172 eaque
1209 2140 1257 2161 ars
1283 2131 1532 2172 praeclarissima,
1555 2142 1627 2164 cum

151 2181 228 2213 alibi
242 2193 469 2224 saepenumero,
495 2188 562 2214 tum
581 2185 642 2216 hoc
664 2184 697 2215 in
713 2184 783 2216 loco
800 2184 850 2216 vel
867 2184 1000 2216 maxime
1016 2185 1176 2226 patefacit.
1199 2195 1270 2216 nam
1287 2184 1434 2217 Minoum
1456 2195 1556 2216 annos
1570 2197 1628 2217 no-

151 2246 222 2268 vem
237 2247 309 2268 eum
324 2236 405 2270 Jove
421 2237 613 2270 collocutum
629 2239 751 2281 inquit:
776 2240 816 2271 ad
841 2249 977 2281 eumque
1005 2239 1186 2281 disciplinae
1203 2239 1303 2281 gratia
1318 2238 1471 2280 proficisci
1489 2240 1628 2282 solitum,

151 2291 241 2333 quasi
255 2291 404 2335 Juppiter
416 2292 558 2334 sophista
574 2293 624 2325 sit.
668 2293 764 2330 Quod
780 2297 884 2324 autem
902 2298 991 2324 tanto
1008 2303 1147 2330 munere,
1164 2294 1224 2325 hoc
1239 2297 1286 2324 est
1312 2292 1351 2323 ab
1374 2293 1456 2325 Jove
1470 2294 1626 2325 eruditum

149 2351 230 2384 ase.
252 2346 347 2378 alium
371 2347 466 2379 heroa
487 2347 609 2379 nullum
635 2347 791 2379 Homerus
818 2347 938 2388 affecit,
962 2347 1039 2378 mira
1064 2347 1211 2389 quaedam
1239 2346 1306 2378 laus
1331 2345 1541 2378 existimanda
1565 2354 1625 2379 est.

153 2400 241 2438 Quin
254 2402 348 2433 etiam
364 2402 395 2433 in
412 2402 559 2445 Odyssea
579 2402 724 2435 Minoem
739 2407 928 2434 mortuorum
945 2402 1065 2433 animas
1087 2401 1299 2443 judicantem,
1319 2411 1445 2432 aureum
1469 2407 1626 2444 sceptrum

152 2459 311 2487 tenentem
330 2456 464 2488 induxit.
508 2457 788 2489 Rhadamanthum
804 2468 875 2489 vero
901 2467 1006 2498 neque
1029 2456 1081 2487 hic
1105 2465 1208 2498 neque
1229 2455 1306 2487 alibi
1328 2455 1543 2497 judicantem,
1569 2463 1626 2488 aut

152 2520 223 2542 cum
236 2509 317 2542 Jove
342 2511 575 2554 colloquentem
603 2512 737 2544 inducit.
782 2512 996 2550 Quamobrem
1023 2511 1062 2542 ab
1088 2510 1228 2542 Homero
1249 2520 1313 2553 prae
1339 2510 1454 2542 ceteris
1478 2510 1625 2542 omnibus

152 2563 300 2596 Minoem
316 2565 501 2597 honoratum
516 2577 630 2598 assero.
652 2567 768 2599 etenim
785 2577 856 2599 cum
871 2566 960 2599 Jovis
976 2565 1016 2597 sit
1038 2565 1132 2606 filius,
1156 2566 1241 2607 quod
1265 2565 1305 2596 ab
1326 2565 1380 2596 illo
1406 2565 1560 2596 duntaxat
1584 2565 1626 2596 sit

150 2618 303 2655 eruditus,
327 2629 392 2650 non
416 2620 511 2651 habet
536 2621 726 2652 laudationis
747 2632 920 2653 excessum.
942 2621 1003 2652 hoc
1029 2630 1143 2661 nempe
1176 2630 1300 2652 carmen
1337 2619 1418 2651 illud
1454 2620 1626 2661 significat,

151 2672 263 2704 Minos
275 2673 423 2713 regnavit
437 2683 547 2706 novem
559 2685 660 2707 annos
674 2676 782 2717 magni
795 2675 892 2708 Jovis
911 2676 1079 2707 collocutor
1090 2685 1101 2707 .-
1124 2674 1271 2706 Minoe’m
1295 2674 1443 2706 videlicet
1458 2684 1529 2706 cum
1544 2674 1626 2706 Jove

152 2736 251 2758 annos
272 2737 384 2758 novem
401 2727 433 2758 in
457 2729 650 2759 sermonibus
676 2735 888 2772 congressum.
912 2729 979 2760 oari
991 2727 1127 2770 namq'ue
1141 2738 1298 2760 sermones
1312 2733 1406 2760 sunt:
1430 2728 1552 2760 oaristis
1568 2739 1623 2759 au-

152 2785 216 2812 tem
241 2787 289 2812 est
313 2781 347 2812 in
374 2782 568 2813 sermonibus
587 2783 806 2824 congrediens.
850 2784 960 2815 Minos
974 2783 1082 2825 itaque
1098 2793 1197 2814 annos
1211 2793 1323 2814 novem
1341 2783 1373 2814 in
1395 2781 1486 2814 Jovis
1501 2787 1623 2814 antrum

153 2835 343 2867 erudiendus
360 2836 502 2867 accessit.
525 2837 610 2868 unde
625 2842 658 2868 et
672 2837 798 2875 didicit,
814 2842 847 2869 et
862 2838 972 2869 docuit
987 2837 1061 2869 iude
1086 2842 1221 2875 eeteros,
1242 2847 1313 2879 quae
1339 2837 1378 2868 ab
1406 2837 1487 2869 Jove
1510 2847 1623 2867 novem

151 2889 240 2920 annis
253 2886 431 2932 acceperat.
476 2891 548 2922 Nec
565 2897 669 2922 tamen
687 2892 814 2930 desunt,
829 2891 885 2934 qui
900 2891 1038 2923 oaristim
1062 2892 1151 2924 aliter
1176 2897 1349 2934 exponant,
1374 2896 1622 2932 compotatorem

154 2948 456 2986 comessatoremque
471 2949 503 2975 ct
518 2945 701 2977 collusorem
717 2945 738 2978 J
741 2946 818 2977 ovis.
863 2945 981 2977 Verum
997 2957 1035 2977 ex
1050 2947 1110 2978 hoc
1125 2946 1271 2984 maxime,
1286 2946 1362 2977 istos
1383 2955 1447 2975 non
1463 2949 1544 2975 recte
1568 2954 1622 2974 ex-

154 3005 282 3037 ponere,
307 2997 404 3040 [320]
429 2998 587 3040 conjicere
603 3010 778 3043 possumus,
793 3001 877 3043 quod
895 3000 972 3032 nulli
991 3000 1038 3032 vel
1055 3000 1159 3033 Gtaeci
1174 3001 1221 3032 vel
1247 2999 1365 3031 barbari
1390 2998 1570 3040 symposiis,
1586 2997 1621 3028 id

241 3051 328 3082 Piae.
355 3052 408 3083 Tr.
875 3054 879 3058 ’
902 3054 930 3085 Ι.
1512 3051 1535 3080 'l·
