1846 3268
227 279 303 318 362
840 272 1107 316 Pl-ZATONIS
1598 279 1695 331 [25⁹

223 386 272 413 est
284 392 351 414 non
366 391 434 419 ens,
448 380 652 424 spectesuna
673 379 779 412 multis
801 378 870 411 aliis
892 380 1019 412 entibus
1038 384 1252 414 annumerata.
1297 379 1453 424 Nunquid
1467 381 1596 415 ulterius
1610 383 1694 416 circa

222 437 297 474 hoc,
321 436 493 473 Theaetete,
509 434 700 466 diffidimus?
745 433 834 465 Tm:-
855 433 1077 476 Nequaquam.
1123 435 1191 468 Ho.
1212 434 1414 474 Advertisne,
1439 447 1534 478 quam
1559 437 1653 479 longe
1674 448 1693 468 a

224 490 419 522 Parmenidis
433 493 539 520 mente
553 488 759 520 divertimus?
802 487 890 519 Tus.
913 488 1074 520 curnam?
1119 488 1187 520 Ho.
1211 489 1300 521 Illius
1316 490 1430 522 limites
1445 491 1626 534 transgressi
1642 502 1695 523 su-

226 555 308 586 mus,
339 544 415 575 dum
442 541 572 574 ulterius
597 552 691 585 quam
719 541 863 573 statuerit
889 541 1154 574 consideravimus
1183 547 1217 574 et
1244 544 1449 576 ostendimus.
1492 544 1581 576 Tmz.
1618 545 1693 583 Quo

222 598 342 640 pacto?
389 596 455 628 Ho.
480 596 769 638 Quoniam‚·inquit
783 595 848 637 ille,
863 595 1035 638 Nunquam
1062 596 1150 628 nullo
1171 597 1266 628 modo
1290 602 1364 629 sunt
1389 609 1454 630 non
1467 599 1565 637 entia,
1579 599 1643 631 Sed
1659 604 1692 630 tu

223 661 366 694 quaerens
381 651 420 682 ab
435 651 496 683 hoc
512 661 674 693 progressu
688 649 801 681 cohibe
817 653 965 682 mentem.
1011 649 1092 682 Haec
1107 650 1173 682 ille.
1216 649 1287 682 Nos
1302 656 1407 683 autem
1431 663 1496 684 non
1511 653 1612 684 solum
1627 663 1693 685 non

220 705 307 736 entia
321 715 389 736 esse
404 704 610 740 ostendimus,
626 704 681 735 sed
705 711 776 746 quae
801 703 842 734 sit
864 713 929 734 non
950 703 1033 735 entis
1059 703 1181 745 species
1196 703 1488 738 demonstravimus.
1510 716 1582 739 cum
1606 706 1691 738 enim

218 758 466 801 ostenderemus,
489 757 615 790 alterius
630 757 986 799 ipsius‘naturamesses
1005 768 1122 800 perque
1137 757 1242 789 omnia
1258 758 1343 790 entia
1365 758 1499 791 divisam
1515 764 1613 802 atque
1628 760 1691 791 dis-

222 823 343 855 persam
358 812 492 844 invicem
511 823 521 852 ;
543 817 621 844 tune
637 816 757 854 partem
770 810 839 853 ejus
854 811 1074 854 oppositamtei
1089 812 1176 854 quod
1192 812 1345 854 cujusque
1360 823 1416 844 ens
1430 818 1492 852 est,
1505 824 1573 846 esse
1589 814 1692 857 ipsum

219 877 254 899 re
268 877 342 898 vera
355 877 419 898 non
442 877 498 898 ens
520 865 720 897 asseruimus.
764 864 853 897 Tan.
876 865 959 897 Vera
975 875 1110 908 prorsus,
1125 876 1144 896 o
1173 866 1301 908 hospes,
1322 865 1435 898 dixisse
1449 867 1523 899 mihi
1539 867 1693 900 videmur.

219 920 287 952 Ho.
310 921 415 952 Nemo
430 920 536 962 itaque
551 920 650 961 dicat,
665 918 764 962 quod,
780 924 945 961 postquam
961 930 1025 951 non
1038 930 1094 951 ens
1109 919 1190 951 entis
1205 919 1394 952 contrarium
1403 920 1610 959 ostendimus,
1624 931 1692 953 esse

222 976 326 1017 ipsum
342 975 446 1007 dicere
472 975 654 1007 audeamust
677 984 734 1005 nos
748 973 831 1005 enim
848 972 915 1015 jam
932 974 987 1004 diu
1009 973 1043 1005 id
1067 973 1328 1016 praetermisimuS,
1342 979 1442 1005 utrum
1466 974 1568 1017 [259]
1588 986 1693 1008 revera

222 1028 263 1059 sit
277 1028 468 1061 contrarium
482 1038 597 1060 necne.
640 1027 736 1065 Quod
747 1031 851 1058 autern
868 1037 953 1059 nune
968 1027 1116 1069 diximus,
1129 1037 1197 1059 esse
1219 1038 1284 1059 non
1303 1038 1371 1064 ens,
1386 1027 1436 1060 vel
1458 1029 1622 1071 reprobare
1637 1029 1693 1061 de-

220 1084 287 1124 bet,
302 1084 358 1126 qui
373 1083 474 1114 minus
489 1082 611 1122 credit;
634 1082 695 1119 vel,
712 1081 737 1113 si
752 1081 917 1123 reprobare
933 1092 999 1112 non
1013 1081 1108 1119 valet,
1124 1092 1265 1124 eousque
1281 1082 1421 1124 credere,
1437 1093 1603 1126 quousque
1615 1094 1692 1116 eon-

220 1137 374 1169 tradicere
389 1136 521 1178 nequit:
547 1135 633 1178 quod
649 1134 798 1166 videlicet
814 1144 928 1176 genera
942 1134 1077 1167 invicem
1097 1135 1161 1166 sint
1173 1136 1354 1174 commixta,
1369 1146 1487 1179 ensque
1501 1141 1534 1168 et
1548 1137 1692 1180 alterum,

220 1202 277 1234 per
304 1202 336 1222 se
361 1189 496 1222 invicem
521 1199 639 1231 perque
664 1187 725 1219 alia
748 1187 854 1219 omnia
875 1188 1081 1229 penetrando,
1096 1198 1164 1219 sese
1187 1193 1296 1220 mutuo
1318 1189 1457 1231 capiant,
1472 1190 1547 1221 dum
1561 1190 1692 1223 alterum

218 1250 293 1277 ente
309 1244 489 1286 participat,
503 1248 552 1274 est
563 1242 646 1274 enim
662 1242 703 1273 ob
721 1239 994 1283 participationem
1011 1241 1205 1283 hujusmodi,
1222 1253 1286 1274 non
1301 1246 1406 1274 tamen
1419 1248 1467 1275 est
1481 1243 1559 1276 illud
1574 1243 1692 1287 ipsum,

215 1309 280 1341 quo
296 1297 476 1340 participat,
492 1297 546 1329 sed
563 1296 649 1327 aliud
665 1294 830 1338 quiddam.
874 1295 957 1327 Cum
973 1305 1045 1327 vero
1061 1294 1147 1326 aliud
1163 1295 1203 1327 sit
1214 1306 1308 1338 quam
1319 1296 1423 1338 ipsum
1437 1308 1504 1336 ens,
1514 1299 1690 1331 necessario

217 1353 369 1395 sequitur,
385 1357 420 1383 ut
434 1362 498 1382 non
514 1362 569 1382 ens
585 1361 652 1382 esse
668 1350 801 1382 dicatur.
845 1348 911 1380 Ens
926 1360 1052 1392 quoque
1067 1360 1104 1381 ex
1133 1361 1184 1387 eo,
1210 1351 1296 1392 quod
1321 1350 1420 1393 ipsius
1443 1352 1569 1384 alterius
1595 1353 1691 1395 parti-

220 1418 309 1450 ceps,
325 1406 455 1438 alterum
471 1405 623 1447 quiddam
640 1404 679 1435 ab
696 1403 765 1435 aliis
780 1403 946 1446 generibus
971 1409 1018 1435 est
1041 1404 1222 1436 dicendum.
1245 1415 1380 1447 cumque
1395 1405 1526 1437 alterum
1541 1406 1582 1438 sit
1596 1417 1692 1449 quam

216 1460 338 1503 reliqua
353 1464 479 1497 cuncta,
496 1469 555 1491 nec
571 1468 667 1490 unum
684 1456 802 1499 aliquid
819 1468 856 1489 ex
872 1456 934 1488 illis
950 1467 1053 1500 neque
1077 1463 1191 1489 cuncta
1217 1458 1333 1497 existit,
1349 1459 1403 1491 sed
1419 1459 1524 1502 ipsum
1539 1461 1625 1503 quod
1641 1465 1690 1492 est

218 1515 383 1547 dumtaxat
397 1510 407 1546 Ξ
429 1517 621 1556 quapropter
637 1522 692 1543 ens
709 1512 827 1554 absque
842 1511 940 1543 dubio
966 1511 999 1542 in
1022 1512 1162 1554 plurimis
1179 1512 1311 1554 plurima
1326 1523 1389 1544 non
1404 1517 1462 1545 est.
1485 1518 1518 1544 et
1532 1513 1595 1545 alia
1610 1524 1691 1556 quo-

217 1579 280 1611 que
295 1568 448 1606 similiter,
464 1574 526 1599 tam
543 1566 687 1598 universa
702 1576 798 1609 quam
814 1565 939 1608 singula
963 1565 1162 1598 multifariam
1186 1566 1316 1609 quidem
1340 1571 1413 1598 sunt
1435 1571 1468 1598 et
1491 1567 1689 1600 multifariam

218 1633 283 1654 non
299 1628 384 1655 sunt.
429 1622 517 1654 anz.
542 1621 626 1653 V'era
643 1631 760 1653 narras.
805 1620 872 1653 Ho.
895 1620 928 1652 Si
944 1621 1014 1663 quis
1032 1621 1193 1653 contrariis
1218 1621 1305 1653 hisce
1328 1621 1585 1654 conversionibus
1597 1622 1691 1654 fidem

219 1688 285 1709 non
301 1681 446 1720 praestat,
455 1676 596 1718 cogitare
609 1675 716 1717 debet,
732 1679 769 1706 ut
785 1675 913 1707 meliora
928 1685 1021 1717 quam
1048 1676 1116 1707 haee
1142 1675 1285 1707 inducat.
1307 1675 1394 1717 quod
1409 1675 1436 1707 si
1449 1674 1520 1718 quis
1535 1675 1689 1718 quasiar-

216 1733 315 1763 duum
341 1731 497 1773 quiddam·
519 1729 683 1767 invenerit,
714 1729 863 1771 gloriatur
888 1734 955 1760 tum
971 1730 1012 1761 ad
1037 1730 1106 1761 haec
1131 1735 1197 1761 tum
1223 1730 1262 1762 ad
1289 1730 1351 1761 alia
1377 1739 1534 1762 sermones
1554 1729 1691 1768 trahens,

215 1786 300 1817 haud
325 1795 399 1817 sane
427 1784 525 1816 multo
547 1783 652 1815 studio
679 1783 776 1826 digna
806 1783 1010 1826 excogitavit,
1035 1784 1300 1825 quemadmodum
1324 1794 1481 1816 sermones
1504 1783 1539 1816 hi
1573 1788 1690 1816 testan-

216 1845 276 1872 tur.
303 1841 364 1871 hoe
394 1839 484 1872 enim-
504 1849 608 1880 neque
630 1838 790 1880 egregium
813 1837 932 1880 aliquid
965 1842 1013 1870 est
1046 1848 1149 1880 neque
1176 1838 1306 1870 inventu
1331 1837 1483 1870 difficile:
1520 1838 1577 1870 sed
1610 1837 1690 1870 illud

215 1894 354 1925 arduum·
376 1898 425 1924 est
450 1898 545 1935 atque
571 1892 766 1934 praeclarum.
818 1892 905 1924 Tne.
930 1891 1118 1930 Quidnam?
1173 1891 1240 1924 Ηο.
1264 1891 1362 1929 Quod
1386 1897 1422 1923 et-
1442 1902 1536 1935 supra
1551 1897 1600 1924 est
1622 1893 1691 1926 dic-

215 1953 295 1984 tum,
320 1952 356 1977 ut
379 1947 429 1978 his
457 1946 579 1978 omissis
596 1952 747 1988 tanquam
771 1946 904 1984 levibus,
920 1947 1020 1988 possit
1046 1946 1159 1988 aliquis
1183 1946 1341 1988 sigillatim
1368 1946 1587 1988 redarguendo
1617 1957 1690 1990 pro-

215 2001 316 2043 sequi,
340 2001 487 2042 quotiens
513 2000 599 2032 dieat
624 2000 708 2042 quis,
739 2001 825 2042 quod
854 2000 990 2032 atterum
1019 2005 1079 2039 est,
1105 2001 1191 2032 idem
1212 2010 1299 2041 esse,
1323 2006 1382 2032 aut*
1405 2001 1492 2043 quod
1517 2000 1601 2032 idern
1627 2005 1688 2041 est,

214 2055 358 2092 alterum,
389 2054 434 2085 ita
459 2058 495 2085 ut
516 2058 682 2095 utrumque
710 2054 744 2086 id
773 2065 829 2096 per
858 2054 1011 2085 rationem
1042 2054 1198 2096 propriam
1230 2053 1378 2095 patiatur.
1433 2053 1542 2096 thue
1578 2053 1690 2086 iterum

214 2108 379 2140 ostendere
415 2107 527 2150 possit,
555 2108 640 2149 quod
672 2107 756 2140 idern
779 2113 839 2145 est,
867 2108 997 2139 alterum
1025 2117 1154 2149 quoquo
1172 2108 1266 2138 modo
1289 2118 1369 2145 esse,
1396 2107 1564 2139 alterumve
1591 2107 1687 2143 idem·-

213 2173 361 2204 magnum
377 2172 504 2204 quoque
520 2172 661 2203 parvum,
678 2161 842 2204 simileque
854 2161 1015 2194 dissimile.
1039 2166 1135 2204 atque
1156 2161 1201 2192 ita
1215 2161 1369 2193 contraria
1385 2171 1507 2204 semper
1520 2161 1556 2192 in
1570 2171 1687 2194 sermo-

213 2217 307 2248 nibus
322 2216 415 2249 facile
431 2216 567 2258 proferre
582 2220 688 2257 queat.
734 2215 849 2257 Neque
865 2226 938 2247 vero
965 2215 1071 2258 aliqua
1093 2220 1153 2247 tarn
1170 2226 1243 2247 vera
1269 2215 1446 2257 redargutio
1471 2221 1530 2253 est,
1553 2225 1688 2258 cumque

212 2281 314 2312 nuper
329 2281 385 2302 ens
401 2270 529 2311 aliquod
557 2274 738 2311 perceptum
766 2269 817 2306 sit,
835 2279 916 2300 nova
942 2274 1001 2301 est.
1045 2269 1133 2301 Tne.
1158 2268 1297 2300 Omnino
1313 2269 1454 2310 quidem.
1500 2269 1568 2301 Ho.
1592 2269 1689 2302 Cete-

213 2335 292 2362 rum,
309 2334 329 2355 o
343 2323 526 2355 adolescens
540 2323 670 2364 optime,
686 2332 779 2353 omne
796 2323 835 2354 ab
851 2323 937 2354 omni
961 2333 1123 2356 secernere
1143 2328 1175 2354 ct
1201 2323 1427 2354 inconcinnum
1442 2327 1491 2354 est
1505 2327 1538 2354 et
1551 2322 1688 2354 hominis

212 2378 341 2410 musieae
355 2377 630 2420 philosophiaeque
642 2386 766 2418 prorsus
781 2377 927 2419 expertis.
971 2376 1058 2409 Tne.
1083 2376 1320 2414 Quamobrem?
1365 2375 1433 2408 110.
1457 2375 1569 2407 Omnis
1596 2376 1686 2418 peni-

212 2437 262 2462 tus
275 2431 373 2463 oratio
390 2430 524 2468 deletur,
540 2430 566 2461 si
592 2430 840 2473 unumquodque
864 2431 905 2462 ab
929 2430 1075 2462 omnibus
1100 2436 1288 2472 segregatur.
1313 2440 1385 2461 nam
1404 2434 1532 2471 propter
1546 2434 1687 2462 mutuam

212 2485 386 2527 specierum
413 2484 559 2526 copulam
587 2484 686 2516 oratio
709 2484 871 2516 constitit.v
887 2485 985 2527 [26⁰]
1008 2484 1098 2517 Tun.
1122 2483 1176 2517 Sic
1190 2489 1249 2516 est.
1296 2483 1364 2516 Ho.
1391 2483 1530 2516 Adverte
1544 2484 1687 2522 obsecro,

211 2549 305 2580 quam
333 2542 512 2581 opportune
538 2549 623 2570 nuno
648 2538 795 2570 adversus
818 2538 894 2570 istos
917 2542 1096 2580 pugnantes
1123 2537 1287 2579 coegimus
1310 2547 1376 2575 eos,
1390 2541 1427 2568 ut
1450 2537 1581 2568 alterurn
1597 2536 1685 2568 alteri

210 2592 404 2624 commisceri
427 2592 653 2634 permitterent.
698 2592 794 2625 Tum<
810 2591 863 2624 Ad
878 2592 955 2634 quid
973 2591 1129 2624 maximo?
1174 2591 1243 2623 Ho.
1265 2590 1316 2622 Ad
1334 2592 1406 2628 hoe,
1422 2595 1458 2622 ut
1473 2590 1572 2622 oratio
1585 2601 1684 2622 unum

209 2646 331 2689 aliquid
347 2657 365 2678 e
382 2646 547 2687 generibus
562 2646 612 2678 sit.
638 2648 698 2679 hoc
714 2647 798 2678 enim
815 2646 841 2678 si
867 2646 1069 2689 privaremur,
1091 2645 1292 2688 philosophia
1320 2650 1355 2676 ut
1377 2644 1548 2687 plurimum·
1564 2655 1683 2677 carere-

211 2711 291 2732 mus.
336 2699 472 2741 Oportet
497 2706 646 2741 praeterea
667 2700 701 2732 in
726 2700 894 2743 praesentia
918 2701 1078 2734 communi
1093 2711 1248 2733 consensu
1264 2699 1341 2742 quid
1358 2699 1458 2731 oratio
1475 2699 1526 2737 sit,
1541 2698 1683 2733 definire·

208 2753 296 2795 quod
312 2753 338 2784 si
354 2753 480 2795 penitus
496 2764 514 2785 e
531 2753 634 2786 medio
658 2755 834 2793 tolleretur,¹
847 2755 934 2789 nulla
949 2755 989 2787 de
1004 2765 1037 2786 re
1052 2755 1146 2797 loqui*
1156 2764 1327 2796 possemus.
1353 2753 1513 2785 tolleretur
1522 2757 1640 2795 autem,
1655 2752 1683 2784 si

209 2818 390 2839 concessum
406 2813 488 2840 esset
503 2807 622 2839 nullam
637 2820 703 2841 esse
721 2820 819 2842 rerum
831 2809 1095 2843 commixtionem.
1140 2808 1228 2840 Tun.
1252 2807 1356 2840 Recte
1367 2807 1400 2838 id
1411 2807 1549 2849 quidem.
1574 2815 1680 2837 verum

209 2872 272 2903 qua
286 2862 327 2893 de
342 2872 436 2894 causa
453 2872 536 2893 nunc
559 2863 658 2894 oratio
681 2864 862 2896 definienda
886 2864 938 2902 sit,
953 2874 1017 2896 non
1041 2862 1196 2905 intelligo.
1243 2861 1309 2894 Ho.
1334 2860 1379 2892 At
1403 2860 1482 2892 forte
1509 2859 1570 2891 hoc
1584 2859 1679 2891 modo

209 2916 372 2957 percipies.
416 2915 503 2948 Tnz.
528 2916 625 2954 Quo?
671 2916 737 2949 Ho.
762 2917 837 2949 Non
861 2929 917 2950 ens
946 2918 1089 2951 constitit
1103 2928 1199 2948 unum
1215 2915 1333 2958 aliquid
1350 2924 1447 2957 genus
1461 2923 1500 2945 ex
1515 2912 1584 2944 aliis
1598 2912 1679 2945 exis·-

210 2976 292 3007 tens,
307 2981 363 3013 per
377 2969 482 3003 omnia
499 2980 570 3013 quae
596 2976 681 3012 sunt,
697 2971 856 3005 diffusum.
902 2973 930 3004 T
933 2983 990 3006 ns.
1015 2972 1176 3006 Constitit.
1223 2970 1290 3004 Ho.
1315 2967 1589 3003 Considerandum
1603 2977 1678 3010 ergo
