1846 3268
246 232 298 273 60
842 229 1109 270 PLATONIS
1620 238 1720 290 [345

254 341 381 380 temque
395 341 430 370 ct
443 335 562 368 bonurn
576 333 710 376 invadit,
725 332 825 366 malus
837 333 982 368 efficitur.
1024 334 1074 367 'ru
1090 344 1163 367 vero
1186 335 1276 375 dicis,
1298 347 1319 369 o
1343 336 1480 377 Pittaco,
1503 338 1632 372 difficile
1653 351 1722 374 ena

250 391 369 425 bonum
386 401 521 423 manere.
565 389 634 422 Res
649 393 754 421 autem
776 388 820 421 ita
835 398 869 421 se
883 388 992 430 habet,
1017 394 1052 422 ut
1066 389 1133 422 fieri
1150 390 1266 423 bonum
1281 392 1432 434 possibile
1455 393 1508 435 sit,
1523 393 1651 427 difficile
1673 400 1720 427 ta-

249 457 342 479 men:
366 446 534 489 perdurare
549 450 654 477 autem
670 444 802 483 bonum,
818 442 944 486 penitus
959 444 1163 487 impossibile.
1187 446 1321 488 quilibet
1340 448 1424 479 enirn
1446 449 1526 480 bene
1540 459 1649 492 agens,
1665 450 1721 482 bo-

248 512 330 534 nus:
354 501 436 533 male
461 505 581 537 contra,
602 499 714 531 malua.
760 498 916 536 Quaenam
942 498 1025 531 circa
1052 499 1157 531 literas
1181 501 1265 532 bona
1293 507 1342 533 est
1363 502 1471 534 actio?
1497 503 1594 546 [345]
1610 513 1720 546 quaeve

249 554 334 587 actio
361 554 459 586 virum
481 554 521 586 ad
545 553 616 584 illas
637 553 753 584 bonum
781 551 900 583 efficit?
924 557 1048 585 constat
1072 554 1159 596 quod
1184 554 1293 586 harum
1319 557 1493 598 perceptio.
1537 557 1620 595 Qnae
1645 557 1720 590 item

250 609 334 642 actio
350 610 433 640 bona
449 609 565 639 bonum
587 606 685 639 efficit
706 605 892 638 medicum?
916 607 1091 639 morborum
1114 607 1264 641 videlicet
1288 611 1496 642 curandorum
1520 610 1643 654 peritia.
1666 611 1721 654 qui

249 664 331 696 bene
344 667 443 700 curat,
468 663 569 694 bonus
597 661 759 693 medicus:
782 660 836 702 qui
860 659 955 699 male,
981 667 1091 693 contra
1116 662 1228 696 malus.
1273 664 1356 702 Quis
1378 675 1452 706 ergo
1468 665 1566 697 malus
1581 665 1720 697 medicus

249 727 477 759 nonnunquam
493 716 648 748 efficitur?
669 714 724 748 ille
739 721 836 753 certe,
860 715 912 748 cui
929 715 1028 758 primo
1052 716 1112 748 hoc
1135 716 1228 759 inest,
1252 718 1287 749 ut
1309 719 1450 751 medicus
1469 719 1522 757 sit.
1546 720 1663 752 deinde
1686 725 1722 751 ut

250 774 353 806 bonus
367 772 520 804 medicus.
543 771 594 804 hic
609 770 693 802 enim
710 770 808 801 malus
823 770 1015 812 quandoque
1032 771 1172 803 medicus
1188 772 1270 804 effici
1286 778 1402 815 potest.
1446 773 1516 805 Nos
1529 779 1635 806 autem
1656 785 1722 806 rne-

248 830 363 862 dicinae
379 828 451 861 artis
465 828 578 871 ignari,
601 837 762 869 nunquam
778 825 859 856 male
882 825 1006 867 agendo
1032 831 1087 858 aut
1109 826 1238 865 medici,
1265 833 1321 859 aut
1341 828 1419 859 fabri
1442 828 1644 867 efficeremur,
1665 833 1722 860 aut

250 885 337 917 aliud
354 884 428 916 tale.
452 882 595 926 quisquis
610 886 716 914 autem
729 891 794 912 non
810 880 846 912 fit
861 879 1015 919 medicus,
1030 881 1112 913 male
1126 886 1287 923 operatus,
1301 893 1406 925 neque
1421 884 1516 915 etiarn
1536 883 1638 914 malus
1657 892 1724 914 me-

250 941 353 973 dicus.
398 938 448 970 Ita
463 943 496 970 et
510 938 612 969 bouus
628 936 673 967 vir
687 935 752 967 fieri
768 939 874 977 potest
888 934 1058 977 aliquando
1074 936 1185 974 malus,
1202 936 1251 968 vel
1267 943 1395 980 propter
1408 942 1545 980 tempus,
1570 936 1619 968 vel
1635 936 1723 968 labo-

248 1005 325 1032 rem,
336 994 384 1026 vel
400 994 555 1035 morbum,
570 991 619 1023 vel
634 990 729 1022 alium
745 1000 851 1022 casum
867 1001 875 1020 :
897 990 965 1021 haec
979 1000 1071 1032 porro
1087 990 1154 1022 sola
1168 996 1216 1022 est
1227 991 1310 1023 actio
1322 1002 1428 1034 prava,
1452 991 1564 1034 privari
1575 991 1719 1026 scientia.

250 1048 358 1081 Malus
374 1053 480 1080 autern
494 1047 541 1079 vir
556 1055 717 1088 nunquam
732 1044 831 1076 malus
845 1044 934 1076 fieret
947 1055 954 1075 :
978 1049 1027 1076 est
1046 1044 1129 1076 enirn
1145 1056 1278 1087 semper.
1315 1057 1353 1078 ac
1369 1047 1395 1077 si
1409 1046 1509 1078 malus
1524 1046 1591 1078 fieri
1612 1046 1721 1083 debet,

255 1107 381 1146 oportet
396 1107 432 1133 ut
447 1112 466 1133 a
480 1112 530 1134 me
545 1102 646 1133 bonus
661 1099 825 1132 efficiatur.
868 1097 923 1130 Ad
933 1099 994 1130 hoc
1009 1098 1116 1141 itaque
1127 1100 1264 1131 carmina
1277 1100 1333 1132 illa
1346 1101 1492 1139 tendunt,
1508 1105 1545 1132 ut
1558 1100 1722 1138 affirment,

250 1157 445 1200 impossibile
460 1166 527 1188 esse
543 1155 642 1187 virum
657 1164 779 1196 semper
789 1153 908 1185 bonum
923 1163 1140 1196 perseverare:
1165 1153 1232 1186 fieri
1245 1159 1349 1186 autem
1367 1156 1497 1198 bonnm,
1523 1155 1722 1197 eundemque

249 1224 353 1245 rursus
367 1217 401 1244 et
415 1211 542 1247 malum,
557 1209 707 1252 possibile
721 1220 731 1239 ι
753 1207 922 1249 plurimum
949 1212 1055 1239 autem
1079 1208 1219 1250 optimos
1241 1219 1310 1240 esse
1324 1208 1406 1247 illos,
1421 1219 1502 1252 quos
1513 1209 1560 1241 dii
1573 1208 1724 1251 diligunt.

249 1267 330 1301 Haec
343 1267 451 1308 itaque
466 1264 571 1297 omnia
586 1264 733 1295 adversus
748 1261 907 1294 Pittacum
923 1267 997 1293 sunt
1021 1261 1118 1299 illata,
1144 1263 1230 1304 quod
1246 1267 1280 1295 et
1293 1264 1459 1305 sequentia
1472 1263 1586 1296 clarius
1599 1264 1722 1306 patefit»

249 1322 351 1355 ciunt.
396 1320 466 1352 Hac
482 1320 522 1351 de
537 1317 774 1360 causa,inquit,
799 1327 961 1361 uunquam
984 1327 1057 1360 ego,
1084 1317 1170 1359 quod
1195 1317 1260 1349 fieri
1275 1319 1396 1361 nequit,
1422 1319 1583 1361 requirens
1597 1318 1722 1356 frustra,

250 1386 354 1419 spero,
370 1378 525 1418 perpetuo
539 1373 606 1404 sine
621 1371 864 1414 reprehensione
879 1371 1033 1403 victurum
1049 1371 1209 1403 hominem
1232 1371 1368 1414 aliquem
1385 1382 1422 1405 ex
1437 1372 1485 1404 his
1499 1373 1555 1415 qui
1570 1372 1722 1405 fructibus

250 1436 338 1463 terrae
354 1434 532 1461 vescuntui.
555 1427 672 1459 deinde
688 1426 776 1458 vobis
790 1436 861 1468 quae
884 1430 1045 1468 comperta
1064 1425 1141 1457 mihi
1163 1432 1248 1464 sunt,
1270 1427 1432 1469 praedico:
1456 1432 1490 1459 et
1512 1432 1626 1466 cetera,
1649 1437 1721 1470 quae

254 1488 440 1527 sequuntur.
484 1482 536 1514 Ita
566 1482 682 1524 passim
705 1481 738 1512 in
760 1479 877 1512 Pittaci
902 1481 996 1512 verba
1019 1481 1220 1512 vehementer
1246 1481 1413 1514 invehitur.
1457 1482 1723 1525 Unumquemqae

255 1550 328 1572 εει-ο
341 1539 436 1571 laudo
451 1547 599 1578 amoque,
613 1536 714 1568 libens
727 1535 784 1578 qui
799 1539 890 1577 turpe
905 1535 950 1566 nil
965 1540 1079 1577 patrat.
1102 1535 1282 1567 necessitati
1296 1541 1401 1568 autem
1415 1547 1519 1579 neque
1534 1536 1579 1568 dii
1599 1535 1660 1578 ipsi
1674 1547 1724 1568 re-

256 1598 412 1638 pugnant.
456 1591 496 1623 Id
512 1590 616 1623 autem
632 1595 680 1622 est
695 1590 733 1622 ad
751 1591 811 1622 hoc
827 1589 911 1634 idem
926 1589 1059 1621 dictum.
1104 1588 1220 1632 Neque
1244 1590 1327 1622 enim
1346 1601 1445 1633 usque
1460 1591 1542 1623 adeo
1557 1601 1656 1623 rerum
1674 1590 1722 1621 in-

256 1649 340 1682 scius
353 1651 420 1679 erat
433 1645 624 1682 Simonides,
638 1650 675 1676 ut
690 1643 778 1676 illum
795 1643 923 1675 laudare
938 1654 971 1675 se
986 1643 1116 1682 diceret,
1131 1643 1186 1686 qui
1201 1649 1292 1686 turpe
1306 1644 1383 1676 nihil
1400 1650 1513 1687 sponte
1533 1644 1703 1678 committit
1716 1656 1724 1675 :

253 1702 344 1745 quasi
360 1701 422 1732 sint
439 1699 536 1742 aliqui
546 1699 600 1742 qui
617 1704 729 1740 sponte
744 1698 824 1730 male
839 1702 945 1739 agant.
991 1697 1133 1729 Arbitror
1147 1699 1307 1741 equidem,
1332 1699 1506 1742 sapientem
1526 1699 1646 1731 nullum
1664 1709 1722 1741 pu-

253 1763 330 1794 tare,
346 1767 414 1788 esse
429 1755 590 1786 hominurn
607 1753 755 1796 aliquem,
769 1752 823 1795 qui
839 1752 920 1784 ultro
935 1753 1068 1790 aberret,
1084 1752 1227 1796 malaque
1242 1757 1275 1784 et
1290 1754 1394 1795 turpia
1407 1761 1520 1796 sponte
1534 1753 1720 1786 committat.

255 1811 360 1843 sciunt
374 1809 491 1841 etenim
507 1808 666 1850 sapientes
681 1817 801 1848 omnes,
817 1807 871 1848 qui
889 1807 970 1838 mala
986 1807 1151 1849 turpiaque
1175 1807 1387 1849 committunt,
1403 1813 1515 1850 praeter
1527 1808 1722 1839 voluntatem

252 1874 397 1908 peccare.
441 1863 542 1905 Atqui
557 1867 589 1894 et
603 1860 782 1893 Simonides
797 1871 995 1903 nequaquam
1013 1861 1140 1893 laudare
1164 1872 1200 1893 ae
1221 1861 1301 1894 dicit
1319 1862 1420 1900 illurn,
1445 1863 1500 1904 qui
1522 1873 1586 1893 non
1611 1867 1724 1904 sponte

253 1918 370 1950 scelera
383 1922 497 1959 patrat,
517 1916 613 1948 immo
635 1916 676 1947 de
697 1915 802 1958 seipso
828 1915 860 1946 id
885 1916 971 1957 quod
996 1915 1118 1956 Sponte
1144 1915 1235 1956 dicit,
1259 1916 1420 1957 praedicat.
1465 1916 1604 1948 Putabat
1626 1916 1724 1959 enim,

255 1971 436 2015 praeclarum
452 1971 632 2012 bonumque
647 1969 745 2000 virum
761 1979 846 2011 saepe
858 1969 995 2011 seipsum
1012 1969 1228 2011 impulsurum,
1254 1975 1290 2000 ut
1311 1970 1429 2001 amicus
1444 1970 1650 2014 laudatorque
1665 1971 1724 2002 ali·

252 2027 344 2069 cujus
359 2026 522 2065 efficiatur,
537 2035 702 2066 amareque
717 2029 750 2056 et
771 2024 897 2055 laudare
925 2029 1033 2066 pergat
1046 2036 1052 2055 :
1079 2024 1175 2066 [346]
1202 2030 1237 2055 ut
1259 2031 1336 2066 puta
1348 2025 1373 2056 si
1388 2024 1433 2056 illi
1447 2025 1560 2057 morosi
1572 2030 1605 2056 et
1619 2024 1721 2067 iniqui

254 2086 399 2124 parentes
414 2079 611 2120 contingant,
628 2083 682 2109 aut
697 2078 808 2120 patria,
835 2083 890 2110 aut
909 2078 971 2109 tale
998 2078 1128 2120 aliquid.
1175 2078 1339 2120 Improbos
1361 2079 1489 2121 quidem
1515 2079 1639 2112 censuit
1664 2080 1720 2110 ho-

251 2136 353 2169 mines
368 2134 500 2166 libenter
514 2134 548 2164 in
566 2138 728 2175 parentum
746 2131 916 2174 patriaeque
930 2137 1031 2164 errata
1047 2133 1153 2164 invehi
1172 2132 1285 2172 solere,
1309 2138 1340 2164 et
1360 2133 1475 2175 passim
1495 2133 1552 2165 illa
1575 2134 1720 2165 omnibus

252 2190 426 2231 divulgare,
455 2193 488 2219 ut
512 2198 604 2219 nemo
626 2187 707 2224 illos,
734 2188 818 2228 quod
841 2191 985 2228 parentes
1006 2192 1039 2218 ct
1064 2187 1194 2229 patriam
1216 2187 1390 2230 negligant,
1417 2188 1571 2230 corripere
1592 2188 1719 2220 audeat.

253 2254 348 2286 quare
363 2249 396 2275 et
411 2243 584 2283 vituperare
608 2246 752 2283 parentes
779 2240 986 2282 patriamque,
1007 2246 1040 2272 et
1063 2241 1143 2272 ultra
1162 2241 1379 2272 necessitatem
1396 2241 1579 2273 voluntariis
1592 2252 1720 2284 quoque

253 2299 335 2330 odiis
351 2303 383 2329 et
398 2296 568 2328 inimicitiis
582 2296 710 2338 agitare.
757 2295 876 2327 Probos
892 2296 997 2327 autem
1013 2296 1094 2326 viros
1109 2296 1265 2328 occultare
1281 2295 1398 2338 potius,
1424 2302 1457 2327 et
1471 2297 1511 2327 ad
1527 2296 1719 2327 laudandum

252 2353 372 2395 seipsos
400 2362 532 2393 cogere:
557 2356 590 2382 et
613 2351 717 2392 siqua
739 2351 771 2381 in
790 2361 822 2382 re
841 2350 912 2392 jure
938 2351 1121 2392 parentibus
1147 2355 1180 2382 et
1198 2351 1307 2393 patrioe
1330 2351 1544 2393 indignantur,
1567 2351 1720 2383 consolari

252 2408 385 2448 seipsos,
399 2416 494 2447 seque
508 2406 571 2436 suis
586 2404 766 2442 conciliare,
781 2411 816 2436 ut
831 2406 889 2437 etsi
905 2416 968 2436 non
985 2405 1095 2437 libenti
1111 2405 1214 2436 animo
1239 2405 1368 2437 laudent
1391 2411 1495 2437 tamen
1517 2411 1551 2437 et
1572 2405 1718 2448 diligant.

253 2462 345 2503 Saepe
360 2461 455 2492 etiam
470 2460 662 2491 Simonidem
678 2459 783 2502 ipsum
799 2460 939 2498 arbitror,
955 2471 1019 2491 non
1042 2471 1081 2491 ex
1096 2460 1193 2491 animi
1207 2459 1255 2491 sui
1266 2460 1432 2500 sententia,
1446 2459 1500 2491 sed
1517 2460 1663 2499 invitum,
1677 2460 1718 2491 ad

252 2520 421 2558 tyrannum
447 2514 618 2556 quendam,
644 2519 699 2544 aut
724 2514 818 2545 alium
850 2514 943 2546 talem
970 2515 1160 2546 laudandum
1183 2519 1216 2545 et
1239 2514 1451 2545 extollendum
1479 2525 1512 2545 se
1537 2514 1720 2546 contulisse.
1758 2516 1761 2520 ’

252 2568 333 2599 Haec
348 2567 444 2608 igitur
457 2568 496 2598 ad
514 2568 670 2599 Pittacum
682 2568 775 2599 refert
789 2580 796 2600 :
823 2568 891 2610 Ego
916 2569 1056 2611 quidem,
1073 2580 1092 2600 o
1108 2568 1241 2606 Pittace,
1265 2578 1328 2599 non
1352 2573 1383 2600 te
1399 2568 1440 2598 ob
1454 2568 1487 2599 id
1503 2578 1609 2610 carpo,
1630 2568 1717 2610 quod

253 2623 309 2655 sim
327 2629 435 2653 natura
451 2623 628 2662 detractor;
652 2624 909 2665 quandoquidem
936 2624 1009 2655 milri
1031 2623 1182 2655 satisfacit
1195 2627 1229 2654 et
1251 2623 1303 2653 ille
1319 2623 1375 2664 qui
1391 2633 1454 2653 non
1470 2627 1517 2654 est
1533 2621 1644 2659 malua.
1669 2621 1718 2653 ni—

254 2678 389 2708 miumve
405 2677 545 2718 ignavus.
589 2678 698 2709 Sciens
711 2677 838 2719 quidem
850 2677 977 2720 juvabit
987 2678 1146 2710 civitatem
1159 2677 1276 2720 justam
1293 2677 1339 2708 vir
1353 2687 1457 2709 sanus.
1489 2686 1592 2718 neque
1613 2680 1717 2707 tamea

253 2732 320 2773 ipse
336 2731 494 2772 derogabo
509 2742 516 2763 :
544 2742 647 2773 neque
662 2732 744 2763 enim
761 2725 933 2775 derogandi
949 2743 1015 2764 sum
1032 2732 1202 2764 studiosus.
1247 2731 1420 2763 Stultorum
1442 2727 1578 2772 namque
1603 2736 1652 2762 est
1671 2730 1719 2761 in-

254 2786 343 2817 finita
359 2786 545 2827 progenies:
569 2791 761 2828 quapropter
775 2787 802 2818 si
817 2787 887 2829 quis
908 2797 961 2818 eos
986 2787 1159 2829 vituperare
1181 2792 1300 2829 pergat,
1323 2784 1557 2826 defatignbitur.
1603 2783 1719 2816 Omnia

254 2849 345 2882 porro
361 2840 503 2875 honesta,
518 2838 632 2881 quibus
647 2841 751 2882 turpia
766 2851 830 2872 non
847 2841 1023 2874 miscentur.
1069 2841 1164 2872 Haud
1181 2842 1240 2873 hoc
1255 2839 1335 2872 dicit
1349 2839 1478 2881 perinde
1493 2848 1530 2869 ac
1545 2837 1572 2869 si
1586 2837 1720 2876 diceret,

254 2893 370 2925 Omnia
383 2893 465 2931 alba,
478 2894 592 2935 quibus
611 2894 700 2935 nigra
720 2895 808 2926 nulla
827 2896 1014 2928 miscentur:
1039 2896 1203 2927 ridiculum
1230 2904 1343 2936 nempe
1366 2893 1399 2924 id
1421 2897 1525 2925 enei:
1549 2891 1604 2923 sed
1630 2893 1721 2934 quui

253 2948 352 2986 dieat.
367 2947 470 2982 media
484 2958 515 2979 se
531 2954 744 2990 accepturum,
762 2960 865 2992 neque
879 2950 932 2982 illa
950 2950 1205 2993 vituperaturum.
1252 2949 1326 2980 Nou
1343 2958 1463 2990 quaero,
1482 2946 1600 2988 iuquit,
1620 2946 1722 2980 homi-
