1846 3268
195 269 296 319 251]
782 266 1064 307 soPnrsTA.
1548 332 1550 334 ‚
1570 272 1648 311 357

194 375 261 407 110.
283 375 411 408 Motum
423 375 519 418 igitur
531 378 564 406 et
579 372 746 405 motionem
763 379 911 415 tauquam
925 372 1094 406 existentia
1116 372 1226 405 adesse
1239 371 1414 407 fatendum.
1457 373 1543 406 Tm.
1565 377 1654 415 Quid

196 430 324 461 obstat?
367 429 435 462 Ho.
457 427 504 460 Ex
519 429 592 470 hoc,
604 438 625 459 o
638 427 811 469 Thaenae,
827 427 980 469 sequitur,
993 432 1132 459 mentem
1144 426 1223 458 nulli
1239 437 1339 458 rerum
1354 426 1558 460 immobilium
1580 441 1656 462 nus-

195 492 290 524 quam
305 482 391 514 nullo
407 483 501 515 modo
522 482 565 515 de
584 481 674 513 nullo
696 481 818 514 adesse.
861 481 951 514 Tne.
975 481 1123 523 Sequitur
1142 480 1247 523 plane.
1292 479 1361 513 Ho.
1383 480 1607 515 Verumtamen
1628 485 1655 516 si

193 536 265 568 ferri
279 536 451 579 agitarique
465 540 581 568 cuneta
590 535 836 572 consentiemus.
850 536 910 567 hoc
925 545 1067 567 sermone
1080 533 1185 577 ipsum
1198 534 1282 566 idem
1295 544 1334 566 ex
1350 545 1464 576 genere
1485 546 1587 568 rerum
1600 547 1655 569 ex·

193 589 354 621 istentium
380 589 570 622 auferemus.
610 589 700 624 Tan.
723 590 798 628 Qua
824 588 969 621 ratione?
1014 589 1083 621 Ho.
1105 588 1241 621 Videtur
1263 588 1320 620 tibi
1345 589 1465 631 absque
1487 594 1571 622 statu
1584 601 1655 623 esse

198 651 336 684 unquam
351 653 444 685 posse
457 644 544 686 quod
553 643 680 682 dicitnr,
695 643 869 676 seeundum
880 643 1005 681 eadem,
1019 642 1133 674 eodem
1153 642 1248 674 modo
1263 647 1296 674 et
1315 642 1399 675 circa
1418 642 1529 676 idem?
1570 643 1660 678 Tua.

196 694 418 739 Nequaquam,
462 697 529 729 Ηο.
551 697 662 730 Cernis
685 707 816 740 usquam
842 697 909 729 sine
930 696 980 729 his
1006 700 1140 728 merrtem
1155 695 1206 727 vel
1228 695 1338 734 fuisse,
1359 696 1409 728 vel
1434 698 1528 730 esse?
1569 698 1659 731 ΤΗΙ.

196 748 343 782 Minime.
388 750 456 782 Ho.
479 749 639 783 Adversus
665 761 737 782 eum
761 750 847 782 omni
873 750 1029 782 rationum
1051 754 1167 782 conatu
1193 750 1411 792 pugnandum,
1433 751 1490 793 qui
1512 751 1656 790 scientia,

197 805 365 846 prudentia
379 811 547 849 menteque
561 806 693 839 sublatis
715 806 882 849 quiequam
900 805 986 838 alind
999 809 1166 838 asseveret.
1209 804 1298 839 Tan.
1319 804 1363 836 Et
1375 806 1574 838 vehementer
1586 807 1657 850 qui-

195 859 279 890 dem.
322 859 390 892 110.
413 859 553 892 Necesse
573 865 622 892 est
642 871 714 892 eum
729 860 783 903 qui
798 860 1037 902 philosophatur
1050 863 1145 901 atque
1158 858 1221 890 ista
1231 858 1265 890 in
1279 858 1389 901 primis
1403 860 1546 897 honorat,
1561 871 1658 904 prop·

195 915 279 943 terea
291 923 393 955 neque
408 924 580 945 sermonem
595 913 719 946 illorum
733 914 909 952 admittere,
924 913 1108 955 quicunque
1120 923 1214 944 unam
1229 912 1366 954 speciem
1380 923 1481 945 rerum
1492 914 1542 946 vel
1552 914 1658 957 plures

197 965 382 998 inducentes
398 970 497 998 totum
514 972 594 1000 stare
609 967 710 999 solum
725 967 829 999 ferunt
842 979 852 1008 ;
875 977 979 1009 neque
1000 966 1072 998 illos
1093 966 1212 1005 audire,
1227 966 1352 1008 quiens
1365 967 1484 999 moveri
1497 968 1660 1001 dumtaxat

200 1017 372 1050 affirmant:
397 1031 501 1052 verum
517 1021 688 1052 seeundum
703 1030 871 1062 puerorum
891 1020 1064 1062 optionem,
1079 1019 1313 1061 comprehensis
1334 1020 1479 1052 omnibus
1502 1027 1660 1064 quotcun-

197 1081 260 1112 que
273 1072 324 1103 vel
338 1078 422 1104 stant
436 1073 485 1105 vel
501 1079 675 1112 moventur,
689 1076 781 1106 ambo
798 1074 888 1106 simul
904 1084 960 1106 ens
975 1079 1008 1105 et
1021 1083 1114 1106 omne
1128 1083 1251 1105 vocare.
1295 1073 1384 1106 Tne.
1407 1074 1493 1106 Vera
1511 1075 1660 1118 loqueris.

198 1125 266 1158 Ho.
290 1125 344 1157 An
361 1137 424 1158 non
437 1133 471 1158 ut
485 1128 578 1161 decet
593 1138 649 1160 ens
664 1138 805 1160 sermone
824 1127 891 1170 jam
914 1127 1186 1170 comprehendisse
1200 1127 1365 1160 videmur?
1409 1129 1496 1164 Tris.
1520 1130 1661 1164 Prorsus.

198 1179 267 1212 Ho.
289 1179 398 1222 Papae,
413 1192 433 1212 o
447 1182 621 1223 Theaeteto,
636 1187 756 1224 quanta
779 1192 864 1214 nunc
887 1181 919 1213 in
946 1182 1149 1224 ambiguitate
1164 1182 1341 1213 versamur!
1366 1183 1445 1215 nihil
1470 1184 1555 1216 enim
1570 1185 1657 1217 alind

198 1244 282 1265 nunc
294 1239 405 1275 praeter
418 1235 633 1267 difficultatem
648 1236 868 1268 considerandi
889 1246 982 1267 nosse
1001 1235 1076 1267 mihi
1091 1235 1243 1269 videmur.
1288 1235 1378 1268 Tne.
1398 1236 1554 1274 Quorsum
1570 1240 1661 1271 haec?

198 1286 266 1318 Ho.
289 1287 440 1325 Videsne,
455 1299 475 1320 o
491 1289 591 1325 beate,
607 1290 692 1331 quod
708 1290 783 1320 dum
799 1289 879 1320 illud
895 1290 1020 1331 penitus
1032 1289 1222 1331 ignoramus,
1237 1290 1342 1321 dicere
1358 1295 1462 1321 tamen
1476 1291 1517 1322 de
1531 1291 1586 1322 illo
1600 1301 1660 1323 nos

199 1339 317 1382 aliquid
332 1342 512 1373 arbitramur
525 1342 537 1373 ?
581 1343 669 1376 Tria.
693 1342 734 1373 Et
749 1353 808 1384 ego
823 1342 966 1383 arbitror,
988 1346 1084 1384 atque
1095 1343 1180 1373 haud
1195 1343 1261 1374 scio
1276 1353 1370 1384 quarn
1379 1344 1421 1374 ob
1431 1351 1557 1375 causam
1570 1345 1662 1377 nobis

198 1394 265 1425 hoec
279 1394 432 1435 ignoratio
447 1396 487 1426 sit
502 1396 636 1429 occulta.
681 1395 749 1428 Ho.
771 1395 995 1428 Animadverte
1010 1396 1138 1427 obsecro
1155 1395 1348 1438 diligentius,
1363 1407 1438 1428 num
1452 1397 1486 1428 in
1497 1399 1664 1439 praesentia

199 1457 255 1478 nos
271 1447 319 1478 his
329 1449 485 1480 concessis
501 1449 609 1480 merito
625 1450 694 1491 quis
709 1450 840 1492 perinde
856 1449 1044 1491 interrogare
1060 1454 1177 1491 posset,
1193 1454 1230 1480 ut
1244 1454 1277 1481 et
1291 1450 1353 1492 ipsi
1377 1451 1474 1494 [250]
1499 1462 1594 1495 supra
1610 1453 1662 1484 in-

197 1501 420 1543 terrogavimus
431 1513 497 1540 eos,
513 1503 567 1545 qui
583 1513 675 1535 omne
691 1503 828 1536 calidum
843 1509 876 1535 et
890 1503 1038 1545 frigidum
1053 1513 1121 1535 esse
1132 1503 1291 1536 volebant.
1333 1504 1429 1536 Tria..
1446 1505 1662 1542 Quemadmo-

197 1555 297 1586 dum?
320 1566 456 1587 memora
470 1557 558 1598 mihi,
572 1556 599 1588 si
614 1557 728 1599 placet.
773 1557 840 1590 Ηο.
865 1557 1013 1590 Conabor
1035 1557 1182 1600 equidem
1208 1558 1320 1589 eodem
1344 1559 1437 1590 modo
1458 1560 1514 1591 abs
1529 1565 1559 1591 te
1575 1571 1661 1593 nunc

198 1619 347 1650 quaerere,
373 1621 437 1651 quo
461 1611 500 1641 ab
526 1611 598 1648 illis,
626 1616 660 1642 ut
684 1611 802 1653 aliquid
830 1611 1041 1653 proficiamus.
1085 1610 1170 1642 Tris.
1194 1611 1338 1652 Optime.
1383 1611 1450 1645 Ho.
1473 1613 1600 1645 Motum
1627 1619 1661 1646 et

197 1667 311 1694 statum
326 1673 432 1695 nonne
445 1663 578 1696 invicem
595 1665 749 1696 contraria
764 1665 895 1696 maxime
911 1675 1075 1708 nuncupas
1089 1666 1101 1697 ?
1145 1664 1233 1696 Tua.
1256 1665 1321 1696 Cur
1330 1666 1418 1697 non?
1463 1666 1529 1698 Ηο.
1552 1667 1661 1699 Enim-

195 1726 268 1747 vero
294 1727 361 1748 esse
385 1717 439 1748 illa
462 1717 604 1749 similiter
629 1718 686 1755 ais,
711 1723 744 1750 et
767 1718 859 1749 ambo
882 1718 1008 1760 pariter,
1029 1723 1062 1750 et
1087 1722 1263 1760 utrumque.
1308 1718 1396 1751 Tun.
1419 1717 1482 1751 Aio
1501 1721 1661 1763 equidem.

198 1769 265 1802 Ηο.
289 1771 427 1808 Quando
457 1782 524 1803 esse
550 1778 715 1814 utrumque
744 1777 777 1803 et
802 1773 893 1803 ambo
919 1773 1082 1814 concedis,
1107 1775 1182 1804 tunc
1209 1772 1324 1803 moveri
1352 1773 1528 1814 praedicas?
1572 1773 1660 1808 Tun.

198 1823 298 1854 Nullo
313 1830 418 1866 pacto.
464 1825 530 1857 Ho.
554 1826 606 1856 An
622 1831 702 1857 stare
719 1826 798 1857 forte
814 1826 983 1868 significas,
998 1837 1069 1858 cum
1094 1836 1165 1858 esse
1188 1830 1354 1868 utrumque
1381 1826 1460 1859 dicis
1485 1833 1518 1858 et
1542 1829 1661 1860 ambo?

197 1877 286 1910 Tur..
309 1877 422 1920 Neque
436 1879 507 1910 hoc.
550 1879 618 1910 Ho.
642 1879 725 1922 Ergo
742 1879 865 1911 tertium
881 1880 1029 1922 quiddam
1045 1880 1149 1922 ipsum
1166 1890 1220 1911 ens
1231 1880 1370 1922 cogitas3
1394 1885 1427 1912 et
1439 1885 1586 1923 tanquam
1603 1883 1661 1914 sub

198 1931 254 1962 illo
271 1936 371 1962 motus
386 1938 419 1963 et
433 1937 533 1964 status
548 1932 781 1971 contineantur,
805 1934 1045 1976 comprehendis
1064 1938 1209 1976 utraque,
1224 1938 1319 1975 atque
1340 1944 1446 1965 eorum
1468 1934 1502 1966 in
1526 1936 1663 1967 essentia

199 1985 448 2017 communionem
465 1987 645 2028 respiciens,
658 1987 703 2018 sic
719 1998 785 2019 esse
799 1988 892 2019 ambo
914 1987 1109 2019 denominas-
1152 1987 1239 2019 Tun.
1263 1987 1417 2019 Videmur
1441 1998 1473 2020 re.
1489 1999 1560 2020 vera
1575 1990 1663 2021 terti-

200 2049 251 2069 um
267 2038 418 2080 quiddam
433 2039 536 2081 ipsum
562 2051 618 2071 ens
633 2041 805 2083 vaticinari,
819 2042 946 2084 quando
972 2046 1090 2073 motum
1113 2046 1146 2073 et
1166 2046 1280 2073 statum
1308 2052 1376 2073 esse
1401 2035 1568 2076 dicimus.‘
1592 2043 1663 2075 ΗΟ.

198 2091 268 2124 Hac
283 2093 323 2124 de
337 2103 431 2124 causa
443 2093 548 2136 ipsum
564 2104 620 2125 ens
642 2095 734 2126 ambo
760 2094 820 2126 ista
844 2099 945 2126 motus
968 2100 1000 2126 et
1015 2099 1114 2126 status
1129 2104 1193 2126 non
1208 2099 1266 2131 est,
1282 2095 1338 2126 sed
1355 2100 1466 2136 praeter
1479 2096 1548 2128 haec
1562 2096 1661 2130 aliud.

198 2145 287 2179 Tmz.
309 2145 462 2188 Apparet.
506 2147 572 2180 Ho.
597 2147 662 2179 Ens
677 2148 783 2190 itaque
798 2154 909 2190 suapte
925 2154 1035 2179 natura
1052 2159 1154 2190 neque
1170 2153 1231 2179 stat
1246 2149 1371 2190 penitus
1386 2159 1490 2191 neque
1505 2156 1660 2183 movetur.

197 2198 284 2230 Tne.
307 2199 359 2231 Sic
382 2202 477 2231 ferme
500 2200 681 2233 dicendum.
725 2202 791 2235 Ho.
816 2203 962 2239 Quonam
988 2202 1137 2244 cogitatio
1162 2203 1384 2240 convertenda,
1412 2208 1448 2233 ut
1469 2203 1591 2235 animus
1620 2204 1663 2236 de

200 2256 272 2283 cute
299 2257 397 2283 ratum
425 2253 544 2295 aliquid
569 2259 603 2285 et
625 2255 821 2286 manifestum
837 2256 975 2287 habeat?
1017 2255 1106 2288 Tru-2.
1130 2255 1258 2297 Ignoto.
1302 2256 1367 2287 Ho.
1389 2256 1486 2288 Haud
1502 2257 1594 2288 facile
1611 2268 1662 2288 us-

198 2316 292 2347 quam
307 2306 446 2338 arbitror.
468 2308 494 2337 si
509 2308 586 2349 quid
602 2307 684 2339 enim
701 2319 764 2340 non
779 2315 933 2351 movetur,
946 2320 1000 2341 cur
1015 2320 1079 2340 non
1104 2314 1165 2341 stet
1187 2310 1294 2341 saltem
1307 2310 1319 2340 ?
1343 2310 1392 2341 vel
1407 2311 1493 2352 quod
1509 2321 1573 2341 non
1588 2316 1663 2349 stat,

199 2370 254 2390 cur
280 2370 344 2391 non
371 2361 551 2392 moveatur?
596 2361 661 2393 Ens
684 2372 756 2393 vero
783 2362 875 2394 nobis
897 2368 982 2394 extra
1004 2363 1071 2394 haec
1097 2367 1226 2405 utraque
1242 2374 1309 2394 esse
1323 2364 1482 2406 apparuit.
1505 2364 1612 2396 fierine
1627 2364 1661 2395 id

201 2414 324 2454 potest?
369 2415 455 2446 Tus.
479 2415 614 2447 Minime
637 2417 788 2449 omnium.
833 2417 902 2449 Ho.
925 2417 996 2449 Hoc
1021 2416 1131 2459 utique
1154 2418 1306 2449 recordari
1331 2418 1363 2448 in
1385 2418 1549 2459 praesentia
1563 2418 1663 2449 debe-

199 2477 279 2498 mus.
322 2467 409 2501 ans.
433 2469 536 2506 Quale
549 2470 606 2502 id?
651 2470 720 2502 Ho.
741 2471 836 2508 Quod
858 2472 898 2503 de
913 2482 977 2502 non
994 2472 1075 2503 eutis
1090 2471 1217 2502 nomine
1234 2471 1424 2513 interrogati,
1437 2470 1562 2503 cuinam
1584 2482 1662 2503 con-

199 2520 330 2557 veniret,
346 2521 502 2553 declarare
515 2524 723 2564 nequivimus.
744 2525 978 2557 recordarisne?
1022 2525 1109 2558 THE.
1133 2525 1253 2562 Quidni
1269 2526 1431 2557 recorder?
1476 2525 1544 2558 Ho.
1567 2525 1662 2556 Nun-

201 2574 275 2614 quid
292 2574 374 2605 circa
400 2585 455 2606 ens
481 2577 574 2607 modo
596 2577 794 2610 facundiores
821 2579 948 2610 sumus?
991 2579 1077 2610 Tne.
1102 2579 1186 2610 Mihi
1210 2579 1352 2621 quidem,
1367 2581 1494 2621 hospes,
1517 2579 1542 2611 si
1567 2579 1662 2610 modo

201 2627 263 2657 dici
279 2633 394 2669 potest,
411 2630 508 2670 magis
523 2631 656 2663 deficere
672 2642 756 2664 nunc
769 2633 921 2666 videmur.
966 2633 1034 2678 ΗΟ.
1058 2633 1129 2665 Hoc
1151 2644 1224 2675 ergo
1248 2633 1299 2665 hic
1321 2639 1455 2676 ponatur
1469 2634 1661 2676 ambiguum.

201 2686 367 2723 postquam
384 2693 456 2714 vero
472 2689 534 2715 tam
548 2694 604 2715 ens
619 2695 712 2727 quam
729 2697 791 2718 non
808 2698 863 2718 ens
878 2699 915 2719 ex
932 2697 1023 2730 aequo
1039 2687 1129 2719 nobis
1143 2689 1308 2719 obscurum
1334 2693 1382 2720 est
1396 2688 1506 2730 visum,
1528 2697 1600 2730 spes
1613 2697 1663 2719 re-

200 2739 262 2765 stat
275 2735 438 2777 deinceps,
453 2737 480 2768 si
495 2738 624 2769 alterum
649 2739 762 2771 clarius
786 2741 835 2772 vel
862 2742 1023 2774 obscurius
1040 2741 1205 2779 videbitur,
1221 2747 1252 2773 et
1267 2742 1395 2774 alterum
1412 2743 1551 2773 similiter
1562 2742 1662 2772 visum

199 2788 257 2819 iri:
281 2794 314 2819 et
326 2789 352 2820 si
367 2790 495 2821 alterum
513 2791 653 2832 ignotum
669 2794 807 2835 penitus,
820 2795 950 2826 alterum
975 2796 1073 2837 [251]
1097 2806 1223 2838 quoque
1238 2795 1377 2828 similiter
1389 2797 1466 2827 sore.
1488 2804 1662 2826 sermonem

198 2843 294 2884 igitur
307 2849 456 2886 quantum
474 2855 637 2886 possumus
652 2847 870 2880 decentissime
886 2849 969 2881 circa
991 2855 1156 2892 utrumque
1170 2850 1282 2891 pariter
1299 2859 1529 2891 persequamur.
1574 2847 1661 2880 Tne.

199 2896 293 2928 Scite.
339 2897 405 2929 Ho.
431 2897 582 2930 Dicamus
605 2899 699 2941 plane
722 2912 785 2943 quo
810 2907 903 2944 pacto
929 2904 1035 2935 multis
1063 2904 1242 2935 nominibus
1267 2904 1351 2935 idem
1379 2904 1438 2934 hoc
1453 2901 1662 2944 appellamus.

197 2949 281 2982 Tus.
303 2950 488 2994 Exemplum
515 2954 555 2985 ad
578 2954 637 2986 hoc
664 2954 806 2988 inducas.
862 2956 928 2990 Ho.
954 2958 1125 2991 Hominem
1151 2969 1248 2990 unum
1273 2962 1419 2990 vocantes
1446 2953 1660 2998 cognomentis
