1846 3268
182 294 275 344 182]
667 287 933 329 PLAToms
965 290 1186 330 meuse.
1584 296 1632 334 71

178 395 265 432 estis,
294 393 473 436 p‘mdicere.
517 391 577 423 Nx.
601 392 797 424 Sententiam
837 392 979 434 profecto
1009 395 1153 431 vestram,
1179 403 1198 425 o
1223 391 1412 435 Lysimache
1433 399 1467 426 et
1492 394 1639 437 Mdesin,

176 449 287 491 probo,
309 453 342 479 et
356 447 516 479 vobiscum
539 447 607 477 una'
626 446 811 488 investigare
826 452 954 488 paratus
975 457 1064 478 sum:
1089 446 1290 489 similiterque
1306 447 1453 479 affectum
1467 448 1552 480 hunc
1577 449 1639 480 La-

175 502 296 534 chetem
311 501 462 532 existimo.
506 500 569 532 LA.
592 500 676 532 Vera
691 500 871 542 perpendis,
883 511 901 531 o
917 500 1022 532 Nicia.
1045 501 1200 543 profecto,
1226 501 1312 542 quod
1329 501 1424 543 paulo
1439 506 1512 533 ante
1528 502 1641 533 refere-

175 556 228 587 bat
243 554 446 597 Lysimachus
461 554 501 585 de
516 564 573 586 suo
588 559 621 585 et
635 554 779 585 Melesiae
795 558 897 596 patre,
923 564 1017 596 quarn
1045 555 1204 596 aptissime
1220 554 1340 586 dictum·
1354 554 1431 586 mihi
1445 555 1566 586 videtur
1581 557 1639 587 ad·

176 619 282 640 versus
296 608 379 649 illos,
393 613 426 640 et
439 619 510 648 nos,
534 612 567 640 et
592 618 713 649 omneS,
736 607 918 649 quicunque
945 607 1052 639 civilia
1067 612 1212 639 tractant.
1235 618 1318 644 narn,
1341 608 1427 649 quod
1454 609 1639 649 querebatur

175 662 393 704 Lysimachus,
407 662 452 693 illi
469 667 530 693 tam
545 661 638 702 filios,
662 671 757 703 quam
772 666 876 693 cetera
891 661 1076 699 domestica,
1091 661 1268 703 negligunt.
1288 662 1322 692 in
1345 661 1394 692 his
1407 661 1514 704 itaque
1529 662 1638 703 probe,

179 715 378 759 Lysimache,
395 716 541 758 loqueris.
587 716 683 754 Quod
699 720 805 746 autem
819 726 877 746 nos
891 716 929 747 ad
946 715 1188 747 consultandum
1203 715 1244 746 de
1258 715 1434 748 eruditione
1457 716 1639 748 adolescen-

176 773 242 800 tum
257 770 401 807 accersis,
415 771 573 801 Socratem
590 772 699 801 autem'
719 769 811 800 istum
834 780 899 800 non
925 769 1052 807 invitas,
1078 769 1232 801 admiror:
1255 769 1355 811 primo
1380 769 1508 811 quidem
1535 770 1642 802 conci-

177 833 246 854 vem
260 835 270 863 3
291 824 408 855 deinde
423 824 474 856 hic
485 829 522 855 ut
536 824 702 866 plurimum
718 828 953 856 conversantem
969 828 1228 865 tractantemque,
1238 823 1292 854 ubi
1303 823 1408 865 aliqua
1421 823 1461 855 sit
1476 823 1642 864 disciplina

174 878 383 916 decoramus,
398 878 522 920 qualem
539 878 648 920 exigis,
676 883 709 909 et
733 878 914 910 exercitatio
931 877 1097 920 juvenum.
1141 878 1204 909 Lv.
1227 877 1314 915 Quid
1333 877 1390 915 ais,
1415 877 1559 909 Laches?
1583 878 1641 908 So·

177 936 276 963 crates
291 932 342 963 hic
358 932 433 963 talia
448 943 585 974 unquam
602 931 722 964 curavit
737 932 748 963 ?
794 932 855 963 LA.
878 931 921 962 Et
933 932 1066 963 maxime
1088 931 1228 974 quidem,
1243 931 1442 974 Lysimache.
1487 930 1548 962 Nr.
1569 930 1640 972 Ego

175 997 300 1028 quoque
322 987 362 1017 ad
378 988 437 1018 hoc
453 997 516 1017 non
531 987 678 1028 deterior,
703 997 796 1028 quam
821 986 954 1024 Laches,
981 987 1068 1018 testis
1083 996 1150 1018 esse
1165 997 1302 1027 possum.
1346 984 1458 1026 Nuper
1471 985 1554 1016 enim
1571 985 1643 1016 hos-

174 1040 271 1085 piteru
286 1041 327 1072 ad
342 1051 391 1072 me
413 1041 548 1072 deduxit
572 1040 736 1072 erudiendi
762 1040 823 1071 filii
845 1040 942 1081 gratia
956 1039 1142 1082 Agathoclis
1162 1039 1349 1081 discipulum
1366 1038 1556 1079 Damonem,
1572 1048 1641 1068 mu-

175 1095 248 1126 sicae
265 1099 500 1137 praeceptorem,
519 1095 670 1126 urbanum
687 1095 815 1137 quidem
837 1094 936 1126 virum
953 1106 1018 1137 prae
1033 1095 1157 1135 ceteris,
1178 1099 1272 1136 atque
1293 1093 1427 1135 pretium
1448 1103 1512 1124 non
1527 1092 1559 1122 in
1574 1103 1642 1124 mu—

174 1147 239 1179 sica
253 1148 365 1190 solum,
380 1149 438 1180 sedv
451 1149 545 1180 etiam
559 1150 591 1180 in
606 1149 718 1181 ceteris
733 1149 945 1186 facultatibus,
972 1149 1084 1191 quibus
1106 1154 1190 1180 certe
1205 1148 1318 1189 dignus
1333 1147 1380 1184 fit,
1408 1151 1443 1177 ut
1462 1146 1531 1187 ejus
1546 1146 1642 1178 disci·

175 1201 271 1244 plinae
286 1204 571 1246 consuetudinique
585 1204 802 1236 adolescentes
817 1203 973 1245 ejusmodi
997 1203 1241 1236 committantur.
1285 1202 1348 1233 Lv.
1372 1199 1469 1231 Haud
1494 1199 1640 1241 amplius,

178 1266 197 1286 o
212 1255 366 1297 Socrates,
383 1255 549 1299 Niciaque,
567 1263 600 1289 et
614 1258 747 1299 Laches,
763 1269 822 1300 ego
838 1263 934 1300 atque
948 1257 1085 1300 aequales
1100 1257 1173 1294 mei,
1185 1255 1327 1297 juniores
1341 1254 1569 1296 cognoscimus,
1591 1258 1642 1284 ut·

177 1314 253 1350 pote
273 1309 402 1352 quinos
417 1311 502 1341 domi
517 1311 557 1342 ob
584 1315 708 1342 aetatem
732 1311 900 1353 plurimum
923 1308 1133 1344 continemus.
1155 1320 1263 1341 verum
1287 1309 1312 1340 si
1335 1308 1413 1350 quid
1432 1307 1520 1346 boni,
1541 1318 1560 1338 o
1583 1307 1641 1338 So-

175 1363 332 1404 phronisci
347 1363 407 1405 fili,
421 1365 544 1396 concivi
559 1365 632 1397 huic
651 1370 704 1396 tuo
719 1365 882 1397 consulere
898 1370 1002 1407 potes,
1013 1365 1154 1397 consule.
1177 1364 1270 1408 decet
1279 1362 1363 1394 enim
1378 1374 1385 1393 ι
1409 1372 1479 1393 nam
1493 1366 1640 1404 paternus

176 1416 266 1448 nobis
281 1427 315 1449 es
329 1419 458 1451 amicuss
481 1430 603 1461 semper
617 1420 699 1451 enim
717 1431 776 1462 ego
793 1431 829 1452 ac
845 1424 934 1462 pater
950 1426 1020 1451 tuus
1036 1419 1201 1451 familiares
1216 1418 1372 1458 amicique
1386 1416 1512 1454 fuimus,
1536 1425 1573 1447 ac
1586 1415 1642 1446 ille

175 1470 241 1502 vita
256 1472 341 1512 prius
357 1473 505 1510 decessit,
531 1484 625 1516 quam
648 1474 713 1505 ulla
740 1475 823 1515 inter
847 1484 905 1505 nos
926 1473 1066 1504 simultas
1087 1473 1267 1504 exoriretur.
1310 1470 1398 1502 Mihi
1412 1479 1538 1511 quoque
1560 1479 1641 1510 quo-

175 1523 343 1557 dammodo
360 1537 450 1558 aures
465 1528 569 1560 adhuc
585 1527 721 1559 Socratis
732 1538 849 1558 nomen
865 1527 1086 1568 circumsonat,
1101 1526 1186 1568 quod
1203 1525 1236 1556 hi
1252 1525 1341 1567 pueri
1355 1523 1440 1555 domi
1457 1523 1643 1554 altercantes

176 1577 310 1610 invicem
325 1579 504 1622 frequenter
518 1586 683 1622 usurpant,
698 1582 919 1621 celebrantque
935 1589 1150 1621 summopere:
1174 1589 1254 1621 quos
1275 1588 1334 1620 ego
1350 1578 1491 1609 nondum
1507 1587 1640 1617 percon-

173 1637 257 1664 tatus
280 1644 361 1672 sum,
387 1639 490 1664 utrum
506 1635 666 1664 Socratem
691 1633 893 1673 Sophronisci
915 1633 1014 1662 filium
1038 1633 1158 1670 dicant,
1183 1633 1280 1674 [181]
1305 1641 1345 1663 an
1369 1632 1476 1663 alium.
1520 1630 1596 1666 Sed,
1619 1641 1639 1661 o

175 1686 277 1728 pueri,
293 1686 391 1717 dicite
407 1686 496 1722 mihi,
512 1686 605 1716 hicne
619 1686 762 1716 Socrates
775 1685 842 1722 ille,
859 1688 952 1724 quem
969 1685 1048 1716 adeo
1063 1686 1242 1726 frequenter
1255 1694 1495 1716 commemorare
1509 1683 1640 1716 soletis?

176 1739 242 1771 Pu.
265 1738 330 1770 Iste
347 1739 455 1780 pr'ocul
471 1739 580 1776 dubio,
595 1743 696 1780 pater.
741 1738 803 1771 Lv.
827 1739 917 1770 Bene
932 1739 1061 1780 quidem
1077 1749 1132 1780 per
1145 1738 1317 1776 Junonem,
1342 1748 1362 1768 o
1377 1738 1531 1774 Socrates,
1554 1737 1642 1778 quod

175 1799 248 1836 erga
265 1797 383 1834 patrem
401 1797 488 1823 tuum
503 1796 587 1823 recte
603 1796 634 1823 te
651 1791 730 1833 geris
745 1791 883 1822 omnium
898 1791 1032 1822 virorum
1057 1791 1224 1833 optimum,
1250 1797 1283 1822 et
1303 1792 1390 1832 quod
1404 1791 1496 1822 nobis
1517 1791 1642 1832 propria

176 1853 230 1879 tua
253 1851 355 1884 erunt,
382 1846 500 1888 tibique
526 1850 642 1878 nostra.
688 1845 750 1878 LA.
775 1845 827 1876 Ne
859 1845 957 1876 virum
981 1846 1066 1876 hunc
1089 1845 1241 1886 dimittas,
1266 1845 1464 1886 Lysimacho.
1486 1855 1558 1875 nam
1580 1855 1640 1886 ego

174 1901 249 1933 alibi
264 1901 366 1943 ipsum
378 1900 502 1942 inspexi
517 1900 707 1942 quandoque
723 1910 788 1930 non
803 1909 876 1941 erga
891 1904 1009 1941 patrem
1026 1903 1160 1935 tanturn,
1181 1908 1288 1929 verum
1303 1898 1397 1929 etiam
1412 1909 1486 1940 erga
1502 1899 1639 1945 patriam

175 1955 284 1986 mirum
299 1955 333 1986 in
348 1956 475 1986 modum
492 1954 676 1986 officiosum.
698 1964 789 1996 porro
814 1954 848 1985 in
874 1953 943 1996 ipsa
966 1954 1050 1995 apud
1075 1952 1207 1984 Delium
1221 1953 1296 1994 fuga
1309 1962 1432 1984 mecum
1448 1963 1512 1984 una
1526 1953 1640 1994 pedem

175 2009 303 2042 retulit:
326 2008 424 2051 idque
450 2013 550 2040 ratum
575 2009 690 2040 habeas
716 2009 821 2045 velim,
844 2009 931 2053 quod
952 2007 978 2039 si
1001 2007 1098 2040 ceteri
1123 2007 1266 2038 similiter
1290 2017 1323 2038 se
1345 2007 1522 2048 gessissent,
1556 2007 1642 2038 haud

176 2067 272 2095 totam
287 2073 434 2104 perpessa
445 2063 555 2094 suisset
569 2063 678 2094 civitas
693 2067 797 2094 nostra
812 2062 945 2094 ruinam.
991 2061 1054 2095 LY.
1078 2061 1209 2102 Optima
1224 2061 1291 2092 haec
1307 2060 1374 2092 laus
1384 2066 1442 2098 cst,
1455 2071 1474 2092 o
1486 2061 1641 2098 Socrates,

176 2125 247 2158 quae
262 2116 320 2148 tibi
334 2127 418 2148 nunc
433 2126 452 2147 a
467 2116 539 2147 viris
565 2116 628 2147 fide
651 2116 756 2158 dignis
781 2116 942 2156 tribuitur,
967 2115 1021 2157 qui
1036 2115 1069 2146 in
1083 2115 1196 2146 iisdem
1211 2115 1362 2146 laudandi
1378 2121 1410 2146 et
1425 2115 1484 2156 ipsi
1501 2121 1585 2152 sunt,
1608 2115 1642 2146 in

178 2171 293 2213 quibus
310 2175 340 2202 te
355 2170 494 2201 laudant.
540 2170 626 2202 Scito
641 2170 750 2212 igitur,
765 2181 815 2202 me
829 2175 884 2201 tua
901 2169 999 2201 laetari
1014 2169 1123 2211 gloria,
1139 2169 1260 2211 tibique
1282 2179 1401 2200 summa
1424 2169 1644 2201 benevolentia

176 2235 243 2256 esse
259 2225 440 2256 devinctum
455 2225 641 2257 existimato.
688 2225 824 2266 Oportet
850 2235 936 2266 ergo,
960 2229 991 2255 te
1015 2225 1147 2266 primum
1170 2224 1211 2254 ad
1226 2234 1283 2254 nos
1305 2224 1467 2264 accedere,
1495 2223 1643 2254 domesti-

177 2283 310 2321 cosque,
323 2283 359 2310 ut
372 2279 476 2317 decet,
491 2289 629 2311 censere.
674 2279 779 2316 Quare
796 2280 940 2321 posthac,
956 2283 1123 2320 postquam
1147 2289 1204 2309 nos
1224 2277 1360 2309 invicem
1383 2277 1577 2318 agnovimus,
1600 2287 1642 2309 ue

179 2333 268 2364 aliter
283 2333 399 2364 facias:
423 2333 517 2364 immo
544 2333 766 2364 benevolentia
789 2334 924 2374 quadam
949 2333 1122 2364 domestica
1146 2331 1361 2373 complectaris
1381 2335 1413 2362 et
1438 2341 1506 2368 nos,
1530 2336 1562 2362 et
1586 2332 1644 2362 hos

175 2386 331 2429 juniores,
344 2392 380 2418 ut
394 2393 502 2418 mutua
517 2388 597 2419 inter
611 2398 670 2419 nos
682 2388 821 2419 amicitia
836 2388 984 2429 utrinque
1000 2391 1147 2418 servetur.
1190 2386 1271 2418 Haec
1286 2395 1362 2416 sane
1377 2389 1410 2416 et
1425 2390 1459 2415 tu
1481 2384 1588 2421 facies,
1611 2390 1644 2416 et

177 2452 234 2472 nos
249 2441 398 2483 deinceps
414 2441 524 2473 iterum
539 2442 573 2473 in
591 2441 770 2473 memoriam
782 2442 1004 2473 revocabimus.
1049 2440 1102 2472 Ad
1118 2440 1151 2471 id
1169 2444 1284 2477 autem,
1312 2439 1398 2481 quod
1411 2438 1565 2480 inquirere
1579 2449 1643 2471 coe·

176 2495 294 2536 pimus,
320 2494 397 2536 quid
421 2494 549 2526 dicitis?
593 2495 680 2526 Num
708 2497 884 2527 conducere
907 2482 1026 2537 putatis
1047 2494 1311 2531 adolescentibus,
1335 2498 1369 2524 ut
1390 2493 1481 2524 armis
1504 2503 1644 2534 pugnare

175 2548 354 2590 perdiscant
367 2549 378 2579 ἓ
424 2549 480 2580 So.
504 2549 650 2580 Conabor
665 2549 823 2591 equidem,
840 2560 858 2580 o
875 2548 1075 2591 Lysimache,
1092 2548 1117 2578 si
1133 2547 1210 2589 quid
1225 2551 1337 2588 potero
1353 2546 1393 2577 de
1407 2546 1456 2577 his
1469 2547 1644 2587 consulere,

176 2606 209 2634 et
223 2612 294 2643 quae
310 2602 451 2643 postulas
466 2607 581 2634 cuncta
596 2603 756 2644 perficere.
778 2631 782 2634 .
802 2603 919 2634 Verum
935 2613 992 2644 par
1007 2612 1075 2633 esse
1089 2601 1165 2632 mihi
1178 2601 1312 2638 videtur,
1328 2604 1375 2642 ut,
1391 2610 1461 2631 cum
1483 2604 1516 2631 et
1536 2599 1644 2641 junior

175 2655 237 2697 his,
251 2660 284 2686 et
297 2656 338 2686 ad
346 2655 420 2686 'haec
435 2655 607 2696 imperitior
620 2657 690 2697 ipse
704 2656 775 2697 sim,
789 2657 916 2688 audiam
932 2656 1032 2698 primo
1047 2655 1123 2696 quid
1140 2654 1202 2696 ipsi
1213 2654 1363 2695 sentiant,
1379 2654 1580 2694 discamque:
1603 2664 1640 2684 ac

180 2708 297 2751 siquid
313 2709 394 2739 ultra
414 2709 586 2740 sententias
607 2708 731 2741 illorum
744 2711 897 2751 habuero,
919 2715 994 2741 tunc
1011 2710 1136 2740 demum
1152 2708 1211 2739 tibi
1225 2708 1336 2750 hisque
1357 2706 1505 2748 aperiam.
1549 2706 1645 2738 Cete-

175 2773 243 2794 rum
258 2774 313 2795 cur
327 2773 392 2794 non
406 2762 474 2803 ipse
491 2763 586 2804 prior,
601 2773 621 2794 o
637 2762 743 2800 Nicia,
756 2763 915 2806 loqueris?
959 2762 992 2794 N
995 2773 1021 2794 1.
1042 2762 1131 2793 Nihil
1143 2762 1300 2803 prohibet,
1312 2761 1464 2792 Socrates.
1507 2759 1644 2791 Videtur

177 2815 255 2854 mihi
270 2816 380 2858 peritia
393 2817 460 2847 haec
486 2815 601 2857 passim
626 2817 773 2856 prodesse
792 2816 985 2856 juvenibus:
1009 2825 1111 2857 neque
1134 2815 1169 2845 in
1193 2815 1241 2845 his
1267 2814 1505 2850 immorandum,
1528 2813 1644 2855 quibus

175 2869 309 2912 juvenes
324 2869 422 2901 otium
438 2869 524 2901 nacti
535 2879 602 2901 sese
616 2870 691 2900 dare
704 2874 932 2902 consueverunt
946 2881 956 2909 ;
978 2870 1034 2900 sed
1045 2879 1114 2901 eam
1125 2868 1306 2900 facultatem
1317 2878 1495 2909 comparare
1506 2871 1644 2908 praestat,

177 2935 233 2966 per
248 2934 340 2966 quarn
352 2923 477 2955 habitus
492 2922 630 2965 corporis
646 2924 791 2955 robustus
813 2923 998 2966 adquiritur.
1020 2922 1110 2954 nulla
1131 2922 1215 2953 enim
1239 2922 1302 2953 alia
1320 2920 1542 2952 exercitatione
1561 2918 1642 2950 infe-

177 2976 239 3008 rior
252 2977 319 3009 haec
334 2981 393 3015 est,
417 2975 515 3018 [182]
541 2981 597 3008 aut
612 2976 716 3008 minus
731 2976 896 3009 laboriosa.
918 2976 1010 3011 decet
1025 2980 1173 3018 praeterea
1188 2975 1319 3008 liberum
1341 2974 1497 3006 hominem
1509 2971 1641 3004 maxime
