1846 3268
217 256 295 294 342
741 273 743 275 -
807 252 1072 293 PLATONIS
1582 259 1679 310 [220

216 357 354 398 ruerunt,
365 361 535 399 comparet,
549 356 660 399 partim
673 356 864 388 sermonibus
876 357 1114 399 actionibusque
1125 357 1266 401 capiens,
1282 357 1393 400 partim
1407 358 1605 400 capientibus
1615 369 1679 390 non

215 411 406 445 concedens.
426 411 512 444 Tms.
537 411 652 443 Decet.
676 410 742 442 Ηο.
765 410 847 443 Cum
861 411 1011 452 quaelibet
1025 422 1072 443 ars
1087 417 1142 443 aut
1156 413 1189 443 in
1204 413 1349 445 faciendo
1369 418 1424 444 aut
1439 413 1471 444 iu
1487 413 1679 455 acquirendo

218 469 367 502 versetur,
402 475 465 507 quo
502 465 536 496 in
574 476 685 507 genere
713 465 855 507 peritiam
886 465 1028 507 piscandi
1053 467 1230 508 ponemus?
1273 466 1362 498 Τιιε.
1385 466 1424 497 In
1453 477 1492 498 eo
1521 466 1680 503 videlicet,

217 519 303 561 quod
319 519 460 561 acquirit.
504 519 572 552 Ho.
596 519 712 551 Nonne
728 519 809 561 ejus,
824 519 909 561 quod
936 519 1081 561 acquirit,
1104 521 1175 552 duae
1191 525 1263 552 sunt
1286 521 1429 562 species?
1452 531 1516 552 una
1531 520 1611 552 inter
1626 530 1682 552 vo·

217 573 319 605 lentes
344 573 560 615 commutatio,
584 574 681 611 dono,
706 574 876 615 emptione,
902 573 1067 605 mercede:
1091 574 1188 606 altera
1211 574 1416 617 mancipatio,
1441 574 1491 606 vel
1517 584 1611 616 opere
1631 574 1681 606 vel

218 637 359 658 sermone
379 627 474 659 facta.
515 627 604 660 Tne.
629 626 676 659 Ex
702 627 760 665 his,
776 638 847 670 quae
863 628 950 660 dicta
965 633 1049 664 sunt,
1066 628 1112 660 sic
1133 639 1200 660 esse
1215 633 1349 661 constat.
1394 628 1459 659 Ho.
1481 627 1682 670 Mancipatio

218 690 291 711 vero
303 681 431 722 duplex.
475 681 563 714 Tne.
588 682 662 720 Qua
675 681 819 714 ratione?
864 682 931 714 Ho.
956 682 1030 714 Una
1045 683 1171 724 quidem
1187 689 1309 725 patens,
1325 693 1395 724 quae
1406 682 1555 714 certando
1571 681 1680 723 capit:

219 735 316 766 altera
340 735 452 773 latens,
480 746 551 778 quae
577 736 735 768 venando.
777 736 864 767 Tne.
886 736 937 766 Ita
966 740 1025 767 est.
1070 736 1137 767 Ho.
1161 736 1362 767 Venatoriam
1388 745 1514 777 quoque
1539 734 1681 767 bifariam

220 789 360 821 dividere
375 789 478 821 decet.
521 789 609 820 Tan.
633 790 804 827 Quomodo
826 787 993 818 bifariam?
1038 788 1104 818 Ηο.
1126 788 1194 819 Aut
1208 789 1292 820 enim
1313 799 1376 821 rem
1392 794 1549 830 expertem
1564 789 1681 827 anima,

219 848 274 876 aut
288 843 455 875 animatam
470 847 608 874 venatur.
652 842 740 873 Tne.
764 839 909 878 Quidni?
933 841 959 872 si
974 841 1101 882 quidem
1117 842 1208 873 ambo
1222 843 1290 874 haec
1299 847 1382 874 sunt.
1427 841 1494 874 Ho.
1516 842 1597 873 Sunt
1609 852 1681 884 pro-

216 898 313 930 fecto.
336 901 368 930 et
382 900 507 938 oportet
521 895 605 937 quod
630 895 726 937 [220]
750 894 789 925 ad
806 894 977 925 inanimum
1000 894 1147 936 pertinet,
1170 896 1356 938 equivocum
1372 895 1549 935 dimittere3
1571 900 1682 937 praeter

216 951 367 994 quasdam
383 949 544 982 natatoriae
560 949 710 991 potentiae
725 952 840 990 partes,
865 953 898 979 et
912 947 975 979 alia
1002 947 1184 990 hujusmodi
1206 950 1319 992 exigua
1334 949 1588 991 praetermittere;
1613 949 1681 980 ani-

216 1010 370 1037 matorum
396 1014 469 1036 vero
498 1007 672 1045 capturam,
700 1001 882 1034 animalium
911 1002 1110 1034 venationem
1139 1013 1260 1034 vocare.
1302 1002 1390 1034 Tne.
1413 1001 1466 1034 Sic
1490 1006 1570 1034 esto.
1612 1001 1682 1034 Ho.

215 1058 403 1091 Venationis
418 1056 599 1099 hujusmodi
615 1056 723 1088 merito
737 1056 808 1087 duae
825 1060 897 1087 sunt
907 1055 1027 1097 species
1041 1068 1048 1087 :
1066 1066 1129 1087 una
1139 1055 1267 1098 quidem
1285 1055 1489 1098 gressibilium
1500 1056 1682 1089 animalium

217 1112 354 1150 venatio,
370 1111 460 1143 variis
482 1111 647 1153 speciebus
663 1110 904 1152 nominibusque
927 1110 1099 1151 distineta3
1121 1110 1218 1142 altera
1242 1120 1314 1142 vero
1339 1109 1480 1152 agilium,
1495 1120 1566 1152 quae
1580 1110 1682 1142 fluen-

217 1166 295 1198 tium
309 1165 434 1198 venatio
457 1164 644 1196 nominatur.
687 1163 775 1195 Tur..
797 1163 948 1195 Omnino.
992 1163 1058 1196 Ho.
1081 1163 1223 1206 Agilium
1246 1175 1318 1196 vero
1334 1164 1477 1206 quaedam
1492 1163 1604 1206 pennis
1626 1174 1682 1207 per

216 1212 491 1263 aerem‚quaedam
508 1230 564 1262 per
578 1229 690 1262 aquarn
706 1223 871 1260 vagantur.
901 1217 988 1250 Tne.
1013 1218 1118 1251 Certe.
1152 1217 1217 1250 Ho.
1241 1217 1422 1250 Volantium
1446 1217 1569 1249 venatio
1585 1227 1682 1250 aucu-

215 1273 304 1316 pium
319 1273 507 1306 nominatur.
552 1273 640 1305 Tris.
664 1273 777 1305 Procul
794 1272 905 1305 dubio.
952 1272 1020 1304 Ho.
1045 1271 1242 1315 Aquatilium
1260 1283 1332 1304 vero
1347 1272 1410 1304 fere
1426 1271 1600 1304 summatim
1615 1271 1680 1314 pis-

214 1327 309 1360 catio.
351 1318 443 1360 Tris.
466 1327 617 1359 Omnino.
661 1327 727 1360 Ho.
752 1326 962 1358 Piscationem
989 1332 1093 1358 autem
1118 1337 1224 1359 nonne
1247 1327 1280 1358 iu
1304 1327 1368 1358 duo
1392 1328 1525 1358 maxima
1546 1325 1683 1358 membra

214 1381 406 1415 dividimus?
451 1381 538 1414 Tun.
562 1382 716 1419 Quasnam
732 1381 809 1413 ista?
855 1381 923 1413 Ho.
946 1381 1013 1412 Aut
1028 1381 1110 1413 enim
1126 1380 1304 1413 retinaculis
1327 1385 1382 1412 aut
1402 1379 1601 1422 percussione
1615 1379 1682 1421 pis·

214 1445 332 1469 camur.
376 1435 465 1467 Tne.
498 1436 644 1471 Quonam
673 1440 767 1478 pacto
796 1439 962 1478 utrumque
998 1435 1184 1477 distinguis?
1229 1434 1296 1467 Ho.
1321 1433 1482 1475 Quicquid
1513 1432 1682 1466 coercendi

217 1490 316 1532 gratia
338 1489 467 1522 cohibet
489 1489 609 1532 aliquid
624 1490 935 1532 comprehendendo,
960 1489 1166 1521 retinaculum
1197 1488 1386 1520 nominatur.
1429 1487 1517 1520 Tun.
1539 1486 1680 1519 Prorsus.

215 1543 285 1576 Ho.
306 1543 452 1581 Nassam,
468 1543 557 1582 retia,
572 1543 714 1586 laqueos,
728 1543 925 1581 verriculum,
941 1548 1108 1585 ceteraque
1123 1541 1316 1584 hujusmodi,
1328 1541 1472 1584 nunquid
1484 1542 1573 1573 aliter
1587 1551 1682 1583 quam

215 1597 390 1631 retinacula
403 1598 552 1630 vocabis?
578 1597 684 1629 ,Tria
707 1597 802 1629 Haud
829 1597 930 1629 aliter.
974 1597 1040 1630 Ho.
1063 1597 1126 1628 Hic
1147 1597 1242 1639 igitur
1263 1601 1296 1627 et
1316 1595 1396 1627 alius
1415 1595 1524 1627 similis
1545 1595 1684 1627 venandi

214 1645 338 1692 modus,
352 1652 406 1694 qui
421 1651 600 1684 cohibendo
615 1651 787 1694 perficitur,
803 1651 987 1693 piscationis
1003 1651 1126 1693 species
1136 1651 1279 1693 quaedam
1291 1655 1349 1682 est.
1391 1649 1478 1681 Tua.
1501 1648 1571 1681 Est.
1614 1647 1682 1680 Ho.

212 1705 324 1738 Exstat
339 1705 460 1748 species
475 1705 585 1748 altera,
599 1715 671 1748 quae
685 1705 785 1736 hamis
800 1710 833 1736 et
846 1705 975 1737 fuscinis
991 1710 1110 1747 captat.
1153 1704 1244 1736 Tun.
1266 1703 1360 1736 Hanc
1375 1702 1600 1746 percutientem
1616 1701 1681 1744 pis-

213 1761 370 1793 cationem
385 1759 592 1792 communiter
604 1759 765 1802 appellare
779 1759 884 1797 decet,
899 1758 960 1790 nisi
975 1763 1009 1790 tu
1021 1759 1101 1790 forte
1115 1758 1192 1800 quid
1207 1756 1365 1800 pulchrius
1379 1757 1502 1789 afferas.
1547 1755 1622 1788 Non
1633 1760 1682 1788 est

215 1814 293 1846 mihi
316 1824 398 1846 curas
421 1824 558 1847 nomen:
581 1814 643 1845 hoc
667 1823 759 1856 porro
781 1812 907 1846 sufficit.
952 1812 1020 1844 Ho.
1043 1811 1109 1844 Alii
1125 1812 1253 1854 quidem
1280 1815 1374 1844 nocte
1395 1811 1458 1843 hoc
1477 1809 1618 1843 efficiunt
1637 1809 1680 1841 ad

213 1867 295 1910 ignis
310 1867 436 1908 lumen;
459 1871 650 1910 quapropter
675 1866 807 1909 ignifera
821 1866 955 1909 piscatio
978 1870 1188 1908 nuncupatur.
1230 1865 1318 1898 Tun.
1339 1864 1479 1898 Prorsus.
1522 1864 1590 1896 110.
1612 1863 1681 1895 Alii

213 1921 278 1960 die,
306 1921 340 1953 in
368 1926 505 1953 extremo
525 1921 619 1964 virgae
644 1920 808 1963 cujusdam
829 1921 965 1953 ferentes
989 1931 1119 1962 uncum,
1143 1919 1332 1952 tridentibus
1347 1919 1406 1953 usi.
1428 1919 1515 1951 unde
1537 1921 1682 1950 contorta

212 1980 247 2008 et
260 1986 342 2008 unca
357 1975 457 2007 omnis
470 1976 537 2007 haec
553 1975 687 2017 piscatio
702 1974 892 2007 nominatur.
924 1974 1014 2007 Tne.
1037 1974 1182 2007 Constat.
1204 1973 1271 2006 Ho.
1295 1972 1360 2011 Qui
1377 1973 1529 2016 piscando
1545 1971 1682 2015 percutit

212 2034 328 2062 retorto
343 2029 479 2072 quodam
494 2029 713 2067 instrumento,
728 2034 762 2061 et
775 2029 931 2061 fuscinam
945 2028 978 2060 in
995 2029 1146 2071 superiori
1162 2034 1250 2071 parte
1275 2028 1315 2060 ad
1330 2027 1507 2059 inferiorem
1530 2025 1680 2063 demittit,

214 2083 369 2116 tridentes
389 2087 423 2114 et
444 2082 588 2115 fuscinali
612 2083 786 2125 piscatione
809 2083 857 2115 uti
882 2083 1004 2115 dicitur.
1047 2082 1136 2116 Tur..
1159 2082 1286 2115 Ferunt.
1330 2081 1399 2115 Ηο.
1422 2081 1537 2114 Restat
1557 2082 1681 2122 species

214 2137 322 2170 altera.
366 2136 454 2168 Tun.
477 2135 655 2175 Quaenam?
700 2136 768 2169 Ho.
790 2137 955 2170 Percussio
971 2137 1117 2180 quaedam
1132 2137 1225 2169 hamo
1240 2137 1335 2174 facta,
1350 2142 1462 2170 contra
1475 2147 1511 2170 ac
1527 2138 1680 2180 superior,

213 2202 317 2234 neque
331 2191 363 2223 in
380 2190 520 2234 qualibet
531 2191 665 2233 piscium
680 2197 780 2234 parte,
802 2192 899 2235 [221]
924 2192 980 2224 sed
994 2192 1028 2224 in
1051 2193 1155 2234 capite
1178 2197 1212 2224 et
1226 2202 1278 2223 ore
1294 2192 1458 2229 duntaxat,
1480 2192 1520 2223 ab
1542 2191 1680 2224 inferiori

213 2250 302 2287 parte
316 2245 357 2277 ad
372 2244 562 2287 superiorem
576 2245 668 2287 virgis
684 2251 716 2277 et
726 2246 855 2278 calamis
867 2246 1038 2278 retrahens.
1059 2245 1152 2288 hujus
1163 2246 1239 2288 quid
1253 2246 1463 2289 potissimum,
1472 2257 1492 2278 o
1503 2246 1680 2284 Theaetete,

214 2309 330 2331 nomen
345 2309 411 2331 esse
426 2299 566 2332 dicemus
580 2299 592 2330 ?
625 2299 714 2332 Tim.
735 2299 889 2332 Videmur
902 2301 988 2342 quod
1005 2310 1098 2343 supra
1113 2301 1331 2343 proposuimus
1343 2300 1578 2343 exquirendum,
1594 2310 1679 2332 nunc

210 2353 278 2395 jam
293 2352 471 2395 perfecisse.
515 2353 582 2386 Ho.
606 2353 640 2385 N
642 2364 703 2386 unc
718 2353 814 2396 igitur
829 2354 1011 2396 piscationis
1026 2363 1091 2385 non
1106 2354 1201 2385 modo
1216 2363 1331 2385 nomen
1343 2364 1402 2395 ego
1414 2359 1496 2385 actu
1520 2353 1679 2385 communi

214 2406 370 2439 sententIa
383 2407 584 2445 instituimus,
602 2418 706 2439 verum
730 2408 824 2440 etiam
849 2407 999 2440 rationem
1026 2407 1124 2450 ipsius
1150 2407 1253 2450 operis
1278 2407 1466 2440 sufficienter
1487 2408 1679 2450 accepimus.

214 2460 365 2492 universae
379 2471 470 2502 porro
494 2461 567 2492 artis
581 2461 745 2493 dimidium
761 2462 795 2493 in
809 2461 963 2494 divisione
978 2460 1050 2499 fuit,
1065 2471 1137 2503 quas
1160 2461 1194 2492 in
1210 2460 1399 2504 acquirendo
1416 2467 1563 2500 versatur,
1584 2462 1679 2505 hujus

215 2523 286 2557 quae
312 2513 400 2556 capit
422 2519 456 2545 et
479 2515 661 2557 mancipat:
685 2514 780 2557 hujus
809 2515 989 2548 venatoria:
1013 2514 1192 2552 venatorias,
1222 2515 1404 2548 animalium
1432 2517 1562 2559 praeda:
1584 2516 1679 2559 hujus

214 2566 305 2611 agilis
319 2567 460 2599 animalis
481 2573 622 2610 captura,
646 2568 735 2611 agilis
747 2569 960 2602 universaliter
974 2568 1159 2612 piscatoria:
1184 2569 1370 2611 piscatoriae,
1393 2569 1568 2612 percutiens
1583 2575 1679 2614 atque

215 2621 350 2653 tundens
377 2621 530 2663 piscatio:
557 2623 769 2664 percutientis,
785 2633 856 2666 quoe
883 2633 965 2656 unco
991 2622 1122 2665 piscatio
1145 2623 1200 2654 fit:
1224 2622 1318 2665 hujus
1343 2624 1481 2666 denique
1505 2625 1679 2668 percussio,

214 2685 286 2718 quae
300 2685 419 2707 sursum
431 2686 537 2708 versus
561 2677 600 2708 ab
614 2676 751 2710 inferiori
777 2682 864 2720 parte
889 2677 1054 2710 conficitur
1077 2678 1276 2716 retrahendo,
1291 2684 1325 2710 et
1339 2678 1413 2710 inde
1428 2689 1544 2711 nomen
1559 2679 1679 2717 sortita.

213 2729 372 2761 retrahens
395 2735 428 2760 et
452 2730 623 2762 hamatoria
645 2731 778 2774 piscatio
805 2731 931 2765 dicitur.
974 2731 1062 2764 Tris.
1084 2731 1221 2764 Abunde
1246 2733 1307 2765 hoc
1330 2737 1491 2765 ostensum
1506 2738 1566 2767 est.
1608 2732 1677 2766 Ηο.

212 2782 316 2825 Atqui
343 2782 515 2816 secundum
544 2784 606 2816 hoc
633 2785 824 2828 exemplum,
853 2785 930 2828 quid
959 2791 1007 2817 est
1036 2785 1187 2828 sophista,
1202 2786 1361 2827 invenire}
1376 2786 1551 2819 statuimus.
1592 2786 1679 2819 Tun.

211 2837 352 2871 Prorsus.
396 2837 462 2871 Ho.
486 2837 632 2881 Illudque
656 2840 690 2870 in
706 2839 812 2882 primis
833 2840 997 2883 quesitum
1022 2846 1081 2879 est,
1096 2845 1198 2872 utrum
1213 2841 1332 2883 ipsum,
1350 2841 1405 2883 qui
1420 2839 1678 2884 hamospiscatur,

212 2891 322 2923 rudem
336 2891 460 2934 penitus
473 2901 515 2923 an
530 2893 602 2924 artis
618 2892 751 2935 alicujus
768 2894 950 2936 participem
967 2904 1083 2937 ponere
1097 2895 1278 2927 debeamus.
1327 2894 1415 2926 Tus.
1437 2893 1488 2926 Its
1502 2899 1560 2926 est.
1603 2892 1672 2927 Ho-

211 2944 253 2977 Et
267 2955 350 2978 nune
366 2944 491 2988 quidem
507 2945 675 2988 sophistam
690 2948 839 2981 rudemne
858 2959 898 2981 an
923 2949 1071 2982 callidum
1089 2948 1339 2993 appellabimus?
1360 2947 1447 2981 Tu.
1470 2947 1567 2981 Nullo
1583 2947 1678 2981 modo
