1846 3268
184 276 266 316 260
790 269 1062 314 PLA‘roms
1561 273 1658 326 [192

178 387 285 411 norem
301 376 333 410 in
345 377 420 410 illo:
444 376 477 408 in
497 377 557 409 lioc
572 374 704 418 purioris
718 383 810 412 cerae,
831 373 1012 407 sordidioris
1037 373 1209 408 duriorisve
1235 374 1269 407 in
1293 374 1378 408 ulio:
1401 374 1435 407 in
1463 374 1654 418 quibusdum

180 431 342 469 mollioris,v
357 431 388 464 in
405 431 565 463 nonnullis
576 430 672 462 etiam
688 433 881 472 temperatas.
925 428 1014 461 Tan.
1037 429 1140 462 Pono.
1185 429 1242 464 So.
1268 429 1397 462 Donum
1414 430 1474 462 hoe
1486 440 1554 464 esse
1568 430 1658 465 dion.-

183 495 253 517 mus
270 485 434 517 Musarum
451 485 557 516 matris
573 482 754 524 Memoriae,
770 487 803 515 et
817 482 852 514 iu
866 483 928 515 hoc
942 482 1093 525 quicquid
1110 483 1287 516 meminisse
1303 483 1448 525 cupimus
1468 494 1506 515 ex
1522 484 1571 521 iis,
1585 494 1659 526 qun

182 539 325 573 videmus
341 543 395 570 aut
410 538 555 570 audimus
570 542 625 570 aut
649 536 708 578 ipsi
730 536 959 578 excogitamus,
974 536 1183 578 insinuantes,
1197 537 1299 578 ipsum
1316 537 1459 570 sensibus
1475 537 1656 580 intelligen-

184 593 300 635 tiisque
315 593 501 634 exprimere,
515 591 614 624 veluti
639 591 803 625 anulorum
829 590 944 632 figuras
970 590 1197 633 imprimentes.
1219 592 1344 633 quodve
1369 587 1525 634 signatum
1551 591 1660 630 fuerit,

181 647 362 679 meminisse
377 656 435 678 nos
459 650 493 678 et
516 646 606 683 scire,
621 645 726 686 quoad
750 645 850 686 figura
874 649 1078 686 permaneat:
1102 648 1135 675 nt
1155 645 1383 677 cum'aboletur
1397 646 1446 676 vel
1462 644 1587 678 inscribi
1601 655 1658 678 ne·

182 699 264 742 quit,
280 699 425 732 oblivisci
438 704 534 742 atque
549 699 682 732 nescire.
725 699 813 731 Tun.
835 698 887 731 Sic
901 704 981 731 esto.
1026 699 1083 732 So.
1107 698 1171 736 Qui
1188 709 1261 741 ergo
1277 699 1336 731 scit
1350 699 1479 741 quidem
1490 699 1560 740 ina,
1581 709 1657 732 con·

183 755 301 787 siderat
327 760 432 787 nutem
460 754 631 797 quicquam
654 764 761 786 eornm
781 763 854 796 quai
869 753 957 785 videt
972 754 1019 786 vel
1044 753 1146 793 audit,
1159 754 1232 786 vide
1259 759 1360 786 utrum
1385 756 1446 787 hoe
1467 755 1563 787 modo
1577 754 1658 788 falsa

182 808 343 850 opinetur.
386 808 473 842 Tne.
497 808 669 846 Quonam?
716 809 770 841 So.
793 808 875 846 Quae
899 806 1000 845 novit.
1026 819 1094 840 esse
1122 813 1235 850 putans
1260 808 1337 840 alias
1363 819 1434 850 qure
1459 809 1560 845 novit.
1581 808 1660 841 elias

182 872 255 904 quae
270 872 335 894 non
360 862 461 895 novit.
507 862 587 895 Haec
610 862 718 904 ntique
745 872 838 904 supra
857 871 921 893 non
944 866 1028 895 recte
1051 861 1187 894 confessi
1203 873 1321 899 sumus,
1337 862 1543 904 impossibilia
1557 862 1657 894 confi·

179 920 294 949 tentes.
337 916 424 949 Tim.
447 915 543 949 Nunc
559 921 664 948 autem
680 916 841 958 quomodo
857 916 962 948 dicis?
1007 916 1062 949 So.
1086 915 1125 946 In
1150 916 1234 948 hunc
1259 916 1387 948 modum
1411 916 1452 947 de
1475 915 1573 958 [192]
1593 916 1659 948 illis

181 980 201 1002 a
217 969 374 1012 principio
389 970 616 1011 distinguendo
628 969 811 1001 dicendum.
856 968 952 1006 Quod
968 969 1101 1011 quisque
1117 969 1218 1007 novit,
1234 968 1366 1011 ejusque
1380 969 1413 1001 in
1426 970 1530 1002 animo
1546 980 1659 1002 monu-

182 1027 323 1055 mentum
339 1027 452 1060 servat,
468 1033 528 1055 nec
543 1022 640 1055 sentit
655 1027 773 1060 tamen,
789 1022 964 1054 existimare
979 1022 1091 1063 nequit
1106 1022 1192 1053 aliud
1207 1022 1358 1064 quiddam
1374 1033 1441 1055 esse
1454 1033 1575 1061 eorum,
1585 1033 1658 1065 qun

180 1076 279 1111 etiam
304 1076 405 1114 novit,
420 1081 584 1119 servetque
608 1076 777 1118 imaginem
805 1086 908 1118 neque
931 1076 1037 1109 sentit.
1058 1077 1185 1118 quodve
1211 1076 1311 1114 novit,
1325 1087 1428 1109 rursus
1451 1082 1561 1118 putare
1576 1082 1657 1113 esse.

181 1131 269 1173 quod
289 1141 355 1164 non
371 1129 471 1168 novit,
484 1130 614 1173 cujusve
630 1130 749 1164 nullam
765 1135 869 1162 servat
890 1130 1070 1172 imaginem.
1094 1135 1127 1162 et
1152 1131 1239 1172 quod
1263 1140 1328 1163 non
1353 1130 1453 1168 novit,
1467 1131 1503 1163 id
1527 1131 1656 1173 insuper

183 1185 270 1226 quod
287 1195 350 1218 uon
363 1185 462 1218 novit.
485 1190 518 1218 et
532 1185 620 1228 quod
638 1195 701 1216 non
717 1185 818 1222 novit,
834 1185 866 1216 id
892 1185 978 1226 quod
1004 1183 1104 1216 novit.
1130 1189 1185 1217 aut
1206 1185 1292 1227 quod
1307 1185 1414 1221 sentit.
1428 1184 1547 1227 aliquid
1570 1185 1659 1219 aliud

183 1248 292 1276 eorum
315 1243 386 1281 q'uae
408 1238 525 1271 sentit:
550 1238 615 1271 sive
631 1240 717 1280 quod
733 1238 842 1280 sentit,
858 1237 979 1280 aliquid
999 1238 1086 1280 quod
1110 1237 1236 1270 minime
1260 1237 1374 1270 sentit:
1399 1243 1455 1271 aut
1479 1238 1564 1281 quod
1589 1245 1655 1272 non

182 1293 292 1334 sentit,
307 1303 415 1325 eorum
430 1291 548 1334 aliquid
565 1302 635 1334 quae
651 1303 715 1324 non
731 1293 827 1324 sentit
843 1303 850 1323 :
875 1292 939 1324 sive
955 1292 1041 1334 quod
1057 1302 1121 1323 non
1137 1291 1244 1329 sentit,
1259 1291 1427 1334 quicquam
1447 1303 1486 1327 ex
1510 1293 1558 1325 hi·
1579 1303 1654 1335 qun

183 1346 292 1379 sentit.
338 1346 510 1388 Multoque
526 1346 628 1379 minus
643 1353 754 1389 putare
771 1352 875 1389 potest
890 1347 976 1388 quod
992 1347 1080 1378 novit
1094 1347 1253 1388 sentitque
1272 1351 1305 1379 et
1330 1351 1432 1379 servat
1445 1347 1528 1381 illius
1543 1347 1656 1390 imagi·

183 1409 257 1433 nem
268 1401 443 1434 secundum
458 1411 595 1439 sensum,
610 1411 679 1434 esse
694 1401 780 1433 aliud
796 1401 964 1443 quiddam,
977 1400 1064 1442 quod
1091 1400 1187 1432 etiam
1210 1400 1299 1432 novit
1320 1405 1354 1432 et
1379 1399 1476 1433 sentit
1494 1405 1528 1433 et
1549 1405 1653 1435 servat

182 1454 296 1491 eodem
313 1456 407 1490 modo
423 1466 432 1488 ι
457 1460 512 1488 aut
525 1457 612 1498 quod
629 1455 719 1487 novit
733 1462 765 1488 et
780 1455 876 1487 sentit
900 1460 934 1487 et
958 1455 1086 1496 retinet,
1097 1459 1182 1487 recte
1197 1454 1282 1496 quod
1298 1454 1398 1492 novit,
1415 1459 1536 1497 putare.
1581 1455 1656 1488 Sive

182 1509 270 1552 quod
286 1510 375 1542 novit
389 1516 422 1542 et
435 1510 533 1542 sentit
547 1515 580 1542 et
595 1511 739 1543 similiter
753 1510 880 1552 retinet,
891 1510 926 1542 id
947 1520 1016 1543 esse
1037 1510 1123 1552 quod
1137 1509 1255 1542 sentit:
1278 1519 1333 1540 seu
1347 1509 1434 1551 quod
1448 1519 1552 1552 neque
1566 1508 1657 1541 novit

183 1573 289 1605 neque
304 1564 414 1605 sentit,
430 1565 462 1596 id
478 1575 547 1597 esse
562 1566 648 1607 quod
665 1575 724 1598 nec
740 1565 829 1596 novit
854 1564 948 1598 etiam
973 1574 1077 1605 neque
1101 1563 1215 1596 sentit:
1238 1563 1364 1604 quodve
1380 1573 1483 1604 neque
1497 1563 1587 1594 novit
1600 1574 1656 1596 ne·

183 1627 247 1660 que
257 1618 365 1655 sentit.
380 1618 413 1650 id
429 1619 514 1660 quod
533 1618 660 1651 minime
675 1619 787 1650 novit:
811 1619 938 1661 quodve
953 1629 1057 1661 neque
1072 1618 1160 1649 novit
1183 1626 1288 1659 neque
1311 1616 1418 1654 sentit.
1431 1617 1464 1648 id
1490 1618 1575 1659 quod
1597 1618 1656 1650 mi·

183 1670 269 1705 nime
285 1672 392 1708 sentit.
438 1673 518 1706 Haec
531 1673 638 1705 omnin
653 1673 727 1707 talia
742 1677 827 1713 sunt,
839 1677 875 1704 ut
889 1683 980 1704 nemo
995 1672 1030 1704 in
1041 1671 1086 1704 eis
1099 1671 1177 1702 falsa
1189 1670 1252 1702 ulla
1267 1671 1388 1703 ratione
1403 1670 1529 1712 opinari
1538 1671 1654 1704 valent.

182 1723 299 1757 Restat
312 1736 398 1768 ergo.
413 1727 490 1758 utin
507 1726 694 1768 quibusdam
707 1725 901 1767 hujusmodi,
916 1726 943 1757 si
960 1726 1054 1757 modo
1069 1724 1195 1761 alicubi.
1212 1723 1274 1756 tale
1290 1724 1368 1766 quid
1388 1724 1523 1758 accidat.
1566 1725 1655 1759 Tun.

180 1777 221 1814 In
238 1780 424 1822 quibusnam
439 1781 450 1811 ?
496 1781 684 1822 Videamus,
700 1781 842 1818 obsecro,
858 1790 898 1812 an
914 1780 1014 1822 magis
1029 1791 1065 1811 ex
1080 1779 1158 1821 ipsis
1173 1779 1359 1821 intelligam.
1381 1790 1453 1811 nam
1473 1779 1506 1812 in
1522 1789 1657 1820 praesen·

181 1833 227 1866 tia
242 1834 327 1866 haud
341 1845 499 1877 assequor,
515 1840 551 1866 ut
574 1835 606 1866 in
631 1835 747 1878 quibus
769 1836 859 1867 novit
883 1834 1008 1877 aliquis,
1027 1844 1064 1866 ea
1091 1839 1182 1876 putet
1209 1844 1277 1865 esse
1291 1834 1352 1866 alia
1366 1834 1523 1876 quaedam.
1536 1844 1608 1876 quas
1623 1840 1656 1866 ot

181 1887 274 1920 novit
284 1893 318 1920 et
332 1889 428 1920 sentit
443 1900 449 1920 :
475 1890 525 1921 vel
537 1899 608 1931 quae
624 1899 687 1920 non
703 1890 804 1927 novit,
819 1890 914 1921 sentit
929 1894 1034 1921 tamen
1049 1899 1057 1921 ι
1083 1888 1131 1920 vel
1148 1899 1218 1935 quse
1233 1888 1322 1920 novit
1341 1888 1510 1933 sentitque,
1531 1898 1570 1920 en
1583 1898 1656 1930 qun

181 1946 216 1974 et
240 1942 330 1974 novit
350 1947 384 1974 et
408 1943 514 1975 sentit.
560 1943 666 1980 Quare
692 1953 776 1974 nunc
798 1943 893 1985 longe
919 1943 1016 1984 magis
1043 1953 1137 1984 quam
1153 1953 1246 1984 supra
1262 1942 1387 1976 deficio.
1432 1942 1488 1975 So.
1510 1941 1656 1984 Age,·ie

179 1995 294 2028 iterum
309 1995 398 2039 audi.
442 1996 599 2039 Equidem
611 2007 786 2039 agnoscens
799 1997 1001 2030 Theodorum
1019 1997 1151 2039 ejusque
1163 1997 1362 2030 simulacrum
1372 1995 1519 2028 memoris
1530 2001 1654 2033 tenens,

180 2048 442 2093 Theaetetumqne
469 2051 621 2088 similiter,
648 2050 805 2082 interdum
831 2051 959 2092 quidem
984 2051 1070 2093 ipsos
1097 2051 1202 2088 video,
1225 2051 1381 2083 interdum
1406 2061 1472 2082 non
1497 2049 1602 2083 video.
1622 2055 1658 2083 et

181 2108 279 2146 tango
292 2105 495 2147 quandoque,
511 2104 588 2136 alias
605 2105 752 2137 minime:
777 2105 954 2146 eodemque
978 2110 1072 2147 pacto
1098 2110 1131 2136 et
1145 2104 1241 2136 audio
1255 2110 1288 2136 et
1302 2104 1372 2136 aliis
1386 2104 1529 2136 sensibus
1541 2114 1656 2147 appre-

182 2158 289 2191 heudo
303 2169 313 2190 ι
337 2168 422 2201 saepe
439 2158 533 2191 etiam
549 2169 643 2192 sensu
662 2169 716 2190 vos
731 2159 820 2190 nullo
838 2159 990 2201 percipio,
1006 2160 1060 2191 sed
1083 2159 1164 2191 intra
1190 2169 1239 2190 me
1262 2159 1327 2191 scio
1341 2158 1546 2203 nihilominus
1559 2163 1657 2201 atque

182 2211 324 2245 memini.
367 2213 455 2246 Tne.
478 2213 617 2245 Prorsus.
661 2213 717 2246 So.
742 2213 814 2246 Hoc
839 2214 946 2255 itaque
971 2213 1104 2255 primum
1128 2224 1167 2245 ex
1188 2214 1248 2254 his,
1262 2223 1332 2255 quae
1359 2213 1554 2255 expositurus
1573 2223 1657 2250 sum.

183 2267 409 2306 animadverte,
434 2269 520 2311 quod
546 2273 654 2311 potest
674 2269 802 2311 quidem
827 2278 899 2310 quae
921 2268 1022 2306 novit,
1049 2279 1112 2301 non
1140 2269 1266 2307 sentire,
1282 2273 1388 2310 potest
1413 2268 1506 2300 etiam
1529 2267 1656 2299 sentire.

180 2320 268 2358 Tus.
292 2321 345 2354 Sic
360 2327 419 2355 est.
465 2322 523 2356 So.
547 2322 665 2355 Nonne
678 2328 710 2354 et
733 2333 805 2364 quae
829 2333 894 2354 non
908 2322 1010 2360 novit,
1026 2333 1112 2365 saepe
1139 2323 1232 2355 etiam
1253 2333 1357 2365 neque
1379 2321 1498 2354 sentit:
1520 2325 1555 2354 et
1567 2330 1653 2363 saepe

182 2375 381 2408 solummodo
395 2376 514 2408 sentit?
560 2376 648 2409 Tun.
674 2377 764 2409 Esto.
810 2377 868 2411 So.
893 2376 990 2418 Vide,
1005 2387 1045 2410 an
1061 2377 1160 2418 magis
1175 2378 1207 2408 in
1225 2375 1391 2419 praesentia
1415 2375 1492 2417 quid
1506 2384 1654 2416 assequa-

181 2428 235 2462 ris.
278 2428 422 2465 Socrates
448 2430 523 2462 dum
546 2430 747 2463 Theodorum
772 2431 869 2474 [193]
893 2430 1153 2473 Theaetetumque
1169 2430 1322 2475 agnoscit,
1337 2430 1392 2462 sed
1408 2435 1551 2461 neutrum
1567 2429 1656 2462 videt

182 2493 288 2525 neque
302 2483 366 2515 alio
381 2494 474 2515 sensu
491 2484 561 2516 illos
578 2485 727 2527 percipit,
742 2495 903 2527 nunquam
929 2495 1034 2517 secum
1057 2485 1126 2526 ipse
1150 2484 1344 2517 Theaetetum
1369 2494 1437 2516 esse
1455 2483 1655 2516 Theodorum

183 2537 342 2579 opinatur.
389 2538 477 2576 Quid
499 2539 538 2570 ad
563 2539 652 2571 haec?
695 2539 782 2573 Tun.
808 2540 891 2572 Vera
916 2545 1002 2571 sunt.
1046 2540 1103 2572 So.
1126 2539 1198 2572 Hoc
1223 2550 1296 2571 sune
1313 2538 1447 2581 primum
1462 2533 1658 2579 eratexhis,

183 2602 255 2634 quae
278 2592 434 2626 dicebam.
479 2593 565 2625 Tne.
590 2594 675 2626 Erat.
721 2595 777 2628 So.
801 2594 943 2627 Alterum
969 2599 1036 2627 erat
1059 2595 1132 2636 hoc,
1147 2594 1232 2637 quod
1259 2594 1333 2625 dum
1350 2604 1446 2625 unum
1462 2603 1481 2625 e
1496 2593 1585 2625 vobis
1597 2603 1653 2635 tg-

180 2656 292 2684 nosoo,
306 2646 418 2688 ignoro
434 2646 576 2684 alterum,
593 2653 626 2680 et
640 2650 742 2682 sentIo
758 2655 915 2688 neutrum,
931 2660 1091 2692 nunquam
1106 2659 1178 2682 eum
1192 2660 1284 2691 quem
1297 2658 1468 2691 cognosco,
1480 2647 1570 2680 illum
1585 2657 1654 2681 ακ

181 2710 277 2743 quem
302 2701 425 2742 ignoro,
449 2701 606 2734 existimo.
652 2703 739 2737 Tne.
771 2704 886 2738 Probe.
932 2704 990 2736 So.
1013 2703 1152 2736 Tertium
1175 2714 1249 2735 vero
1278 2703 1375 2740 istud.
1404 2703 1480 2733 dum
1508 2706 1652 2734 neutrum

182 2764 342 2797 cognosco
357 2759 567 2798 neutrumque
582 2758 697 2796 sentio,
713 2769 872 2801 nunquam
899 2769 972 2791 eum
998 2769 1093 2801 quem
1117 2758 1239 2801 ignoro,
1256 2757 1352 2789 alium
1375 2757 1542 2799 quendem·
1557 2765 1654 2798 quem

181 2819 286 2841 rursus
299 2809 420 2852 ignoro,
436 2820 503 2842 esse
518 2812 660 2845 arbitror.
705 2812 813 2855 Atque
829 2813 872 2845 ita
886 2813 1040 2855 deinceps
1056 2812 1161 2844 omnia
1176 2822 1270 2854 supra
1285 2811 1370 2843 dieta
1391 2809 1525 2853 repetit·
1543 2809 1652 2850 tinnili-

181 2869 229 2895 ter
242 2868 330 2906 puta,
343 2864 376 2896 in
391 2864 506 2907 quibus
523 2876 582 2907 ego
599 2876 760 2908 nunquam
776 2869 817 2899 de
841 2871 872 2899 te
886 2877 922 2900 ac
939 2867 1107 2899 Theodoro
1130 2866 1209 2898 salsa
1223 2865 1387 2908 opinabor,
1402 2873 1506 2906 neque
1519 2873 1655 2905 cognos-

181 2927 256 2955 cens
282 2928 385 2961 neque
409 2918 555 2961 ignorans
578 2925 737 2963 utrosque,
766 2932 870 2968 neque
895 2932 993 2954 unum
1018 2921 1145 2963 quidem
1170 2930 1314 2958 noscens,
1328 2919 1474 2961 ignorans
1497 2917 1650 2949 alterurn:

180 2972 354 3015 eademque
380 2973 419 3005 de
446 2974 588 3006 sensibus
614 2975 704 3014 ratio,
736 2976 760 3008 si
790 2977 883 3009 modo
910 2976 1058 3019 percipis.
1101 2975 1188 3008 Tne.
1213 2973 1358 3016 Percipio
1387 2972 1549 3015 equidem.
1593 2971 1651 3004 So.
