1846 3268
211 323 284 377 92]
843 322 1057 364 PHAEDO.
1587 327 1665 366 447

211 428 375 460 homines:
399 426 470 471 (sed
487 431 518 459 te
539 436 624 458 nunc
647 425 813 458 ducentem
837 431 1018 468 prosecutus
1039 437 1106 458 sum
1120 425 1146 468 z)
1169 425 1262 457 immo
1277 436 1348 458 vero
1372 427 1403 458 in
1420 427 1479 459 hoc
1495 427 1666 460 similitudo

213 482 368 519 consistit,
383 482 510 523 quando
525 480 671 512 videlicet
692 481 762 522 quis
784 481 901 523 absque
924 480 1078 511 rationum
1102 485 1166 511 arte
1189 481 1355 512 crediderit
1366 481 1514 512 rationem
1530 482 1665 523 aliquam

213 545 282 566 esse
297 545 410 572 veram,
424 535 480 566 sed
503 533 598 576 paulo
622 539 693 576 post
715 539 865 576 appareat
885 534 963 565 falsa
982 546 989 564 z
1014 545 1085 576 quae
1107 534 1233 576 quidem
1257 534 1426 576 aliquando
1449 534 1519 565 talis
1534 540 1593 576 est,
1608 535 1665 566 ali-

212 589 340 630 quando
369 588 508 625 minime,
538 593 570 619 et
598 597 699 619 rursus
727 587 824 619 altera
853 586 992 618 similiter
1011 591 1106 628 atque
1127 587 1235 618 altera.
1279 587 1440 629 Praecipue
1455 597 1527 619 vero
1550 587 1611 619 illis
1634 588 1666 619 id

211 643 328 680 evenit,
343 642 397 684 qui
419 641 584 684 plurimum
607 641 741 673 rationes
762 640 1016 673 contradictorIas
1038 640 1170 682 agitant.
1193 641 1249 672 lios
1271 641 1354 673 enim
1378 641 1437 673 scis
1452 642 1572 683 putare,
1596 647 1666 672 tan-

211 695 284 727 dem
305 706 339 726 se
364 695 608 737 sapientissimos
633 695 778 732 evasisse,
809 694 953 736 solosque
983 694 1237 726 animadvertisse
1267 705 1369 736 neque
1391 694 1425 726 in
1452 694 1542 726 rebus
1564 704 1667 736 neque

210 748 245 780 in
281 749 453 781 rationibus
482 759 548 781 esse
571 759 680 780 sanum
709 748 828 791 aliquid
859 755 915 780 aut
941 748 1089 788 firmum3
1126 749 1181 781 sed
1204 748 1307 779 omnia
1330 759 1434 780 revera
1456 754 1603 791 tanquam
1632 748 1666 779 in

213 802 332 846 Euripo
347 814 465 834 sursum
478 803 683 845 deorsumque
695 802 820 844 jactari,
836 802 1018 845 nullumque
1033 807 1157 844 tempus
1171 802 1203 833 in
1219 802 1324 844 aliquo
1341 812 1530 844 permanere.
1573 802 1671 837 Pnffi.

191 892 194 894 ,
214 857 298 889 Vere
321 857 452 889 nimium
474 856 620 899 loqueris.
663 857 720 889 So.
743 857 859 889 Nonne
882 856 1033 898 aegritudo
1054 857 1134 894 haec,
1149 857 1304 899 Plraedon,
1325 856 1507 889 miserabilis
1528 861 1621 893 esset,
1643 855 1670 886 si

214 922 286 944 cum
299 911 378 943 ratio
401 911 507 954 aliqua
522 922 594 943 vera
616 912 764 955 firmaque
786 911 827 943 sit
848 911 1133 953 comprehendique
1149 911 1262 949 valeat,
1285 916 1396 954 postea
1421 910 1668 948 tamen,'auditis

212 965 431 1007 hujuscemodi
445 965 627 1002 rationibus,
643 976 714 1008 quae
729 966 822 998 modo
837 966 945 997 afferre
960 976 1043 1003 vera,
1057 966 1151 997 modo
1165 965 1242 997 falsa
1256 966 1413 1004 videntur,
1425 965 1536 1007 aliquis
1547 965 1619 997 hinc
1634 965 1667 996 in

213 1019 447 1061 ambiguitatem
463 1019 629 1058 deductus,
643 1030 707 1051 non
722 1020 874 1062 seipsum,
890 1031 991 1063 neque
1006 1019 1075 1062 ejus
1089 1019 1229 1051 inertiam
1251 1020 1292 1050 ob
1314 1019 1346 1050 id
1368 1024 1505 1056 accuset,
1520 1019 1574 1050 sed
1598 1018 1667 1050 ta'n-

212 1072 286 1104 dem
300 1073 386 1104 velut
409 1083 490 1115 aeger
510 1072 643 1104 libenter
663 1071 787 1114 culpam
811 1083 933 1104 omnem
953 1084 972 1105 a
986 1073 1089 1114 seipso
1104 1073 1138 1104 in
1154 1073 1238 1114 ipsas
1252 1072 1413 1104 transferat
1426 1071 1573 1109 rationes,
1586 1077 1619 1104 et
1634 1072 1666 1102 in

211 1124 331 1167 reliqua
346 1126 409 1157 vita
424 1137 476 1158 eas
491 1126 566 1158 odio
581 1127 695 1158 habeat
709 1132 803 1168 atque
817 1127 984 1168 vituperet,
996 1137 1096 1158 rerum
1106 1126 1173 1168 jam
1184 1127 1322 1168 ipsarum
1333 1126 1460 1158 veritate
1475 1126 1668 1167 scientiaque

213 1177 366 1220 privatus.
411 1179 505 1212 Pam.
529 1180 590 1212 Per
603 1180 716 1213 Jovem
734 1180 913 1212 miserabilis
935 1180 1097 1221 aegritudo.
1140 1181 1195 1211 so.
1217 1179 1255 1211 In
1277 1180 1383 1222 primis
1395 1179 1491 1222 igitur
1505 1179 1670 1222 diligenter

212 1232 245 1264 id
261 1243 437 1270 caveamus,
453 1244 493 1266 ne
516 1235 756 1276 persuadeamus
780 1234 868 1266 nobis
895 1234 972 1265 nihil
995 1234 1027 1266 in
1051 1234 1222 1266 rationibus
1245 1244 1314 1265 esse
1334 1244 1443 1268 sanum
1456 1245 1466 1274 3
1490 1234 1543 1266 sed
1568 1234 1666 1265 multo

213 1288 325 1330 magis,
340 1288 479 1320 nondum
502 1299 569 1320 esse
591 1299 648 1320 nos
671 1299 774 1321 sanos.
818 1289 931 1331 Itaque
953 1289 1028 1320 totis
1044 1289 1167 1325 viribus,
1182 1294 1218 1319 ut
1239 1288 1305 1319 sani
1319 1287 1500 1329 efficiamur,
1514 1293 1562 1320 est
1576 1288 1666 1319 anni-

214 1342 343 1373 tendum
361 1353 369 1373 :
395 1342 451 1372 tibi
465 1342 594 1383 quidem
609 1348 643 1374 et
663 1342 732 1374 aliis
755 1343 851 1374 totius
873 1343 1000 1385 reliquae
1015 1343 1086 1375 vitae
1110 1342 1220 1384 gratia,
1235 1342 1313 1373 mihi
1327 1352 1400 1373 vero
1422 1342 1519 1383 gratia
1539 1342 1666 1374 mortis:

214 1394 291 1437 [91]
314 1395 368 1437 qui
381 1395 413 1426 in
429 1394 568 1437 periculo
583 1407 664 1435 sum,
678 1407 719 1428 ne
741 1397 773 1428 in
795 1398 856 1429 hoe
877 1398 946 1439 ipso
971 1402 1110 1439 tempore
1124 1407 1187 1428 non
1203 1401 1239 1427 ut
1253 1395 1473 1438 philosophum
1489 1407 1536 1427 me
1552 1407 1667 1437 geram,

212 1449 268 1480 sed
284 1454 319 1480 ut
332 1449 563 1481 contentiosum
578 1455 673 1491 atque
689 1451 878 1492 pertinacem
890 1463 900 1492 ;
923 1452 1010 1493 quod
1035 1450 1162 1493 quidam
1177 1450 1318 1481 homines
1330 1460 1348 1481 a
1362 1449 1527 1492 disciplina
1543 1438 1667 1481 alienis-

212 1501 282 1533 simi
295 1502 396 1534 facere
412 1502 525 1534 solent.
568 1503 619 1534 Illi
634 1503 729 1541 enim,
747 1503 799 1535 ubi
815 1503 920 1547 aliqua
935 1504 975 1535 de
991 1514 1022 1535 re
1045 1502 1222 1545 ambigitur,
1236 1513 1299 1534 non
1321 1508 1356 1534 ut
1377 1513 1424 1534 res
1448 1503 1527 1545 ipsa,
1542 1514 1604 1546 qua
1625 1504 1666 1535 de

212 1555 328 1596 agitur,
340 1566 374 1586 se
388 1550 646 1596 11abeat'cutant3
669 1558 723 1588 sed
749 1562 796 1595 ut,
812 1568 882 1599 quae
909 1562 1080 1599 posuerunt
1100 1556 1172 1598 ipsi,
1188 1556 1392 1598 praesentibus
1408 1556 1570 1588 videantur
1584 1567 1667 1595 vera,

212 1608 328 1640 obnixe
342 1610 548 1641 contendunt.
593 1609 700 1652 Atque
715 1621 774 1652 ego
798 1611 874 1642 milri
890 1610 998 1642 videor
1019 1610 1052 1642 in
1074 1610 1134 1642 hoc
1157 1610 1308 1640 duntaxat
1321 1610 1354 1640 in
1369 1609 1535 1651 praesentia
1549 1610 1588 1640 ab
1603 1610 1666 1641 illis

210 1662 348 1700 differre,
363 1663 449 1704 quod
471 1646 548 1705 nfin,
563 1668 599 1694 ut
621 1664 826 1705 praesentibus
850 1664 977 1706 probem
1000 1674 1050 1702 ea,
1064 1673 1135 1705 quae
1156 1663 1241 1701 dico,
1257 1664 1389 1701 annitar,
1413 1663 1491 1705 (nisi
1513 1668 1666 1705 quatenus

210 1715 291 1747 sorte
305 1715 503 1757 contigerit‚)
516 1717 571 1748 sed
588 1721 624 1748 ut
638 1717 714 1748 mibi
739 1717 799 1759 ipsi
815 1728 886 1749 vera
907 1728 1000 1760 quarn
1022 1717 1153 1749 maxime
1167 1717 1341 1750 videantur.
1385 1717 1438 1749 Sic
1453 1718 1534 1749 enim
1549 1718 1666 1760 cogito,

210 1770 314 1802 dulcis
331 1770 454 1810 amice;
476 1775 510 1802 et
525 1770 596 1802 vide
618 1776 737 1813 quanto
759 1783 831 1804 cum
854 1772 939 1803 lucro
956 1771 997 1803 sit
1018 1772 1094 1803 ratio
1118 1782 1197 1804 mea.
1242 1771 1277 1803 Si
1299 1771 1377 1803 sorte
1392 1781 1463 1803 vera
1484 1777 1569 1809 sunt,
1594 1782 1665 1813 quae
1718 1799 1720 1803 ,

211 1824 297 1866 dieo,
311 1835 414 1867 operae
429 1825 563 1867 pretium
578 1830 626 1856 est
640 1826 684 1856 ita
709 1826 857 1858 credere:
881 1826 928 1857 sin
954 1831 1056 1858 autem
1079 1825 1154 1857 nihil
1178 1830 1318 1868 superest
1338 1830 1410 1868 post
1432 1830 1572 1867 mortem,
1587 1830 1666 1856 atta-

211 1888 284 1910 men
299 1878 359 1910 hoc
373 1878 477 1920 ipsum
494 1884 616 1921 tempus
630 1885 704 1911 ante
718 1879 836 1911 obitum
853 1879 1056 1922 praesentibus
1070 1879 1173 1910 minus
1196 1890 1248 1911 ero
1271 1879 1418 1910 molestus
1433 1880 1595 1921 minusque
1610 1879 1666 1910 ‹le-

212 1932 353 1973 plorabo.
399 1932 477 1964 Haec
501 1937 604 1964 autem
628 1933 803 1975 ignorantia
826 1934 952 1966 minime
979 1934 1187 1976 perseverabit
1201 1933 1479 1976 mecum,(rnalum
1494 1933 1524 1964 id
1539 1932 1665 1975 quidem

209 1986 323 2029 esset‚)
346 1986 401 2017 sed
424 1987 520 2028 paulo
545 1992 616 2028 post
636 1987 803 2020 delebitur.
846 1988 898 2020 Sic
920 1988 1078 2030 equidem,
1091 1999 1111 2019 o
1133 1987 1274 2026 Simmia,
1290 1992 1425 2030 paratus,
1437 1992 1470 2018 et
1491 1987 1603 2024 Cebes,
1619 1997 1665 2018 rc-

211 2044 315 2071 vertor
329 2040 370 2070 ad
384 2039 623 2082 disputandum.
668 2041 736 2073 Vos
752 2047 868 2079 tamen,
889 2043 914 2073 si
940 2042 1015 2074 mihi
1032 2041 1254 2079 assentiamini,
1269 2052 1333 2072 non
1347 2041 1465 2073 Socrati
1479 2041 1594 2078 cedite,
1610 2041 1665 2072 sed

210 2093 331 2125 veritati
340 2105 351 2134 3
373 2094 400 2125 si
415 2095 499 2126 enim
516 2106 620 2127 verum
638 2096 726 2127 vobis
741 2096 830 2139 loqui
846 2096 987 2138 videbor,
999 2096 1162 2128 concedite
1176 2108 1183 2126 :
1208 2096 1256 2126 sin
1271 2095 1384 2135 minus,
1398 2094 1526 2126 omnino
1540 2099 1664 2126 contra-

206 2147 318 2184 dicite,
333 2148 499 2190 diligenter
516 2154 674 2187 caventes,
689 2160 730 2182 ne
745 2161 805 2192 ego
828 2151 902 2182 dum
927 2150 1062 2188 annitor,
1079 2150 1230 2191 meipsum
1252 2149 1343 2180 simul
1358 2159 1475 2190 vosque
1496 2148 1664 2190 decipiam,

207 2205 240 2231 et
255 2200 342 2231 velut
355 2211 442 2242 apes,
458 2201 570 2233 aculeo
587 2203 619 2234 in
634 2203 722 2234 vobis
738 2204 857 2241 relicto,
878 2205 999 2236 abeam.
1044 2203 1180 2244 Sedjam
1196 2203 1407 2234 accedendum
1423 2206 1481 2233 est.
1526 2202 1661 2233 Primum

208 2255 337 2297 quidem
353 2255 485 2296 redigite
500 2255 534 2287 in
549 2256 728 2288 memoriam
745 2257 833 2296 mihi,
848 2268 919 2299 quae
934 2257 1096 2295 dicebatis,
1114 2257 1139 2288 si
1162 2257 1263 2288 minus
1285 2255 1459 2287 meminisse
1475 2256 1562 2287 vobis
1577 2255 1663 2286 vide-

210 2308 277 2340 bor.
322 2308 466 2340 Simmiae
481 2309 621 2352 quidem,
637 2316 673 2342 ut
687 2310 827 2350 arbitror,
841 2311 957 2342 diffidit
977 2322 1013 2343 ac
1037 2310 1159 2348 metuit,
1173 2321 1213 2342 ne
1238 2310 1351 2348 anima,
1363 2309 1503 2351 quamvis
1529 2309 1663 2340 divinior

208 2361 430 2404 pulchriorque
451 2373 592 2405 corpore,
606 2364 692 2405 prius
716 2369 820 2396 tamen
843 2375 899 2406 pro
921 2364 1089 2395 harmoniae
1112 2370 1221 2395 natura
1247 2363 1387 2395 intereat.
1432 2363 1534 2395 Cebes
1559 2368 1661 2394 autem

208 2415 285 2446 mihi
299 2416 443 2455 visu-*mat
456 2418 630 2449 concedere
646 2418 870 2451 diuturniorem
894 2429 962 2450 esse
984 2418 1119 2449 animam
1141 2428 1268 2459 corpore
1282 2429 1292 2457 ;
1315 2418 1370 2448 sed
1386 2417 1433 2448 his
1447 2417 1569 2449 addidit
1583 2417 1662 2448 scire

208 2479 303 2510 posse
318 2462 487 2508 neminem,
501 2481 542 2502 ne
565 2481 635 2503 cum
661 2472 758 2503 multa
780 2473 893 2514 saepius
916 2472 1142 2514 consumpserit
1166 2482 1305 2513 corpora,
1323 2472 1448 2503 tandem
1473 2471 1662 2513 quandoque

207 2526 396 2563 postremum
412 2523 592 2566 relinquens
607 2535 720 2567 corpus
736 2526 804 2568 ipsa
820 2537 946 2568 qnoque
963 2531 1081 2568 pereat,
1096 2531 1189 2568 atque
1212 2536 1293 2557 mors
1318 2524 1474 2566 ejusmodi
1489 2530 1607 2556 tantum
1621 2525 1662 2556 sit

207 2574 349 2607 interitus
364 2576 476 2607 animae
489 2587 499 2616 ;
523 2587 636 2620 corpus
650 2590 723 2611 vero
746 2580 872 2611 dissolvi
894 2580 1042 2612 continue
1065 2579 1269 2612 consueverit.
1314 2578 1368 2610 An
1383 2589 1447 2609 non
1463 2580 1529 2610 lraec
1544 2583 1626 2615 sunt,
1643 2589 1662 2609 ο

207 2628 335 2660 Simmia
359 2634 392 2660 et
413 2630 526 2668 Cebes,
542 2642 612 2673 quae
639 2643 696 2664 nos
723 2638 847 2675 oportet
873 2633 1090 2666 considerare?
1133 2634 1212 2664 Suu.
1236 2644 1277 2664 ET
1301 2632 1362 2665 Cn.
1385 2632 1577 2664 Confitemur
1591 2643 1660 2674 pro·

206 2682 303 2715 fecto.
344 2683 401 2715 So.
424 2683 487 2715 Sed
506 2685 649 2727 nunquid
673 2687 789 2724 omnia,
805 2698 876 2728 quae
898 2688 983 2720 dicta
1009 2688 1040 2719 in
1067 2687 1275 2730 superioribus
1296 2686 1430 2728 fuerant,
1454 2686 1597 2727 negatis?
1620 2696 1659 2716 an

208 2736 352 2778 quaedam
367 2737 501 2778 negatis,
517 2738 572 2769 sed
588 2740 764 2771 conceditis
779 2740 866 2771 alia?
910 2740 988 2773 Suu.
1013 2751 1054 2772 ET
1078 2740 1138 2772 Cn.
1161 2740 1315 2777 Quaedam
1331 2740 1438 2782 procul
1455 2738 1562 2771 dubio.
1605 2738 1662 2770 So.

207 2790 295 2828 Quid
311 2790 405 2832 igitur
419 2791 460 2822 de
475 2801 525 2827 eo,
541 2792 626 2833 quod
643 2793 841 2835 disciplinam
870 2794 1004 2825 diximus
1026 2794 1288 2826 reminiscentiam
1310 2804 1398 2832 esse3
1421 2798 1514 2834 atque
1529 2792 1555 2822 si
1570 2792 1612 2822 ita
1627 2801 1660 2821 se

207 2854 255 2875 res
280 2845 404 2881 habeat,
430 2844 602 2876 necessario
626 2847 790 2888 consequi,
804 2847 919 2879 alicubi
944 2847 1038 2879 fuisse
1065 2847 1208 2884 animam,
1230 2847 1407 2889 priusquam
1434 2855 1560 2886 corpore
1583 2844 1659 2884 [92]

208 2897 426 2929 clauderetur?
471 2898 532 2930 Ce-
557 2898 641 2930 Mihi
657 2899 783 2940 quidem
799 2901 883 2931 istud
900 2902 975 2931 dum
998 2901 1128 2937 dicerem
1145 2900 1270 2931 mirifice
1294 2900 1431 2941 placuit:
1456 2903 1550 2938 atque
1565 2907 1660 2933 nunc,

210 2951 310 2992 siqua
338 2962 473 2994 unquam
498 2953 529 2983 in
553 2953 625 2990 alia,
643 2953 674 2984 in
700 2954 758 2984 hac
783 2954 912 2985 maxime
935 2954 1088 2985 sententia
1114 2965 1289 2996 permaneo.
1333 2954 1410 2984 Sim.
1434 2950 1579 2982 Similiter
1601 2961 1660 2991 ego

208 3014 333 3048 quoque
358 3006 490 3039 affectus
513 3017 579 3039 sum
592 2999 603 3048 ,
626 3007 884 3052 vehementerque
908 3008 1084 3051 admirarer,
1101 3009 1126 3041 si
1155 3008 1229 3041 mihi
1245 3016 1381 3050 unquam
1397 3006 1453 3038 hac
1470 3005 1509 3037 de
1525 3015 1557 3037 re
1573 3004 1661 3036 aliter
