1846 3268
193 291 290 342 301]
651 296 663 309 ³
748 283 1048 324 POLITICUS.
1573 288 1647 327 391

193 400 249 427 aut
263 393 390 426 senibus
407 392 591 436 persuadere
607 389 775 432 quicquam
799 389 982 432 reperiatur,
997 387 1140 420 extremis
1157 387 1318 430 suppliciis
1334 387 1425 420 affici.
1449 399 1551 431 neque
1566 390 1650 421 enim

191 448 336 491 oportere
350 447 517 490 quicquam
531 445 652 487 legibus
667 444 837 485 sapientius
851 454 929 477 esse.
946 453 1048 484 neque
1063 443 1146 474 enim
1160 442 1247 473 illum
1262 443 1402 484 ignorare
1417 447 1472 474 aut
1487 443 1651 475 medicinas

191 502 394 543 sanitatisque
409 504 560 537 naturam,
576 503 632 530 aut
645 498 840 540 gubernandi
857 497 1090 539 navigandique
1104 497 1254 538 optimam
1269 496 1432 533 rationem,
1446 497 1566 538 quippe
1580 508 1652 528 cum

192 555 311 588 volenti
325 555 456 588 cuilibet
479 554 573 585 liceat
598 553 713 594 scripta
737 562 901 593 moresque
927 551 1114 592 perdiscere.
1158 551 1193 581 Si
1218 551 1285 583 haec
1310 551 1355 582 ita
1370 551 1553 593 contingant
1568 551 1651 583 circa

189 610 348 650 scientias,
363 618 439 650 quas
453 607 653 644 narravimus,
668 606 807 647 aliasque
821 605 1000 647 permultas,
1011 609 1047 635 ut
1062 605 1232 635 secundum
1248 606 1428 647 praescripta
1439 606 1544 648 potius
1558 617 1651 648 quam

191 663 362 695 secundum
386 666 482 692 artem
505 665 626 702 agatur,
646 659 723 701 quid
749 659 902 696 dicemus,
917 669 937 689 ο
961 658 1128 689 Socrates?
1152 662 1267 698 utputa
1291 659 1318 690 si
1338 659 1422 690 idem
1446 661 1654 692 constituatur

190 717 276 749 cirea
290 726 352 747 rem
372 715 532 746 militarem
550 724 737 755 omnemque
752 713 964 748 venationem,
978 711 1132 752 picturam
1155 722 1280 753 quoque
1303 717 1337 743 et
1361 713 1534 744 universam
1550 714 1654 746 imita-

192 771 322 807 tionem,
337 768 572 800 architecturam
587 772 620 799 et
644 778 769 798 omnem
790 767 1067 797 instrumentorum
1089 765 1418 807 suppellectiliumque
1442 766 1654 810 effectionem,

191 824 407 866 agriculturam
433 827 527 864 atque
549 831 673 852 omnem
698 821 840 851 arborum
865 829 982 860 curam,
995 823 1029 850 et
1053 828 1203 860 equorum
1225 823 1495 861 armentorumque
1515 822 1654 854 omnium

191 877 378 914 custodiam,
391 876 637 917 vaticiniumque
658 879 690 905 et
704 874 820 905 varium
836 873 1046 904 ministrorum
1062 871 1259 914 obsequium,
1274 872 1405 903 talorum
1428 872 1548 912 ludum,
1562 876 1655 907 arith-

193 931 337 962 meticam
350 931 476 967 nudam,
492 929 542 960 vel
557 939 625 960 eam
641 938 710 970 quae
727 928 811 960 circa
825 927 953 969 planum
969 931 1024 957 aut
1039 925 1228 968 profundum
1244 930 1298 956 aut
1313 925 1509 958 velocitatem
1526 929 1655 961 tardita-

195 990 322 1026 temque
335 988 483 1016 versatur.
529 983 584 1015 So.
608 981 761 1014 Dicemus
787 982 881 1024 plane
903 981 1003 1023 quod,
1018 980 1044 1011 si
1066 979 1111 1011 ita
1132 990 1164 1010 se
1190 989 1237 1011 res
1261 980 1422 1018 haberent,
1445 986 1525 1013 artes
1548 994 1656 1016 omnes

194 1039 336 1070 funditus
350 1038 599 1069 subverterentur
612 1048 715 1079 neque
731 1037 880 1078 deinceps
894 1039 1128 1067 renascerentur
1140 1045 1276 1076 unquam
1288 1035 1328 1065 ob
1338 1035 1419 1066 hanc
1428 1034 1527 1076 ipsam
1542 1037 1655 1079 legem¹

196 1102 268 1135 quae
281 1103 380 1123 rerum
395 1101 543 1122 novarum
558 1090 794 1132 indagationem
807 1094 903 1121 vetat.
949 1089 1160 1126 Quamobrem
1178 1088 1252 1126 vita,
1267 1099 1338 1130 quae
1353 1099 1436 1121 nunc
1449 1090 1583 1122 difficilis
1597 1097 1655 1130 est,

196 1151 271 1177 tunc
284 1156 406 1188 prorsus
428 1146 524 1187 [300]
548 1144 752 1176 intolerabilis
775 1144 873 1176 fieret.
918 1142 1027 1175 HosP.
1050 1143 1137 1180 Quid
1159 1142 1198 1174 ad
1222 1143 1306 1175 hoc?
1330 1143 1356 1174 si
1378 1146 1550 1176 secundum
1576 1157 1656 1188 prae-

193 1200 323 1240 scriptas
339 1198 422 1241 leges
438 1199 502 1230 fieri
516 1199 639 1240 singula
655 1209 845 1240 cogeremus,
856 1197 1040 1239 legibusque
1052 1197 1127 1239 ipsis
1140 1197 1366 1239 praeficeremus
1377 1198 1474 1229 virum
1487 1201 1657 1241 quendam,

195 1254 245 1285 vel
270 1263 423 1286 consensu
448 1253 558 1294 populi
579 1253 775 1294 designatum
791 1253 840 1284 vel
866 1257 947 1283 sorte
973 1257 1124 1288 creatum,
1139 1251 1194 1294 qui
1219 1252 1330 1293 spretis
1350 1252 1483 1293 legibus,
1499 1258 1555 1285 aut
1577 1255 1654 1287 lucri

197 1317 291 1339 causa
315 1312 370 1338 aut
394 1307 525 1348 propriae
549 1306 687 1338 libidinis
707 1307 816 1348 gratia,
832 1306 894 1337 alia
917 1306 1061 1347 quaedam
1086 1310 1196 1347 praeter
1215 1305 1296 1343 haec,
1311 1316 1381 1348 quae
1406 1312 1480 1338 sunt
1504 1308 1659 1347 instituta,

198 1372 268 1393 curn
295 1362 419 1403 ignarus
442 1361 493 1398 sit,
521 1371 612 1402 agere
635 1365 756 1391 tentet:
781 1369 894 1391 nonne*
909 1360 969 1391 hoc
992 1359 1086 1400 priori
1113 1359 1196 1390 rnalo
1218 1359 1379 1390 deterius?
1424 1360 1481 1393 So.
1505 1361 1658 1396 Maxime.

198 1415 306 1447 HosP.
329 1415 453 1446 Etenim
471 1414 612 1456 quisquis
627 1414 786 1455 imperitus
809 1414 906 1444 audet
921 1417 1030 1454 praeter
1045 1412 1129 1454 leges
1143 1412 1214 1443 illas
1229 1423 1333 1456 agere,
1349 1423 1420 1455 quae
1437 1414 1535 1445 multa
1549 1417 1661 1457 peritia

195 1471 266 1501 latae
282 1473 354 1500 sunt
369 1479 387 1500 a
401 1468 628 1500 consultoribus
653 1468 714 1505 his,
737 1468 792 1510 qui
808 1468 941 1510 gratiose
963 1467 1176 1499 consultantes
1192 1467 1324 1509 populo,
1340 1467 1424 1510 leges
1439 1479 1492 1500 eas
1509 1470 1659 1513 ,accipere

197 1527 426 1564 persuaserunt,
443 1522 542 1554 scelus
566 1522 734 1554 committit
759 1522 908 1564 superiori
933 1526 1063 1563 peccato
1085 1521 1178 1563 longe
1202 1521 1350 1564 deterius,
1365 1532 1402 1553 ac
1427 1522 1524 1554 multo
1551 1525 1661 1567 magis,

197 1586 292 1617 quam
317 1575 440 1617 scriptae
469 1575 566 1616 leges,
594 1575 695 1606 officia
723 1575 795 1606 vitae
826 1575 993 1606 confundit
1024 1579 1118 1617 atque
1149 1575 1308 1616 pervertit.
1369 1575 1424 1607 So.
1449 1576 1658 1620 Magnopere.

198 1629 309 1661 HosP.
332 1629 532 1670 Quapropter
545 1629 683 1660 secundo
699 1629 770 1660 loco
787 1633 923 1669 praestat,
941 1634 975 1659 ut
987 1629 1030 1666 hi,
1047 1629 1100 1671 qui
1117 1629 1221 1670 aliqua
1238 1629 1277 1660 de
1294 1639 1326 1660 re
1346 1629 1430 1671 leges
1445 1632 1658 1674 conscribunt,

194 1683 350 1715 neminem
365 1682 546 1724 permittant
558 1682 678 1724 aliquid
691 1693 826 1724 unquam
844 1688 955 1725 praeter
969 1683 1037 1714 illas
1051 1683 1184 1720 efficere,
1201 1683 1266 1715 sive
1281 1694 1362 1715 unus
1375 1684 1458 1716 istud
1474 1685 1539 1717 sive
1554 1697 1659 1728 popu.

197 1738 246 1768 lus
259 1737 466 1778 aggrediatur.
511 1737 565 1769 So.
589 1737 683 1768 Scite.
727 1737 835 1769 Ηοει).
862 1737 979 1768 Nonne
993 1737 1185 1768 imitationes
1200 1738 1344 1778 quaedam
1361 1738 1498 1770 veritatis
1520 1740 1660 1782 singulo-

198 1802 266 1823 rum
282 1792 348 1823 haec
362 1797 464 1828 erunt,
478 1801 550 1833 quae
565 1791 605 1822 ab
619 1791 881 1834 intelligentibus,
897 1792 982 1833 quod
998 1791 1063 1822 fieri
1080 1795 1195 1832 potest,
1211 1791 1388 1833 conscripta
1409 1792 1556 1823 fuerunt?
1602 1794 1659 1827 So.

200 1845 291 1877 Nihil
304 1846 417 1877 obstat.
461 1844 570 1877 Hosr.
593 1844 704 1887 Atqui,
720 1846 746 1877 si
762 1846 970 1883 recordamur,
986 1845 1108 1877 civilem
1124 1855 1229 1876 revera
1243 1845 1403 1877 hominem
1419 1851 1512 1888 atque
1529 1848 1662 1889 peritum

199 1899 233 1930 in
249 1900 458 1942 superioribus
472 1899 606 1930 diximus
622 1900 718 1931 multa
734 1910 817 1941 saepe
833 1904 898 1931 arte
911 1900 1065 1931 facturum
1079 1904 1191 1941 praeter
1206 1899 1360 1936 instituta,
1376 1910 1446 1942 quae
1462 1905 1554 1932 antea
1566 1901 1622 1932 scri
1627 1913 1663 1944 p·

198 1958 290 1990 serat,
306 1953 451 1995 quotiens
474 1953 595 1994 potiora
617 1954 761 1995 quaedam
785 1954 835 1990 iis,
862 1964 932 1995 quae
959 1953 1086 1995 reliquit
1107 1953 1297 1991 absentibus,
1323 1954 1478 1986 invenisse
1498 1956 1663 1997 putaverit.

199 2008 256 2040 So.
279 2007 423 2039 Diximus
438 2007 545 2049 procul
558 2007 664 2039 dubio.
711 1996 820 2040 H'osP.
844 2007 964 2039 Nonne
987 2007 1130 2049 quisquis
1153 2012 1208 2039 aut
1222 2007 1269 2039 vir
1284 2019 1363 2039 unus
1378 2014 1433 2039 aut
1448 2009 1595 2050 populus,
1611 2009 1663 2041 cui

199 2061 286 2103 leges
300 2061 488 2103 praescriptae
505 2066 589 2103 sunt,
602 2066 713 2103 praeter
727 2072 780 2093 eas
795 2062 881 2093 aliud
897 2062 1048 2104 quiddam
1073 2066 1223 2103 tanquam
1247 2062 1355 2093 melius
1372 2063 1560 2103 aggreditur,
1578 2063 1662 2094 idem

201 2125 258 2157 pro
275 2115 401 2152 viribus,
417 2115 501 2156 quod
516 2126 606 2146 verus
621 2115 674 2146 ille
699 2115 802 2147 civilis
818 2115 874 2153 vir,
889 2115 976 2157 agit?
1021 2116 1076 2148 So.
1100 2115 1315 2158 Sunimopere.
1361 2115 1465 2148 Hesp,
1489 2117 1522 2148 Si
1536 2117 1590 2159 qui
1604 2118 1664 2160 igi-

200 2174 250 2201 tur
265 2169 399 2211 imperiti
413 2170 445 2200 id
461 2174 600 2210 agerent,
614 2169 728 2200 imitari
750 2170 879 2212 quidem
896 2180 1001 2200 verum
1025 2169 1127 2210 ipsum
1154 2169 1378 2206 anniterentur,
1395 2181 1536 2211 perverse
1558 2176 1663 2203 tamen

199 2223 403 2255 imitarentur.
449 2223 482 2254 Si
498 2223 552 2264 qui
568 2228 672 2254 autem
688 2224 781 2265 periti
805 2224 889 2254 idem
912 2224 1150 2260 contenderent,
1171 2223 1256 2254 haud
1280 2223 1414 2265 amplius
1434 2223 1569 2255 imitatio
1590 2225 1664 2263 hoc,

201 2277 255 2308 sed
271 2276 372 2318 ipsum
387 2276 466 2308 illud
480 2277 668 2308 verissimum
684 2282 777 2309 esset.
822 2278 878 2309 So.
903 2277 1052 2310 Omnino.
1098 2277 1205 2317 Hosn.
1231 2277 1399 2309 Enimvero
1425 2289 1519 2319 supra
1533 2279 1566 2309 id
1583 2279 1663 2311 inter

201 2341 259 2362 nos
270 2331 430 2372 convenit,
443 2336 540 2363 artem
556 2331 672 2362 nullam
689 2332 794 2363 multis
813 2338 1003 2373 competere.
1047 2331 1103 2363 So.
1127 2331 1284 2363 Convenit
1307 2337 1402 2364 certe.
1447 2332 1555 2365 Hosp.
1579 2333 1662 2376 Ergo

201 2384 227 2416 si
242 2395 289 2416 ars
303 2386 448 2428 quaedam
462 2385 548 2427 regia
561 2386 694 2418 facultas
709 2392 769 2428 est,
784 2387 874 2418 turba
887 2386 1020 2418 divitum
1037 2392 1070 2417 et
1085 2386 1221 2428 populus
1245 2386 1347 2417 omnis
1365 2397 1526 2428 nunquam
1540 2387 1664 2420 civilem

201 2439 282 2470 hanc
298 2440 459 2471 scientiam
475 2440 682 2474 nanciscetur.
728 2442 785 2472 So.
807 2441 990 2483 Nunquam.
1036 2441 1144 2472 HosP.
1170 2440 1306 2481 Oportet
1327 2440 1434 2482 itaque
1449 2451 1496 2472 res
1522 2442 1664 2482 publicas

203 2491 408 2534 ejuscemodi,
423 2493 588 2535 siquando
604 2505 707 2526 veram
723 2495 807 2526 illam
834 2495 1092 2536 gubernationem
1120 2493 1211 2525 unius
1228 2494 1284 2525 viri
1309 2499 1374 2526 arte
1399 2494 1581 2536 imperantis
1606 2506 1664 2537 pro

204 2545 319 2577 viribus
343 2545 440 2588 [301]
454 2547 629 2579 'imitaturae
645 2554 728 2586 sunt,
744 2560 905 2590 nunquam
921 2549 1039 2590 aliquid
1057 2553 1168 2590 praeter
1182 2549 1310 2590 scriptas
1325 2548 1409 2589 leges
1429 2559 1592 2590 moresque
1608 2559 1666 2591 pa-

204 2598 278 2629 trios
293 2600 430 2641 aggredi.
474 2601 530 2633 So.
555 2601 688 2644 Egregie
714 2603 836 2634 locutus
860 2613 904 2635 es.
950 2602 1059 2635 Hosf.
1084 2603 1221 2639 Quando
1243 2601 1330 2633 illam
1353 2602 1466 2634 divites
1492 2603 1664 2639 imitantur,

203 2662 267 2684 rem
291 2653 448 2694 publicam
472 2654 573 2696 ipsam
599 2656 784 2698 optimatum
808 2656 1064 2697 gubernationem
1085 2666 1253 2687 vocamus:
1278 2656 1406 2697 quando
1421 2666 1493 2687 vero
1508 2656 1592 2697 leges
1609 2667 1665 2697 pro

203 2706 302 2738 nihilo
318 2708 447 2749 habent,
473 2719 640 2750 paucorum
657 2710 841 2752 potentiam.
885 2710 943 2743 So,
967 2709 1118 2751 Apparet.
1162 2710 1269 2740 Hosr.
1291 2709 1379 2746 Quin
1400 2709 1494 2740 etiam
1519 2709 1664 2751 quotiens

206 2771 286 2792 unus
301 2761 483 2792 dominatur
495 2763 666 2794 secundum
688 2764 772 2805 leges
788 2764 938 2795 scientem
954 2764 1041 2794 illum
1057 2763 1206 2801 imitatus,
1221 2773 1323 2805 regem
1339 2773 1498 2800 vocamus,
1519 2773 1583 2793 non
1602 2762 1666 2793 dis-

206 2814 385 2856 tinguentes
399 2816 526 2847 nomine
541 2815 640 2854 illum,
656 2817 710 2859 qui
726 2817 856 2849 scientia
870 2817 954 2848 solus
967 2818 1112 2859 imperat,
1129 2818 1168 2848 ab
1183 2827 1222 2848 eo
1245 2816 1300 2858 qui
1321 2817 1472 2858 opinione
1491 2815 1664 2847 secundum

205 2868 290 2909 leges
306 2868 389 2901 solus
405 2869 497 2901 etiam
509 2870 697 2902 dominatur.
741 2871 796 2902 So.
820 2871 871 2903 Ita
891 2871 1044 2903 videmur.
1090 2870 1198 2903 Hnsr’.
1222 2870 1339 2902 Nonne
1351 2870 1443 2911 igitur
1457 2870 1483 2900 si
1499 2880 1577 2899 unus
1593 2879 1664 2900 vera

205 2921 336 2954 scientia
351 2923 497 2964 praeditus
512 2923 655 2965 imperat,
670 2923 754 2955 idem
766 2934 892 2962 nomen,
909 2925 968 2955 hoc
985 2929 1033 2955 est
1047 2924 1178 2966 regium,
1193 2924 1298 2961 habet,
1309 2934 1367 2955 nec
1383 2923 1445 2953 alio
1457 2926 1664 2963 cognomento

207 2973 419 3016 significatur?
464 2976 547 3010 Nam
564 2989 600 3010 ex
624 2978 762 3021 quinque
786 2977 964 3011 nominibus
988 2978 1248 3021 gubernationum
1271 2977 1422 3018 civilium,
1438 2985 1514 3018 quas
1530 2975 1664 3016 narravi-
