1846 3268
261 261 344 302 264
858 245 1124 301 PLAToNJs
1628 264 1728 318 [199

262 368 477 397 numeraturus
487 368 535 397 est
546 365 594 396 vel
604 364 742 397 lecturus
751 364 980 406 grammaticus.
1000 364 1094 399 ,Tunc
1104 364 1190 397 enim
1203 364 1305 398 sciens
1315 364 1426 399 iterum
1441 374 1546 401 secum
1554 366 1638 410 ipse,
1652 376 1724 411 qne

262 419 336 461 scit,
347 419 467 452 discere
482 423 595 451 tentat.
625 419 714 450 Tne.
737 417 784 449 At
806 418 974 450 absurdum
990 423 1038 450 est
1051 415 1148 457 istud,
1163 429 1183 450 ο
1196 419 1351 452 Socrates.
1376 420 1435 453 Se.
1458 420 1512 453 An
1523 421 1604 454 forte
1613 422 1725 456 dicen·

260 474 349 511 dum,
362 484 433 515 quae
443 473 555 511 nescit,
570 482 608 504 ea
619 473 667 503 vel
678 482 839 503 numerare
852 472 902 503 vel
915 473 1030 514 legere,
1043 484 1114 505 cum
1130 473 1192 515 ipsi
1198 473 1264 515 jam
1278 474 1435 506 literatum
1462 475 1560 518 [199]
1583 477 1724 510 omnium

256 527 310 559 vel
325 537 522 559 numerorum
537 525 779 567 intelligentiam
801 526 1042 558 tradiderimus?
1086 527 1173 560 Tmz.
1196 528 1268 560 Hoc
1294 539 1422 571 quoque
1441 529 1622 563 absurdum.
1664 530 1724 564 So.

256 581 315 613 Vis
329 591 402 623 ergo
418 581 561 613 dicamus
572 579 651 611 nihil
665 590 772 612 curare
787 590 859 620 nos,
874 580 1159 623 quomodocunque
1181 581 1358 614 nominibus
1379 583 1500 615 sciendi
1514 583 1723 627 discendique

260 635 394 678 quisque
409 635 537 667 utatur?
581 634 753 677 Postquam
768 634 1128 666 verodeterminavimus
1141 635 1227 667 aliud
1239 637 1388 679 quiddam
1399 647 1467 668 esse
1477 637 1639 670 scientiam
1648 647 1723 680 pos·

259 691 374 728 sidere,
394 689 480 721 aliud
503 689 640 720 habere:
663 689 750 731 quod
768 689 838 731 quis
863 688 1015 730 possidet,
1036 697 1077 721 ne
1093 690 1264 732 possideat,
1287 691 1353 722 fieri
1370 702 1435 723 non
1459 701 1555 733 posse
1577 692 1723 724 dicimus.

260 744 462 786 Quapropter
475 753 635 785 nunquam
649 742 777 779 accidit.
792 747 829 774 nt
843 742 955 785 aliquis
969 743 1055 785 quod
1080 743 1152 784 scit,
1165 743 1250 775 idem
1276 749 1309 775 et
1328 744 1462 777 nescirit..v
1482 745 1592 777 falsam
1616 750 1722 777 tamen

258 799 440 840 opinionem
453 799 537 830 circa
552 797 584 829 id
600 797 703 839 ipsum
720 796 822 839 accipi
838 807 942 839 posse.
985 797 1070 829 Nam
1095 798 1238 831 accidere
1263 803 1378 841 potest,
1393 803 1430 830 ut
1450 799 1613 832 scientim
1629 800 1722 832 unius

257 863 315 895 pro
329 853 457 885 alterius
469 852 603 884 scientia
616 852 788 894 capiamus,
805 851 934 894 quando
949 851 1062 894 aliquis
1077 858 1217 884 nostrum
1243 863 1338 884 unam
1363 854 1520 895 quandam
1536 865 1575 886 ex
1590 853 1723 886 internis

256 907 397 940 'scientiis
410 916 572 947 aucupans
586 915 643 947 pro
664 904 721 936 illa
745 905 837 936 aliam
862 906 1084 947 praerolantem
1106 906 1258 949 deceptus
1283 908 1514 949 apprehendit:
1538 907 1636 940 veluti
1649 918 1722 940 cum

257 961 406 993 undecim
421 960 590 992 duodecim
613 969 682 991 esse
707 963 810 1001 putat,
826 959 963 1001 ipsorum
988 960 1134 992 undecim
1159 961 1321 993 scientiam
1339 962 1409 993 loco
1424 962 1567 994 scientias
1579 962 1721 1004 ipsorum

256 1015 437 1053 duodecim,
462 1025 533 1046 cum
559 1019 691 1055 utraque
714 1013 799 1044 intus
826 1018 963 1051 maneat,
988 1013 1130 1055 capiens,
1153 1015 1243 1057 quasi
1272 1026 1330 1057 pro
1356 1016 1503 1047 columba
1529 1015 1720 1058 palumbem.

254 1070 342 1101 Tru-:0
367 1068 540 1102 Verisimile
557 1068 588 1099 id
605 1067 745 1110 quidem.
788 1067 846 1099 So.
867 1067 948 1099 Cum
965 1078 1037 1099 vero
1061 1078 1154 1110 quam
1178 1069 1319 1110 affectat,
1334 1070 1558 1112 apprehendit,
1574 1074 1651 1102 tnnc
1665 1079 1720 1102 ex»-

255 1129 374 1167 pertem
388 1134 455 1155 esse
476 1121 635 1154 mendacii
655 1132 791 1164 veraque
812 1121 956 1153 nimirum
977 1123 1101 1164 opinari
1126 1121 1311 1156 dicendum.
1333 1128 1366 1155 et
1386 1124 1447 1156 boc
1462 1124 1556 1156 modo
1571 1133 1675 1157 vernn
1688 1128 1723 1156 et

253 1178 363 1210 falsam
378 1177 560 1220 opinionem
575 1176 718 1214 existere,
734 1175 878 1218 nihilque
892 1187 930 1208 ex
945 1176 1000 1218 iis,
1022 1187 1094 1219 quae
1115 1187 1173 1209 nos
1188 1188 1283 1220 supra
1298 1178 1476 1215 turbabant,
1489 1178 1719 1221 impedimento

252 1231 345 1265 nobis
367 1232 445 1263 fore.
489 1230 582 1262 Forte
605 1230 684 1261 mihi
706 1230 904 1262 assentieris:
928 1241 969 1262 an
994 1230 1071 1272 quid
1099 1231 1197 1273 ages?
1241 1231 1327 1263 Tun.
1349 1231 1522 1264 Assentiar.
1565 1233 1623 1265 So.
1644 1232 1719 1265 Jam

254 1287 420 1318 discrimen
434 1285 514 1317 illud
531 1285 698 1326 evasimus,
713 1294 777 1326 quo
793 1284 911 1316 nescire
933 1284 1044 1327 aliqui,
1059 1295 1130 1326 quae
1154 1285 1270 1326 sciunt,
1293 1286 1496 1328 cogebantur.
1540 1285 1625 1319 Nam
1645 1296 1720 1329 quo

251 1340 460 1383 possidemus,
471 1350 512 1370 ne
527 1338 742 1381 possideamus
757 1349 822 1369 non
837 1339 973 1370 accidit:
997 1349 1102 1381 neque
1123 1339 1151 1370 si
1174 1340 1319 1372 fallamur
1343 1351 1447 1383 neque
1461 1340 1487 1372 si
1501 1349 1576 1372 vere
1591 1340 1718 1382 judie·-

252 1406 333 1428 mus.
376 1393 600 1426 Verumtamen
626 1392 712 1422 aliud
733 1392 884 1433 quiddam
908 1392 1031 1434 gravius
1053 1393 1127 1424 mihi
1144 1393 1278 1425 videtur.
1320 1393 1407 1425 Tnz.
1431 1394 1592 1431 Quidnam
1607 1393 1716 1426 istud?

253 1451 308 1482 So.
332 1449 366 1480 Si
387 1446 587 1480 scientitrum
611 1446 815 1478 commutatio
838 1445 917 1477 falsa
942 1446 997 1478 fiat
1018 1446 1138 1488 opinio.
1182 1447 1267 1479 Tne.
1291 1447 1355 1485 Qui
1368 1445 1475 1480 istuc?
1518 1447 1576 1480 So.
1598 1447 1718 1479 Nonne

249 1503 342 1536 valde
357 1501 525 1534 absurdum
541 1505 600 1537 est,
617 1505 651 1530 ut
665 1499 720 1541 qui
736 1499 777 1530 rei
793 1499 957 1542 cujusdam
974 1500 1136 1532 scientiam
1163 1501 1268 1538 habet,
1283 1511 1352 1532 eam
1378 1501 1476 1543 ipsam
1502 1501 1627 1544 ignoret
1650 1511 1716 1534 non

250 1555 428 1601 ignorantia
444 1554 586 1597 quidem,
599 1555 655 1585 sed
670 1554 768 1595 ipsius
783 1552 926 1595 ejusdem
942 1554 1073 1586 scientia
1086 1555 1097 1586 ?
1121 1555 1237 1587 deinde
1257 1566 1320 1587 rem
1343 1556 1426 1587 hanc
1449 1555 1542 1587 aliam
1557 1556 1718 1598 quandam

252 1618 285 1645 et
299 1615 407 1645 contra
422 1609 507 1641 illam
518 1609 601 1640 hanc
616 1618 684 1639 esse
703 1606 885 1639 existimet?
908 1618 1002 1650 quam
1019 1613 1131 1650 praeter
1145 1609 1296 1640 rationem
1312 1610 1372 1640 hoc
1387 1613 1449 1647 est,
1461 1609 1547 1651 qnod
1561 1613 1716 1651 presente

249 1666 382 1701 seientia
396 1664 517 1696 animus
530 1667 703 1704 cognoseat
715 1661 808 1699 nihil,
820 1662 945 1704 ignoret
958 1663 1085 1694 omnia?
1130 1663 1298 1695 Enimvero
1323 1663 1498 1695 secundum
1516 1663 1599 1695 bam
1620 1661 1718 1695 mtto-

250 1732 322 1755 nem
337 1719 416 1752 nihil
437 1717 595 1760 prohibet,
608 1716 687 1759 quin
710 1716 887 1758 ignorantia
912 1727 1050 1759 praesens
1073 1728 1165 1749 nosse
1190 1717 1359 1759 quicquam
1383 1717 1514 1754 efficiar.
1524 1717 1716 1759 emit-sque

248 1776 368 1816 videre,
380 1774 409 1806 si
422 1770 554 1804 scientia
567 1771 709 1812 ignorare
724 1781 903 1813 quenquam
927 1771 1079 1804 effecerit.
1124 1771 1212 1803 Tim.
1234 1771 1330 1803 Haud
1354 1772 1593 1809 rectesorsitnn,
1609 1781 1630 1803 o
1653 1770 1717 1803 So·

247 1835 362 1866 crates,
377 1837 450 1859 aves
475 1825 669 1867 induximus,
691 1835 764 1856 cum
789 1825 872 1857 solas
894 1825 928 1856 in
958 1825 1062 1858 animo
1085 1826 1231 1858 scientias
1255 1835 1460 1868 poneremus:
1484 1825 1715 1871 oportebatque

246 1882 387 1918 inscitias
408 1889 536 1922 quoque
560 1888 624 1910 una
637 1888 708 1910 cum
724 1878 863 1910 scientiis
876 1878 909 1910 in
925 1879 1030 1911 animo
1043 1880 1246 1912 convolantes
1261 1879 1431 1912 inducere:
1453 1884 1487 1912 et
1500 1884 1714 1923 aucupantem

244 1936 405 1970 hominem
418 1942 644 1974 nonnunquam
658 1931 834 1969 scientiam,
850 1933 926 1964 alias
940 1933 1096 1967 inscitiam
1111 1933 1194 1966 cirea
1213 1934 1296 1965 idem
1321 1933 1528 1976 accipientem
1543 1944 1552 1967 ε
1576 1943 1714 1976 eumque

246 1993 281 2024 in
305 1988 470 2023 scientiam
491 1986 632 2023 incurrit,
648 1996 720 2018 vera
740 1986 938 2028 opinantem,
959 1998 1032 2019 cum
1058 1988 1276 2030 ignorantiam,
1301 1987 1390 2020 salsa.
1434 1987 1491 2020 So.
1513 1986 1590 2020 Non
1614 1987 1711 2020 heile

245 2054 369 2088 possem
385 2048 417 2074 te
431 2052 496 2073 non
510 2041 651 2082 laudare,
664 2041 692 2073 T
694 2041 838 2073 heaetete.
862 2042 946 2083 quod
975 2047 1081 2073 tamen
1098 2042 1216 2079 dixisti,
1229 2043 1343 2074 iterum
1365 2042 1589 2077 animadverte.
1633 2041 1715 2074 Esto

245 2099 330 2133 enim
347 2096 453 2130 ursis.
476 2096 533 2138 qui
559 2095 591 2127 in
615 2095 823 2137 ignorantiam
847 2096 944 2138 [200]
969 2096 1100 2133 incidet,
1124 2096 1213 2134 falsa,
1229 2101 1264 2128 nt
1287 2096 1345 2134 ais,
1367 2096 1556 2138 opinabitur.
1577 2097 1712 2128 nonne?

243 2154 334 2187 Tun.
357 2151 463 2184 Certe.
508 2149 564 2182 So.
587 2149 661 2182 Non
686 2154 789 2182 tamen
816 2150 894 2182 falsa
919 2161 952 2182 se
979 2151 1100 2194 opinari
1122 2152 1258 2194 putabit.
1300 2150 1388 2183 Tun.
1411 2150 1488 2183 Non
1509 2155 1605 2184 certe.
1650 2150 1709 2185 So.

244 2207 309 2240 Sed
323 2216 395 2238 vera
410 2204 530 2247 potius,
544 2208 579 2236 et
591 2209 742 2246 tanquam
759 2205 861 2237 sciens
887 2205 1039 2238 afficietur
1052 2207 1092 2238 ad
1106 2206 1171 2244 illa,
1186 2206 1221 2238 in
1235 2206 1349 2249 quibus
1360 2205 1492 2238 fallitur.
1533 2205 1620 2238 Tun.
1642 2204 1711 2238 Cur

243 2261 333 2294 non?
375 2259 434 2292 So.
456 2258 500 2291 Et
522 2258 636 2291 iccirco
660 2259 822 2291 scientiam
848 2265 975 2292 nactum
1001 2271 1034 2292 se
1050 2262 1206 2298 venando,
1230 2270 1295 2292 non
1321 2259 1478 2292 inscitiam
1498 2259 1708 2293 arbitr-bitur.

241 2315 330 2348 Tu.
352 2314 458 2346 Patet.
503 2313 560 2344 So.
580 2313 652 2345 Jau
665 2313 762 2356 longo
782 2314 920 2356 quodam
945 2314 1077 2346 circuitu
1102 2315 1135 2346 in
1151 2314 1281 2357 primum
1297 2323 1400 2346 rursus
1413 2312 1642 2345 dubitationem
1658 2322 1711 2344 re-

241 2368 323 2410 lapsi
337 2377 456 2400 sumns.
478 2366 599 2410 quippe
614 2367 833 2400 contentiosus
847 2369 1028 2409 redargutor
1051 2367 1104 2399 ille
1125 2368 1288 2399 subridens
1312 2366 1422 2399 dicet:
1446 2365 1572 2409 Utrum,
1596 2377 1618 2398 ο
1631 2365 1710 2398 boni

241 2422 313 2464 viri,
325 2426 489 2463 utramque
503 2431 635 2453 noscens
650 2421 774 2464 aliquis,
790 2423 951 2454 scientiam
967 2426 1001 2454 et
1019 2421 1185 2464 inscitiam,
1199 2431 1293 2464 quam
1317 2420 1417 2458 novit,
1432 2420 1524 2452 aliam
1547 2420 1709 2462 quandam

242 2486 337 2520 quem
353 2475 447 2507 etiam
455 2475 553 2511 novit,
566 2486 635 2507 esse
649 2477 783 2508 censet?
804 2482 860 2508 aut
875 2482 1014 2510 neutram
1032 2486 1176 2514 noscens,
1191 2485 1286 2518 quam
1308 2485 1374 2506 non
1387 2474 1488 2512 novit,
1502 2473 1596 2506 alim
1609 2484 1705 2517 quam

240 2541 302 2563 nec
315 2529 425 2562 novit?
448 2533 503 2559 aut
518 2539 611 2560 unam
626 2539 823 2571 cognoscens
837 2530 976 2571 quidem,
1001 2530 1128 2562 alteram
1155 2529 1294 2565 minime,
1315 2538 1410 2571 quam
1432 2528 1533 2566 novit,
1551 2538 1709 2562 amem

241 2594 337 2627 quam
349 2593 415 2614 non
429 2582 539 2614 novit:
563 2582 612 2614 vel
629 2588 845 2626 contraquam
861 2594 925 2616 non
947 2584 1048 2621 novit,
1061 2594 1133 2615 eam
1154 2594 1222 2616 esse
1245 2593 1339 2626 quam
1364 2582 1476 2615 novit?
1519 2582 1581 2616 Vei
1603 2592 1710 2615 rursus

240 2637 318 2671 mihi
343 2636 468 2674 dicetis,
483 2636 683 2668 scientiarum
709 2642 743 2670 et
765 2637 959 2670 inscitiamm
989 2638 1137 2670 scientias
1162 2648 1241 2674 esse,
1257 2648 1336 2680 quas
1351 2636 1617 2680 quipossider‚'in
1637 2637 1710 2669 aiii·

239 2690 431 2735 quibusdam
453 2689 594 2722 ridiculis
616 2691 720 2724 caveis
746 2693 812 2725 sive
834 2693 933 2725 cereis
953 2693 1109 2736 figmentis
1134 2692 1298 2730 cohibens,
1326 2693 1431 2735 quoad
1456 2691 1610 2734 possidet,
1633 2691 1710 2729 mir,

238 2744 363 2779 etiami
378 2744 411 2776 in
426 2750 573 2787 promptu
590 2755 654 2777 non
669 2746 794 2779 habeat.
840 2745 949 2789 Atque
971 2746 1016 2778 ita
1037 2745 1196 2788 cogemini
1217 2746 1253 2777 in
1278 2746 1437 2778 infinitum
1459 2746 1541 2778 eirea
1553 2744 1640 2776 idun
1653 2754 1703 2777 m-

240 2799 334 2836 vohi,
349 2798 427 2831 nihil
440 2798 651 2840 proficientes.
695 2800 782 2837 Quid
795 2801 836 2832 ad
847 2802 927 2842 haec,
941 2812 960 2832 o
973 2801 1135 2833 Theaetete
1149 2801 1160 2832 ?
1205 2801 1255 2832 ΤΗ
1262 2811 1292 2833 ι.
1315 2801 1376 2832 Per
1383 2800 1510 2837 Jovem,
1520 2809 1540 2830 o
1549 2798 1707 2837 soci-ms,

239 2853 320 2896 qnid
331 2852 588 2895 respondendum
601 2854 652 2890 sit,
669 2855 786 2886 nescio.
830 2855 885 2888 So.
910 2854 1031 2887 Nonne
1043 2855 1121 2887 ratio
1137 2865 1206 2894 nos,
1223 2865 1242 2886 o
1266 2854 1438 2891 Theaetete,
1459 2853 1623 2895 admonet,
1636 2859 1705 2885 non

238 2912 325 2940 reste
337 2906 446 2940 fahs-1
459 2907 640 2950 opinionem
657 2908 744 2950 prius
759 2919 851 2951 quam
868 2910 1031 2942 scientiam
1043 2909 1258 2951 investigasse,
1273 2913 1305 2941 et
1320 2908 1526 2940 insinuas-m
1539 2906 1707 2940 nimum

237 2959 421 3003 reliquisse?
464 2961 665 3004 Imposnbile
690 2967 794 2996 autem
819 2970 866 2995 est
889 2964 952 2996 ista
965 2974 1167 3007 cognoscere,
1182 2968 1349 3005 antequem
1364 2961 1554 2995 sufficienter
1567 2960 1703 2995 scimus
