1846 3268
249 235 331 273 204
849 233 1116 274 PLATONIS
1614 243 1714 295 [478

246 348 266 369 a
292 337 428 369 morbo?
452 348 492 369 an
518 347 582 369 non
609 336 792 370 medicina?
837 337 923 369 Por..
947 337 1026 371 Haec
1051 348 1137 372 sane.
1181 338 1235 372 So.
1258 339 1303 372 At
1317 351 1462 384 quaenam
1485 353 1504 374 a
1520 344 1721 386 pravitateet

245 390 344 434 [478]
366 390 544 433 injustitia?
590 390 646 422 Sin
662 392 764 423 minus
779 390 812 422 id
828 390 886 422 tibi
897 392 1059 430 succurrit.
1075 392 1121 424 ita
1135 393 1298 427 considera
1315 407 1322 427 :
1347 396 1495 434 Quonam
1516 402 1550 429 et
1573 399 1614 430 ad
1638 409 1719 442 quos

242 445 440 487 potissimum
467 445 613 477 ducimus
637 445 751 476 morbis
777 445 934 487 corporeis
960 447 1170 488 aegrotantes?
1216 448 1301 482 Pon.
1326 449 1378 481 Ad
1395 452 1546 490 medicos,
1563 451 1719 486 Socrates.

244 498 303 531 So.
326 498 400 536 Quo
417 504 523 530 autem
538 499 726 541 injuriantes
750 504 846 541 atque
861 500 1051 531 dissolutos?
1097 500 1179 534 Por..
1203 501 1260 534 Ad
1281 502 1418 544 judices.
1461 505 1518 539 So.
1546 506 1593 539 Ut
1607 507 1720 543 videli-

245 557 298 584 cet
315 553 500 594 puniantur.
544 553 630 585 Por..
654 552 830 585 Assentior.
875 554 932 585 So.
953 554 1072 586 Nonne
1086 555 1140 597 qui
1156 561 1240 588 recte
1270 558 1418 599 puniunt,
1441 559 1567 601 justitia
1585 561 1722 603 quadam

244 606 316 638 freti
341 607 500 648 puniunt?
546 607 629 640 Por„
655 608 769 640 Procul
794 608 903 639 dubio.
950 609 1007 640 8ο.
1032 609 1232 646 Quaestuaria
1254 621 1327 653 ergo
1357 613 1449 654 pellit
1478 613 1719 656 paupertatem:

244 660 409 691 Medicina
424 671 497 692 vero
525 660 624 703 abigit
650 662 794 694 morbos:
819 661 995 694 Judiciaria
1022 663 1160 705 denique
1180 663 1454 708 intemperantiam
1481 672 1515 699 et
1532 667 1720 710 injustitiam

244 719 380 745 amovet.
425 714 509 746 Por..
533 715 587 747 Sic
612 721 756 757 apparet.
802 715 858 749 So.
882 716 971 753 Quid
1000 728 1074 759 ergo
1104 718 1212 750 horum
1243 725 1292 750 est
1323 720 1586 761 pulcherrimum?
1631 722 1716 756 Por..

246 767 388 805 Quorum
405 768 512 800 dicis?
555 769 611 801 So.
634 770 855 808 Quaestuariae‚
880 770 1059 809 medicinae,
1082 771 1271 813 judiciariae.
1317 774 1401 806 Pon.
1423 775 1532 807 Multo
1555 781 1722 818 exsuperat

240 821 424 863 judiciaria,
439 822 595 855 Socrates.
641 824 698 856 So.
722 824 807 866 Ergo
831 824 879 856 vel
897 824 1091 866 voluptatem
1108 825 1200 858 affert
1222 827 1387 870 plurimam
1409 828 1458 860 vel
1476 828 1656 868 utilitatem,
1671 830 1722 862 vel

243 876 351 913 ambo,
367 876 401 907 si·
414 877 508 908 modo
531 877 738 918 pulcherrima
761 878 811 910 sit.
857 879 943 910 Por..
967 879 1126 922 Sequitur.
1173 881 1230 913 So.
1255 880 1309 912 An
1337 893 1410 924 ergo
1435 884 1535 915 curari
1560 894 1579 916 a
1595 885 1719 916 medico

242 929 431 962 delectabile
447 935 506 968 est,
529 936 562 962 et
586 932 669 962 inter
694 942 804 963 manus
826 933 942 964 medici
957 933 1164 971 oblectantur,
1181 934 1256 966 dum
1282 941 1429 967 curantur
1454 937 1591 970 infirmi?
1634 938 1721 971 Por..

242 981 320 1014 Non
331 989 474 1026 apparet.
520 984 573 1018 80.
597 985 758 1017 Conducit
771 990 887 1017 tamen.
904 987 1036 1019 nonne?
1082 987 1166 1020 Por..
1192 989 1334 1021 Confert.
1379 990 1437 1023 So.
1461 991 1620 1028 Quoniam
1632 992 1721 1025 vide-

244 1036 320 1069 licet
334 1048 449 1078 magno
463 1038 636 1070 liberantur
652 1039 747 1072 malo.
771 1046 963 1082 quapropter
976 1041 1051 1073 utile
1068 1047 1116 1073 est
1131 1042 1261 1074 tolerare
1276 1043 1431 1086 dolorem,
1446 1049 1584 1078 utsanns
1594 1047 1722 1079 evadas.

244 1091 330 1124 Por..
353 1091 469 1123 Procul
485 1092 594 1124 dubio.
639 1092 694 1124 So.
718 1093 770 1124 An
786 1105 859 1135 ergo
874 1094 1083 1133 felicissimus,
1100 1101 1253 1138 quantum
1269 1098 1308 1128 ad
1325 1108 1440 1140 corpus
1451 1098 1579 1141 attinet,
1590 1099 1720 1138 issoret,

244 1146 301 1187 qui
315 1156 371 1188 per
387 1146 574 1179 medicinam
590 1152 715 1179 curatus
730 1147 926 1180 convaluerit
940 1160 947 1179 :
974 1149 1021 1180 vel
1039 1149 1145 1191 potius
1157 1150 1212 1192 qui
1224 1161 1241 1181 a
1253 1150 1407 1193 principio
1420 1162 1484 1183 non
1499 1153 1718 1194 mgr-oraverit?

243 1200 330 1232 Por..
347 1200 440 1232 Certe
455 1200 510 1242 qui
525 1211 590 1231 non
605 1201 773 1242 aegrotarit.
804 1202 859 1235 So.
877 1201 1003 1244 Nempe
1019 1203 1126 1234 nonin
1141 1204 1199 1235 hoc
1212 1204 1382 1237 consistere
1393 1205 1518 1238 videtur
1527 1207 1673 1244 felicitas,
1685 1212 1724 1240 ut

243 1253 410 1286 liberemur
424 1265 443 1285 a
458 1253 566 1286 malis:
583 1255 639 1286 sed
657 1260 692 1285 ut
705 1255 746 1286 ab
761 1255 831 1296 ipso
847 1255 940 1287 initio
959 1256 1056 1288 simus
1069 1257 1252 1289 incolumes.
1283 1259 1367 1291 Por..
1390 1259 1440 1291 Ita
1452 1264 1511 1295 est.
1546 1261 1603 1294 So.
1627 1262 1717 1300 Quid

243 1318 317 1339 vero
332 1308 358 1339 si
373 1308 437 1339 duo
455 1309 534 1340 male
550 1308 601 1340 vel
617 1319 747 1352 corpore
763 1310 812 1341 vel
827 1310 933 1341 animo
949 1311 1056 1342 affecti
1071 1311 1147 1348 sint,
1171 1317 1240 1344 uter
1256 1313 1364 1345 borum
1380 1313 1544 1346 miserior?
1567 1325 1641 1347 num
1663 1317 1720 1359 qui

244 1366 370 1393 curatus
387 1362 534 1394 liberatur
545 1373 563 1394 a
578 1363 675 1402 malo,
691 1374 732 1395 an
747 1364 803 1405 qui
817 1364 970 1396 minime?
1016 1364 1100 1398 Por..
1125 1366 1188 1403 Qui
1206 1377 1269 1398 non
1285 1373 1420 1401 curatur.
1464 1368 1522 1402 So.
1545 1369 1664 1402 Nonne
1685 1371 1720 1403 iu

241 1415 368 1457 judicio
386 1416 502 1458 puniri,
519 1427 537 1447 a
552 1417 686 1449 maximo
700 1419 839 1460 quodam
864 1419 960 1456 malo,
975 1419 1007 1450 id
1033 1426 1082 1451 est
1106 1431 1125 1451 a
1152 1421 1317 1462 pravitate,
1333 1421 1475 1454 liberatio
1499 1423 1590 1454 erat?
1637 1424 1722 1463 Pon,

245 1469 324 1501 Erat
337 1476 431 1502 certe.
477 1471 534 1503 So.
557 1471 688 1513 Quippe
712 1483 783 1504 cum
805 1473 930 1514 punitio
950 1473 1038 1515 justa
1064 1475 1251 1511 moderetur,
1274 1475 1486 1517 justioresque
1510 1475 1636 1518 efficiat,
1651 1482 1721 1509 tan-

245 1534 339 1566 quam
367 1524 525 1556 medicina
546 1526 691 1568 quaedam
718 1525 938 1567 improbitatis.
984 1527 1068 1559 Por..
1092 1527 1143 1558 Ita
1167 1533 1226 1560 cst.
1270 1528 1326 1560 So.
1349 1528 1560 1561 Felicissimus
1575 1541 1650 1572 ergo
1664 1532 1722 1573 qui

244 1588 310 1609 non
327 1579 422 1611 babet
437 1578 661 1610 animi'vitium
677 1591 685 1610 ι
710 1580 969 1622 quandoquidem
985 1580 1017 1612 id
1035 1581 1200 1613 maximum
1216 1582 1364 1624 apparuit
1378 1593 1446 1614 esse
1460 1583 1588 1616 malum.
1634 1585 1720 1618 Por..

244 1631 377 1673 Absque
393 1632 502 1664 dubio.
548 1633 604 1665 So.
628 1633 777 1665 Secundo
793 1639 898 1666 autem
926 1634 997 1666 loco
1021 1635 1076 1677 qui
1102 1646 1122 1667 a
1142 1636 1225 1667 malo
1251 1636 1408 1678 ejusmodi
1433 1637 1592 1671 liberatur.
1635 1639 1725 1672 Por..

245 1685 401 1728 Apparet.
445 1687 502 1719 So.
526 1687 590 1718 Hic
618 1698 690 1719 vero
717 1693 766 1719 est
791 1687 846 1730 qui
871 1694 1031 1731 correptus
1056 1690 1298 1733 perterritusque
1323 1701 1433 1733 poenas
1457 1691 1592 1726 dederit.
1635 1693 1722 1726 Por..

245 1739 279 1771 Is
294 1740 375 1782 ipse.
419 1740 476 1774 SO.
501 1741 640 1773 Pessime
658 1752 731 1784 ergo
749 1742 826 1774 vivit
841 1743 897 1784 qui
914 1742 1049 1785 injustus
1064 1749 1113 1775 est
1127 1755 1186 1776 nec
1210 1746 1250 1776 ab
1272 1744 1428 1787 injustitia.
1448 1745 1590 1779 solvitur.
1634 1747 1722 1781 Por..

245 1793 403 1835 Apparet.
448 1795 506 1827 So.
529 1794 647 1826 Nonne
663 1796 713 1828 hic
729 1797 847 1839 estqui
863 1798 1003 1830 maximis
1016 1799 1201 1840 perpetratis
1212 1798 1348 1841 injuriis,
1359 1799 1554 1842 maximaque
1567 1799 1723 1842 injustitia

245 1846 358 1889 fretus,
383 1848 527 1880 effecerit
551 1854 587 1880 ut
611 1860 716 1892 neque
739 1851 922 1893 corripiatur
946 1851 1043 1895 [479]
1069 1863 1172 1894 neque
1196 1854 1344 1895 puniatur
1367 1864 1471 1896 neque
1487 1855 1643 1896 persolvat
1658 1865 1724 1897 ρω-

246 1912 324 1933 nas:
349 1903 616 1943 quemadmodum
632 1903 774 1936 effecisse
794 1905 874 1936 dicis
890 1904 1079 1937 Archelaum
1095 1906 1237 1948 aliosque
1254 1912 1406 1949 tyrannos
1422 1913 1455 1939 et
1469 1913 1605 1941 oratores
1626 1914 1722 1951 atque

247 1957 419 1996 potentes?
465 1957 550 1990 Por..
577 1958 729 2000 Apparet.
775 1959 831 1991 So.
855 1959 963 1991 Ferme
987 1960 1070 1992 enirn
1096 1952 1254 2002 ejusmodi
1282 1962 1435 2002 homines,
1463 1973 1483 1993 o
1514 1962 1559 1995 vir
1587 1963 1720 2005 optime,

246 2011 379 2051 perinde
394 2011 527 2050 faciunt,
542 2023 578 2044 ac
595 2012 621 2044 si
637 2013 706 2056 quis
732 2014 847 2046 morbis
870 2014 1056 2056 gravissimis
1080 2021 1267 2057 occupatus,
1283 2016 1338 2047 det
1362 2026 1502 2058 operam,
1518 2026 1558 2048 ne
1573 2016 1720 2050 vitiorum

247 2074 318 2105 quae
335 2063 368 2095 in
383 2075 514 2107 corpore
531 2073 616 2109 sunt,
630 2068 688 2099 sub
717 2069 840 2100 medico
857 2079 965 2110 poenas
980 2074 1127 2112 reportet,
1150 2080 1253 2112 neque
1276 2075 1419 2102 curetur:
1443 2081 1611 2113 puerorum
1636 2082 1722 2104 more

247 2116 419 2150 formidans
436 2119 592 2151 ustionem
615 2125 710 2163 atque
733 2122 917 2159 sectionem.
945 2127 1094 2164 tauquam
1117 2134 1180 2155 rem
1205 2123 1378 2155 molestam.
1400 2134 1506 2157 nonne
1522 2125 1579 2156 tibi
1595 2135 1723 2169 quoque

246 2170 292 2202 ita
307 2172 454 2203 videtur?
499 2173 584 2207 Por..
609 2174 694 2206 Mihi
710 2176 849 2217 quidem.
894 2177 950 2208 So.
974 2177 1132 2215 Quoniam
1151 2177 1298 2210 videlicet
1313 2178 1423 2219 quanti
1446 2179 1488 2211 sit
1510 2179 1628 2211 sanita·
1651 2190 1722 2214 cor·

248 2226 397 2268 porisque
411 2227 510 2259 virtus
535 2228 693 2270 ignorant.
738 2229 898 2262 Videntur
923 2235 1027 2262 autem
1053 2241 1108 2272 per
1134 2241 1172 2262 ea
1196 2242 1267 2273 quae
1293 2233 1386 2263 modo
1412 2234 1636 2272 concessimus,
1657 2235 1720 2268 tale

248 2280 402 2321 quiddam
417 2281 532 2319 facere,
548 2293 568 2313 o
595 2282 685 2320 Pole,
698 2282 746 2314 illi
772 2285 828 2326 qui
848 2284 1005 2326 judicium
1021 2285 1167 2327 fugiunt:
1191 2287 1232 2316 ad
1258 2286 1395 2318 dolorem
1411 2287 1540 2329 quidem
1553 2287 1622 2330 ejus
1637 2289 1723 2331 aspi·

248 2344 331 2371 cere,
344 2335 385 2366 ad
400 2335 567 2367 utilitatem
584 2347 655 2368 vcro
671 2338 749 2370 caeci
762 2349 843 2376 esse,
864 2343 958 2381 atque
978 2339 1120 2381 ignorare
1148 2346 1268 2382 quanto
1292 2340 1431 2373 miserius
1457 2346 1505 2374 est
1527 2352 1599 2374 cum
1615 2343 1721 2375 animo

248 2397 312 2419 non
329 2398 418 2426 sano,
434 2389 488 2421 sed
506 2389 617 2428 fracto,
633 2391 765 2433 injusto,
779 2392 892 2435 impio,
907 2403 1001 2435 quam
1023 2404 1095 2425 curn
1118 2404 1182 2425 non
1198 2405 1274 2426 sano
1290 2405 1421 2437 corpore
1436 2395 1563 2438 degere.
1607 2395 1722 2439 Itaque

247 2441 326 2472 dant
339 2452 479 2484 operam,
495 2454 535 2475 ne
552 2444 708 2485 judicium
724 2447 869 2486 subeant,
887 2458 967 2480 neve
983 2448 1116 2479 maximo
1131 2448 1292 2480 solvantur
1306 2449 1388 2481 malo
1404 2461 1411 2480 =
1435 2459 1536 2491 eaque
1564 2451 1606 2482 de
1628 2461 1724 2484 caua·

247 2496 401 2537 pecunias
423 2498 596 2537 cumulant,
620 2507 805 2542 comparant
828 2502 957 2540 amicos,
983 2502 1174 2544 eloquentiae
1197 2506 1336 2535 student.
1383 2503 1428 2535 At
1455 2513 1528 2536 vero
1550 2505 1580 2536 si
1605 2515 1675 2543 nos,
1699 2516 1720 2537 o

249 2549 341 2592 Pole,
355 2561 427 2582 vera
443 2552 579 2584 confessi
595 2564 714 2596 sumus,
739 2556 836 2588 sentis
851 2556 927 2599 quid
943 2567 982 2588 ex
997 2557 1057 2589 hac
1073 2557 1266 2590 discursione
1282 2558 1451 2599 sequatur?
1474 2569 1516 2591 an
1528 2559 1586 2601 vis,
1598 2559 1723 2602 singula.

248 2612 306 2645 per
329 2606 586 2647 consequentiam
613 2609 837 2650 disponamus?
883 2610 968 2644 Por..
992 2610 1038 2642 Ut
1060 2611 1148 2643 libet.
1194 2612 1250 2644 So.
1275 2611 1392 2644 Nonne
1415 2612 1532 2652 evenit,
1552 2613 1721 2646 maximum

250 2667 319 2689 esse
334 2658 450 2690 malum
465 2659 651 2701 injustitiam
666 2669 763 2705 atque
778 2663 924 2706 injuriam
938 2665 949 2695 ἓ
995 2665 1080 2698 Por..
1105 2665 1251 2698 Videtur.
1295 2666 1352 2698 So.
1375 2667 1532 2699 Praeterea
1545 2667 1619 2699 mali
1628 2667 1724 2710 hujus

250 2712 440 2744 solutionem
463 2724 531 2746 esse
549 2716 692 2748 constitit
718 2729 828 2760 poenas
854 2719 962 2751 luere?
1007 2719 1092 2752 Por..
1116 2719 1286 2763 Apparuit.
1331 2721 1387 2754 So.
1409 2720 1472 2753 Eas
1485 2731 1558 2753 vero
1573 2720 1726 2764 effugere,

252 2766 326 2798 mali
342 2768 620 2809 perseverantiam.
666 2771 751 2806 Pon.
776 2773 882 2806 Certe.
927 2773 983 2805 So.
1007 2773 1110 2816 Igitur
1125 2775 1206 2806 inter
1220 2775 1302 2806 mala
1317 2774 1534 2817 magnitudine
1549 2775 1722 2807 secundum

252 2820 375 2852 obtinet
399 2821 502 2854 locum
518 2822 664 2865 injuriam
681 2826 783 2859 facere
798 2839 806 2858 z
830 2833 863 2859 at
879 2839 951 2860 vero
967 2828 1089 2861 efficere
1105 2840 1145 2861 ne
1162 2829 1344 2872 injuriarum
1360 2839 1454 2872 prena
1469 2829 1600 2861 maxime
1614 2830 1728 2862 subea-

252 2879 314 2912 tur,
329 2876 469 2907 omnium
485 2883 596 2910 natura
612 2879 777 2912 maximum
790 2887 838 2913 est
853 2883 1049 2926 primumque
1062 2884 1224 2916 malorum.
1269 2884 1351 2916 Por..
1378 2883 1526 2917 Videtur.
1570 2884 1627 2917 So.
1651 2884 1724 2917 Hoc

254 2933 302 2960 cst
318 2928 424 2973 igitur,
445 2941 464 2962 υ
485 2931 597 2971 amice,
613 2934 654 2965 dc
681 2945 744 2976 quo
762 2937 1009 2978 ambigebamus.
1038 2943 1070 2970 tu
1088 2938 1213 2981 quidem
1231 2937 1420 2970 Archelaum
1437 2948 1503 2970 esse
1519 2937 1648 2971 dicebas
1662 2938 1734 2972 feli-
