1846 3268
152 290 261 343 492]
756 282 1016 324 GORGIAS.
1544 289 1619 328 211

151 396 252 429 virum
275 395 309 428 in
334 389 475 428 colendis
502 390 584 436 agris
607 387 795 435 prudentem
817 392 1047 434 honestumque
1067 396 1101 424 et
1115 391 1233 423 bonnm
1249 391 1364 424 debere
1378 392 1449 434 plus
1463 399 1621 435 reportare

149 450 287 487 seminis,
303 450 500 492 plurimoque
514 448 548 478 in
568 447 631 479 suis
653 446 734 489 agris
755 446 801 479 uti
822 446 953 478 semine.
997 446 1084 479 Cn..
1107 446 1212 483 Quam
1228 456 1351 489 semper
1364 447 1475 478 eadem
1492 448 1583 487 dicis,
1598 461 1618 481 o

145 503 307 537 Socrates!
352 504 408 536 So.
430 502 506 534 Non
522 501 621 534 solum
636 502 760 541 eadem,
774 512 794 532 o
811 501 971 542 Callicles,
982 501 1037 533 sed
1052 501 1170 533 eisdem
1182 511 1310 543 quoque
1322 501 1363 532 de
1378 502 1479 533 rebus.
1525 502 1616 535 Cn„

150 559 212 591 Per
232 559 328 601 [491]
353 558 441 595 deos,
455 566 578 598 semper
597 561 629 587 tu
646 557 809 592 cerdones‚
825 556 986 596 curiatios,
1000 555 1149 592 fullones,
1166 566 1298 597 coquos,
1314 556 1454 587 medicos
1469 556 1566 587 habes
1581 557 1615 589 in

149 624 214 651 ore,
228 613 316 655 quasi
332 612 372 643 de
387 612 435 643 his
449 611 595 642 instituta
618 610 710 641 nobis
730 610 902 652 disputatio
918 610 1022 642 suerit.
1068 608 1124 641 So.
1147 609 1266 641 Nonne
1279 620 1354 651 ergo
1370 610 1379 641 i
1385 619 1441 651 pse
1455 610 1543 642 dices
1558 611 1616 641 ali-

148 667 289 709 quand0,
303 666 419 709 quibus
433 666 466 697 in
482 666 574 697 rebus
594 665 754 706 potentior
778 670 873 707 atque
897 664 1084 708 prudentior
1102 663 1191 706 juste
1217 665 1378 706 possidere
1393 664 1464 706 plus
1479 665 1617 696 debeat?

148 721 197 752 vel
210 731 313 762 neque
330 731 378 751 me
394 720 553 762 permittes
568 719 685 757 dicere,
711 730 815 762 neque
838 720 908 761 ipse
931 719 1040 751 dices?
1085 718 1173 750 cin.
1192 717 1240 749 At
1262 729 1322 760 ego
1338 719 1369 749 id
1383 718 1505 760 jamdiu
1522 719 1593 751 dico
1609 731 1616 750 :

148 774 250 816 primo
265 775 392 816 quidem
409 774 464 816 qui
481 773 672 816 potentiores
687 774 760 807 sint.
785 783 848 804 non
863 773 946 805 enim
962 773 1116 804 cerdones
1132 772 1204 803 dico
1219 782 1323 814 neque
1339 783 1469 814 coquos,
1485 774 1539 804 sed
1562 783 1617 804 eos

148 829 252 870 quiin
276 829 525 860 administranda
548 839 580 859 re
605 828 732 870 publica
757 826 820 858 sint
844 828 1036 869 prudentes:
1059 836 1164 868 neque
1190 827 1361 868 prudentes
1383 826 1496 867 solum,
1512 837 1615 857 verum

149 882 242 913 etiam
257 883 363 920 fortes,
379 882 434 924 qui
458 883 498 914 ad
515 892 553 914 ea
566 892 638 925 quae
652 882 911 924 excogitaverunt
926 880 1119 923 perficienda
1133 880 1285 923 aptissimi
1301 880 1374 916 sint,
1390 891 1494 922 neque
1521 881 1616 912 animi

147 936 280 968 mollitie
291 937 354 968 ulla
368 937 583 969 succumbant.
628 936 683 968 So.
705 935 908 977 Advertisne,
921 946 940 966 o
962 935 1120 977 Callicles,
1134 945 1198 966 non
1214 935 1254 966 de
1276 934 1394 966 eisdem
1421 945 1468 965 me
1496 936 1551 965 abs
1574 941 1617 971 te,

147 996 242 1033 atque
258 991 391 1023 vicissim
408 996 438 1022 te
455 1001 474 1022 a
489 1001 538 1022 me
553 990 690 1022 accusari
704 990 715 1021 ?
739 995 772 1021 tu
788 991 917 1032 quidem
933 1000 983 1021 me
1005 999 1146 1026 accusas,
1159 989 1249 1032 quasi
1265 999 1387 1030 semper
1401 989 1511 1020 eadem
1528 1000 1618 1030 repe-

148 1049 286 1076 tentem:
310 1056 369 1087 ego
385 1055 458 1076 vero
474 1050 505 1075 te
520 1049 641 1081 contra,
657 1049 805 1086 tanquam
819 1045 860 1075 de
875 1045 966 1075 rebus
983 1043 1101 1076 eisdem
1116 1053 1277 1085 nunquam
1293 1043 1403 1074 eadem
1419 1043 1615 1080 afferentem,

149 1098 175 1129 si
191 1099 319 1140 quidem
335 1099 410 1129 alias
421 1099 563 1130 meliores
578 1103 674 1140 atque
689 1097 883 1140 potentiores
909 1108 976 1129 esse
1000 1097 1114 1128 definis
1135 1097 1314 1138 validiores,
1329 1096 1406 1128 alias
1421 1102 1525 1128 autem
1542 1109 1615 1139 pru—

148 1152 319 1184 dentiores.
363 1152 460 1183 Nunc
476 1158 625 1194 praeterea
640 1151 724 1183 aliud
741 1152 891 1193 quiddam
906 1151 1009 1184 affers.
1032 1151 1176 1183 fortiores
1193 1150 1278 1182 enim
1301 1161 1387 1182 nunc
1411 1151 1537 1192 quidam
1563 1153 1619 1183 abs

147 1211 180 1237 te
196 1207 388 1248 potentiores
402 1206 606 1248 melioresque
621 1206 834 1239 nominantur.
879 1205 997 1238 Verum
1012 1215 1082 1247 age,
1100 1206 1227 1236 tandem
1244 1204 1378 1246 explica,
1394 1214 1474 1246 quos
1492 1205 1616 1246 potissi-

149 1270 233 1291 mum
249 1265 281 1292 et
296 1261 336 1292 ad
352 1260 429 1303 quid
445 1260 585 1292 meliores
601 1259 858 1302 potentioresque
877 1260 976 1291 dicas.
1021 1259 1107 1291 Cn.
1130 1259 1202 1291 Jam
1224 1258 1303 1295 dixi,
1320 1259 1491 1300 prudentes
1507 1258 1620 1290 videli-

147 1318 201 1346 cet
215 1314 247 1344 in
263 1314 353 1346 rebus
367 1314 502 1355 publicis
518 1318 612 1356 atque
628 1313 734 1346 fortes.
758 1314 815 1345 hos
826 1313 911 1345 enim
927 1313 1020 1345 decet
1035 1312 1214 1344 civitatibus
1229 1313 1382 1354 imperare
1395 1323 1404 1344 2
1429 1312 1525 1353 idque
1546 1311 1618 1353 jus-

148 1371 215 1398 tum
231 1372 291 1404 est,
310 1372 346 1398 ut
377 1367 447 1409 plus
472 1367 541 1399 aliis
566 1368 716 1406 habeant,
739 1368 940 1399 dominantes
955 1367 1104 1399 videlicet
1128 1366 1289 1408 subjectis·
1333 1366 1389 1398 So.
1413 1366 1501 1404 Quid
1525 1377 1596 1397 vero
1609 1366 1620 1397 ,²

146 1421 247 1453 sibine
261 1421 339 1463 ipsis
355 1421 417 1452 ulla
434 1421 554 1452 ratione
566 1422 720 1453 dominari
743 1421 809 1453 sive
825 1431 932 1463 parere
948 1421 1064 1453 decet?
1111 1421 1197 1453 Can.
1221 1421 1496 1458 Quemadmodum
1513 1420 1618 1451 dicis?

147 1476 206 1508 So.
229 1475 326 1512 Dico,
341 1486 416 1507 num
431 1476 490 1507 sibi
516 1477 648 1519 quisque
670 1477 786 1510 debeat
808 1477 982 1519 imperare:
1007 1487 1048 1508 an
1071 1477 1149 1508 nihil
1176 1488 1257 1519 opus
1281 1478 1332 1516 sit,
1347 1482 1383 1509 ut
1404 1477 1462 1509 sibi
1486 1477 1615 1519 quidem

146 1530 291 1571 imperet,
306 1530 361 1561 sed
377 1530 447 1561 aliis
461 1531 624 1562 duntaxat.
668 1531 755 1563 Can.
779 1531 949 1569 Quomodo
974 1531 1100 1563 sibimet
1121 1531 1276 1574 imperare
1298 1532 1402 1564 dicis?
1447 1532 1503 1564 So.
1529 1531 1618 1563 Nihil

147 1586 312 1617 obscurum
328 1586 414 1623 dico,
429 1586 482 1616 sed
500 1586 765 1627 quemadmodum
789 1586 902 1618 dicunt
915 1585 1018 1624 multi,
1033 1590 1241 1628 temperatum
1258 1592 1291 1618 et
1306 1587 1355 1618 sui
1371 1587 1470 1628 ipsius
1486 1597 1616 1628 compo-

146 1644 222 1677 tem,
238 1639 451 1681 voluptatibus
465 1639 615 1671 videlicet
628 1639 691 1671 suis
707 1639 997 1682 cupiditatibusque
1024 1640 1250 1673 dominantem.
1297 1641 1385 1673 Cn.
1409 1641 1513 1679 Quam
1528 1641 1615 1672 festi-

147 1701 204 1724 vus
218 1703 264 1731 es,
278 1703 298 1723 o
314 1693 478 1725 Socrates!
504 1694 647 1736 stupidos
667 1694 809 1726 homines
836 1694 979 1725 nominas
1001 1699 1200 1736 temperatos.
1246 1694 1303 1726 So.
1327 1695 1414 1732 Quid
1431 1695 1499 1726 ais?
1522 1705 1616 1726 nemo

89 1772 93 1776 .
147 1751 207 1787 est,
219 1746 295 1788 quin
311 1747 396 1778 norit
410 1757 460 1777 me
474 1746 507 1777 id
523 1746 650 1778 minime
666 1747 781 1779 dicere.
825 1747 912 1780 CAL.
935 1747 1037 1778 Immo
1052 1747 1145 1780 valde
1164 1748 1305 1790 quidem,
1322 1759 1340 1780 o
1365 1749 1521 1781 Socrates.
1542 1760 1616 1780 nam

147 1801 307 1843 quomodo
323 1801 434 1832 beatus
448 1811 515 1832 esse
536 1805 643 1842 potest
666 1801 720 1843 qui
745 1800 842 1833 alicui
865 1802 1001 1833 serviat?
1048 1802 1195 1834 Ceterum
1212 1803 1272 1834 hoc
1296 1806 1344 1834 est
1362 1808 1474 1835 natura
1494 1803 1616 1845 justum

145 1861 241 1897 atque
257 1855 434 1896 pulchrum,
448 1855 533 1896 quod
549 1865 608 1896 ego
625 1854 682 1890 tibi
698 1866 782 1887 nunc
797 1856 947 1887 audacter
962 1855 1048 1893 dico,
1063 1861 1206 1898 oportere
1230 1857 1318 1889 illum
1343 1857 1398 1899 qui
1420 1861 1505 1889 recte
1521 1858 1616 1889 vitam

145 1913 270 1940 acturus
285 1908 336 1946 sit,
353 1909 530 1951 permittere
544 1909 734 1950 cupiditates
757 1920 830 1941 suas
854 1920 1051 1952 summopere
1066 1911 1184 1952 augeri,
1198 1921 1258 1943 nec
1273 1922 1326 1942 eas
1341 1911 1406 1942 ullo
1419 1912 1513 1943 modo
1529 1911 1618 1944 cohiss

146 1963 218 1994 bere
232 1975 240 1993 :
263 1968 357 2005 atque
372 1964 419 1994 his
435 1974 530 2006 quarn
546 1964 686 1994 maximis
701 1964 852 2006 quicquid
867 1968 982 2007 petunt
997 1964 1230 1996 subministrare
1242 1965 1283 1996 ob
1294 1964 1510 1997 fortitudinem
1521 1965 1617 2007 atque

146 2016 359 2058 prudentiam,
383 2017 481 2060 [492]
505 2022 538 2049 et
551 2018 725 2060 quemlibet
745 2028 851 2050 earum
875 2018 1025 2050 affectum
1051 2029 1176 2061 prorsus
1192 2019 1330 2061 explere.
1375 2019 1470 2057 Quod
1488 2020 1616 2062 quidem

145 2071 220 2112 quia
233 2071 323 2102 multi
337 2071 490 2113 consequi
505 2076 680 2115 nequeunt,
696 2083 749 2103 eos
765 2072 944 2115 vituperant
959 2073 1012 2114 qui
1038 2073 1071 2104 id
1095 2078 1314 2116 assequuntur,
1338 2074 1380 2104 ob
1395 2074 1617 2106 verecundiam

146 2135 232 2156 suam
248 2125 468 2167 impotentiam
484 2126 733 2158 abscondentes:
757 2126 925 2168 feruntque
938 2127 1209 2169 intemperantiam
1226 2138 1294 2159 esse
1312 2132 1448 2170 turpem,
1465 2129 1616 2169 quemad-

146 2179 275 2210 modum
289 2179 323 2210 in
339 2180 549 2222 superioribus
563 2180 631 2222 ipse
655 2180 811 2214 dicebam.
834 2185 986 2223 praeterea
1006 2180 1040 2212 in
1056 2181 1198 2213 servilem
1214 2181 1356 2212 habitum
1372 2175 1535 2213 deductint
1551 2183 1618 2214 me'-

145 2233 231 2264 lioris
247 2238 365 2265 naturae
380 2234 540 2266 homines:
564 2235 689 2277 ipsique
705 2245 776 2267 cum
792 2234 938 2266 libidines
954 2245 1025 2267 suas
1038 2234 1163 2277 explere
1179 2239 1354 2278 nequeant,
1376 2225 1616 2277 temperantiam

146 2292 241 2329 atque
252 2287 409 2330 justitiam
427 2289 559 2330 probant
570 2294 699 2330 propter
712 2289 882 2331 ignaviam.
930 2289 1044 2321 Verum
1059 2289 1084 2320 si
1100 2289 1147 2320 his
1164 2299 1181 2320 a
1198 2289 1353 2332 principio
1370 2288 1565 2332 contigisset,
1580 2293 1617 2321 ut

146 2340 197 2372 vel
212 2351 319 2383 regum
332 2346 437 2374 essent
450 2342 520 2380 filii,
535 2343 585 2374 vel
603 2343 681 2385 ipsis
702 2348 812 2375 natura
835 2343 990 2375 sufficeret
1011 2343 1052 2374 ad
1075 2343 1241 2385 imperium
1264 2348 1319 2375 aut
1345 2344 1546 2386 tyrannidem
1563 2348 1619 2376 aut

146 2398 336 2436 potestatem
352 2396 489 2439 aliquam
513 2397 574 2428 sibi
597 2398 852 2440 comparandam,
868 2398 1011 2440 profecto
1039 2397 1161 2439 turpius
1177 2396 1332 2440 pejusque
1347 2402 1441 2435 esset,
1457 2403 1492 2429 ut
1506 2397 1619 2440 hujus-

147 2448 234 2479 modi
250 2451 457 2492 temperantia
471 2454 630 2482 uterentur
645 2461 654 2483 ε
679 2451 746 2493 qui,
769 2462 841 2483 cum
864 2451 972 2483 liceret
987 2451 1065 2493 ipsis
1079 2451 1140 2482 frui
1154 2451 1246 2482 bonis
1261 2462 1321 2483 nec
1336 2451 1562 2494 impedirentur
1576 2453 1617 2484 ab

147 2501 227 2540 ullo,
242 2502 302 2544 ipsi
316 2504 374 2535 sibi
390 2504 549 2537 dominam
565 2505 761 2547 praefecerint
774 2505 986 2538 multitudinis
1002 2506 1103 2548 legem
1118 2516 1354 2548 sermonemque
1367 2511 1400 2538 et
1413 2506 1618 2548 vituperatio·

147 2565 231 2587 nem.
276 2556 351 2594 Quo
371 2558 454 2589 enirn
481 2559 576 2590 modo
603 2569 668 2590 non
694 2559 798 2591 miseri
821 2559 950 2591 essent?
972 2559 1128 2602 siquidem
1150 2564 1278 2602 propter
1303 2561 1461 2602 quandam
1481 2560 1616 2603 justitiae

149 2611 427 2654 temperantiaeque
442 2613 638 2645 honestatem
653 2613 732 2645 nihil
749 2614 820 2656 plus
843 2614 952 2645 amicis
973 2614 1144 2646 tribuerent
1159 2624 1252 2657 quam
1268 2615 1416 2653 inimicis,
1431 2616 1526 2647 etiam
1541 2616 1617 2646 dum

147 2663 180 2694 in
192 2663 320 2696 civitate
334 2676 391 2696 sua
406 2666 651 2701 dominarentur.
697 2667 858 2707 Ceterum,
874 2679 893 2699 o
909 2668 1064 2706 Socrates,
1079 2668 1192 2700 veritas
1207 2668 1275 2711 ipsa
1285 2679 1379 2711 quam
1389 2674 1423 2700 tu
1434 2669 1520 2711 sequi
1537 2668 1618 2701 affir-

148 2727 226 2756 mas,
238 2718 283 2749 ita
298 2729 330 2750 se
346 2720 460 2751 habet:
486 2720 616 2759 luxuria,
636 2721 891 2764 intemperantia,
916 2721 1055 2763 libertas,
1071 2723 1165 2754 modo
1179 2722 1312 2755 facultas
1327 2728 1487 2765 suppetat,
1503 2727 1618 2765 poten-

147 2771 193 2802 tia
206 2778 254 2804 est
267 2777 362 2814 atque
377 2773 524 2806 felicitas.
547 2779 651 2807 cetera
664 2786 737 2807 vero
753 2775 862 2808 isthaec
877 2775 1020 2818 speciosa
1036 2781 1147 2818 praeter
1161 2781 1302 2807 naturam
1319 2776 1501 2813 adinventa,
1516 2775 1617 2806 homi·

148 2834 224 2856 num
250 2831 325 2858 sunt
350 2827 566 2867 deliramenta,
582 2833 615 2860 et
638 2840 732 2871 nugae
755 2830 882 2872 penitus
906 2830 1161 2863 contemnendae.
1206 2829 1262 2862 So.
1285 2829 1361 2861 Non
1385 2830 1580 2872 ingenerme,
1597 2839 1616 2859 ο

149 2879 311 2918 Callicles,
326 2882 461 2913 audacia
474 2893 548 2914 usus
564 2882 597 2914 in
613 2883 809 2926 disputando
826 2884 982 2926 procedis.
1007 2893 1082 2916 sane
1098 2889 1205 2926 aperte
1220 2894 1306 2916 nunc
1321 2894 1359 2915 ea
1373 2884 1459 2914 dicta
1476 2887 1548 2913 sunt
1563 2882 1619 2912 abs

149 2937 194 2970 te,
208 2943 279 2975 quae
294 2934 349 2967 alii
363 2936 505 2979 cogitant
520 2937 662 2980 quidem,
678 2938 783 2970 dicere
805 2943 911 2971 tamen
936 2938 1062 2972 nolunt.
1084 2939 1285 2982 quamobrem
1300 2942 1344 2975 te,
1368 2942 1404 2968 ut
1419 2937 1506 2968 nullo
1523 2936 1617 2967 modo

147 2987 293 3027 desistas,
317 2990 458 3030 obsecro,
474 2994 509 3023 ut
531 3002 637 3025 revera
660 2993 810 3027 certiores
829 2992 1012 3032 efficiamur,
1026 3003 1090 3036 qua
1113 2993 1156 3027 sit
1180 2992 1301 3025 ratione
1329 2990 1509 3023 vivendum.
1554 2987 1618 3020 Dic
