1832 3256
224 231 323 281 211]
774 267 791 282 ,
813 260 818 265 ,
863 226 1023 264 LYsis.
1635 233 1684 271 33

221 338 447 380 impedimento
462 340 520 373 est,
536 346 554 366 ο
571 334 770 366 Democratis
782 334 839 366 fili.
856 343 927 364 nam
943 333 1014 370 ista,
1031 337 1066 364 ut
1079 333 1218 370 arbitror,
1231 339 1263 365 et
1278 338 1365 376 pater
1380 340 1412 366 et
1427 339 1523 367 mater
1534 336 1591 368 tibi
1606 347 1682 369 con-

221 393 340 425 cedunt
353 402 361 423 2
383 401 443 422 nec
458 395 582 422 aetatem
598 387 822 430 provectiorem
838 392 1033 430 exspectant,
1057 388 1181 429 quoties
1195 388 1258 430 legi
1272 388 1402 420 scribive
1419 389 1479 421 sibi
1493 390 1611 431 aliquid
1627 401 1684 432 op-

219 451 300 479 tant.
318 445 376 476 tibi
391 444 473 476 enim
491 454 554 486 prae
575 442 687 474 ceteris
703 442 883 473 domesticis
897 442 957 473 ista
971 441 1182 474 committunt.
1228 442 1290 474 Lv.
1314 442 1464 476 Maxime.
1509 443 1565 475 So.
1584 443 1624 475 In
1638 444 1687 476 his

219 501 278 532 tibi
304 500 379 531 licet
403 502 464 530 ta‘m
488 497 666 537 scribendo,
689 506 782 538 quam
810 495 956 538 legendo,
984 496 1124 538 quemvis
1150 495 1291 527 ordinem
1319 496 1474 528 literarum
1503 507 1633 529 servare.
1655 503 1689 529 et

218 554 348 596 quando
363 553 461 595 lyram
477 552 583 589 sumis,
606 550 684 582 nihil
699 550 878 592 prohibent,
895 555 928 581 ut
944 550 1069 592 opinor,
1084 555 1226 592 parentes
1249 550 1307 588 tui,
1323 561 1386 592 quo
1407 552 1509 582 minus
1530 552 1689 589 intendas,

218 608 269 640 vel
294 607 431 639 remittas
451 607 634 638 chordarum
656 604 841 646 quamlibet,
867 609 901 635 et
925 604 1027 641 frices,
1055 609 1087 635 et
1110 604 1214 646 pulses
1238 605 1369 646 plectro.
1413 604 1476 636 ΙΝ.
1496 604 1570 636 Non
1590 610 1686 638 certe.

219 662 277 694 So.
300 662 385 699 Quid
402 661 433 692 in
449 670 543 692 causa
558 665 617 696 est,
633 670 651 690 o
666 659 772 701 Lysis,
787 659 872 700 quod
888 658 922 689 in
938 658 977 689 iis
994 658 1187 700 permittant,
1203 659 1235 689 in
1251 659 1461 700 superioribus
1476 659 1686 701 prohibeant?

218 715 283 748 Lv.
306 715 462 753 Quoniam
477 714 538 746 ista
552 714 679 756 quidem
695 713 771 750 scio,
788 713 841 744 illa
856 718 964 744 contra
987 713 1108 754 ignoro,
1153 713 1211 744 So.
1230 713 1292 750 En,
1315 724 1333 744 o
1357 714 1476 755 optime
1498 714 1601 756 Lysis,
1622 723 1687 745 non

219 774 342 802 etatem
368 774 528 811 exspectat
555 772 641 810 pater
661 768 702 798 ad
725 766 881 798 licentiam
906 767 962 798 tibi
981 767 1208 799 exhibendam:
1234 767 1287 798 sed
1313 768 1485 809 perfectum
1512 768 1687 809 ingenium.

217 823 344 856 Etenim
360 834 429 855 cum
448 824 577 865 primum
594 827 626 853 te
642 821 772 854 senserit
787 832 820 853 se
835 821 903 862 ipso
920 820 1150 863 prudentiorem
1167 821 1328 863 effectum,
1347 822 1430 853 illico
1446 827 1479 854 et
1493 827 1548 854 tua
1569 821 1687 858 omnia,

218 883 251 909 et
265 882 297 909 te
312 877 407 910 libere
421 877 479 908 tibi
501 876 687 909 committet,
733 875 795 906 Lv.
817 875 915 917 Spero
939 875 1097 917 equidem.
1143 875 1200 907 So.
1224 875 1311 912 Quid
1337 886 1427 917 porro
1451 875 1559 914 vicini,
1581 886 1686 907 nonne

218 931 327 963 eadem
344 932 462 963 ratione
478 942 521 968 se,
538 941 601 973 qua
618 936 649 961 et
665 936 819 972 parentes,
835 939 908 971 erga
923 934 954 960 te
970 934 1077 971 gerent
1091 930 1101 960 ?
1132 928 1283 960 Vicinum
1298 940 1406 961 censes
1422 930 1480 961 tibi
1495 940 1559 961 suae
1575 931 1687 961 domus

217 986 448 1018 commissurum
473 984 742 1027 gubernationem,
759 984 784 1015 si
808 990 838 1015 te
861 983 1049 1015 intellexerit
1073 983 1104 1014 in
1127 994 1159 1014 re
1174 983 1320 1015 familiari
1343 984 1521 1026 peritiorem
1542 994 1623 1025 esse,
1646 994 1687 1014 an

218 1040 320 1082 ipsum
346 1051 402 1082 per
425 1051 459 1071 se
484 1038 730 1070 ministraturum
745 1039 756 1068 ?
802 1038 864 1072 Lv.
891 1037 976 1069 Mihi
1001 1037 1235 1069 commissurum
1262 1043 1352 1080 puto.
1398 1038 1454 1070 So,
1477 1037 1686 1069 Athenienses

219 1104 344 1136 quoque
360 1094 495 1130 dubitas,
511 1093 589 1135 quin
606 1093 828 1134 rempublicam
845 1092 900 1123 tibi
923 1092 1158 1132 commendent,
1180 1103 1251 1124 cum
1275 1093 1409 1134 primum
1425 1098 1456 1124 te
1478 1093 1510 1123 in
1525 1092 1573 1123 his
1596 1092 1687 1123 rebus

218 1148 451 1188 prudentiorem
469 1147 539 1179 aliis
556 1158 623 1178 esse
640 1146 859 1188 perceperint?
907 1146 969 1179 Lv.
996 1146 1070 1177 Non
1093 1146 1216 1178 dubito.
1263 1146 1318 1178 So.
1342 1146 1430 1183 Quid
1456 1157 1509 1178 rex
1532 1145 1686 1188 magnus?

219 1205 320 1231 utrum
335 1201 403 1242 ejus
418 1201 517 1232 filium
534 1200 786 1243 natumnjorem,
804 1198 895 1241 cujus
912 1199 998 1231 Asiae
1013 1210 1142 1241 regnum
1158 1200 1294 1230 futurum
1311 1206 1370 1237 est,
1386 1200 1544 1241 permittet
1563 1200 1597 1230 in
1612 1200 1687 1231 elix-

217 1265 302 1286 arum
324 1255 460 1287 carnium
479 1254 533 1296 jus
558 1254 712 1297 quidquid
739 1254 814 1284 velit
834 1253 976 1295 injicere,
999 1255 1105 1295 potius
1130 1262 1223 1296 quam
1243 1265 1313 1292 nos,
1337 1253 1363 1285 si
1385 1254 1430 1285 illi
1445 1254 1687 1296 persuaserimus

218 1309 344 1351 popinae
369 1309 532 1351 peritiores
558 1319 637 1346 esse,
664 1319 756 1350 quam
785 1308 882 1339 filium
896 1308 906 1338 ἓ
953 1307 1015 1341 Ly.
1042 1307 1111 1339 Nos
1139 1307 1297 1339 videlicet.
1340 1309 1396 1342 So.
1425 1308 1468 1340 Et
1493 1308 1582 1339 illum
1607 1307 1688 1339 nihil

216 1373 338 1404 prorsus
352 1374 361 1403 ;
381 1373 439 1394 nos
454 1369 570 1403 autem,
585 1363 677 1394 etiam
695 1362 718 1393 si
734 1362 807 1393 salis
823 1362 955 1393 multum
969 1355 1143 1403 capientes,
1159 1363 1323 1393 immittere
1340 1362 1501 1403 vellemus,
1514 1366 1598 1394 certe
1614 1371 1685 1404 per-

217 1417 362 1449 mitteret.
407 1417 468 1448 Lv.
489 1417 610 1454 Quidni
627 1417 639 1447 ?
684 1417 739 1448 So.
763 1416 806 1447 Et
821 1416 845 1447 si
862 1416 944 1447 filius
960 1416 1029 1458 ejus
1046 1416 1146 1447 oculis
1161 1421 1335 1458 aegrotaret,
1350 1416 1501 1458 numquid
1528 1416 1686 1458 permitte-

214 1475 263 1502 ret
277 1482 347 1502 cum
363 1471 421 1503 sibi
437 1470 545 1502 oculos
561 1474 738 1512 attrectare,
753 1481 792 1501 an
815 1470 1003 1511 prohiberet,
1020 1481 1091 1502 cum
1117 1469 1273 1501 medicum
1288 1470 1377 1502 illum
1393 1481 1457 1501 non
1473 1470 1685 1502 existimaret?

215 1524 280 1557 Lv.
304 1525 487 1556 Prohiberet
500 1535 586 1558 sane.
633 1524 730 1566 [210]
748 1524 804 1556 So.
829 1524 897 1555 Nos
911 1529 1027 1561 autem,
1044 1524 1068 1554 si
1085 1524 1178 1555 modo
1192 1530 1315 1566 putaret
1324 1524 1441 1566 peritos
1455 1524 1596 1556 medicos
1606 1534 1686 1565 esse,

216 1579 260 1610 nil
277 1579 454 1620 impediret,
470 1579 564 1610 etiam
581 1577 608 1610 si
623 1578 772 1609 vellemus
787 1578 952 1619 patefactis
968 1578 1136 1620 palpebris,
1153 1584 1185 1610 et
1201 1579 1304 1610 cinere
1327 1579 1535 1620 superinfuso,
1556 1578 1687 1609 curare?

215 1632 280 1664 ῙΝ.
302 1631 386 1664 Vera
401 1632 547 1675 loqueris.
590 1633 646 1664 So.
670 1632 756 1669 Quin
773 1633 866 1663 etiam
892 1637 995 1663 cetera
1010 1633 1115 1664 omnia
1136 1633 1227 1664 nobis
1242 1632 1460 1674 committeret,
1475 1631 1579 1674 potius
1592 1642 1686 1674 quam

215 1685 288 1724 sibi,
313 1685 361 1717 vel
384 1685 460 1723 tilio,
480 1686 514 1717 in
537 1685 650 1728 quibus
671 1686 873 1727 sapientiores
888 1696 956 1716 esse
982 1690 1115 1726 putaret.
1162 1686 1223 1716 LY.
1247 1685 1386 1717 Necesse
1402 1690 1461 1722 est,
1483 1697 1505 1717 ο
1529 1686 1684 1717 Socrates.

216 1739 274 1771 80.
297 1739 350 1772 Sic
365 1750 398 1771 se
412 1750 459 1771 res
473 1740 581 1778 habet,
596 1740 695 1771 amice
711 1739 803 1782 Lysis
819 1733 826 1770 ἑ
850 1739 986 1781 singula,
1002 1739 1034 1770 in
1049 1739 1163 1782 quibus
1180 1740 1349 1781 prudentes
1365 1751 1483 1777 sumus,
1506 1739 1614 1772 cuncti
1628 1751 1686 1771 no-

220 1793 267 1824 bis
292 1794 481 1832 concedent,
497 1798 530 1825 et
551 1793 667 1832 Graeci,
689 1798 722 1825 et
743 1793 886 1830 Barbari,
907 1799 970 1825 tam
992 1793 1061 1831 viri,
1084 1804 1178 1836 quam
1203 1793 1358 1836 mulieres,
1378 1799 1411 1826 et
1435 1794 1522 1826 iniis
1537 1794 1684 1826 arbitratu

214 1851 323 1888 nostro
336 1857 484 1889 agemusz
511 1857 569 1880 nec
583 1847 666 1879 ullus
682 1852 796 1890 sponte
820 1847 911 1878 nobis
923 1848 1070 1885 obstabit,
1085 1858 1148 1891 quo
1171 1848 1273 1880 minus
1289 1853 1322 1880 et
1336 1859 1394 1879 nos
1416 1848 1506 1879 liberi
1527 1848 1635 1886 simus,
1653 1852 1686 1879 et

215 1901 348 1932 aliorum
363 1901 482 1934 duces:
505 1906 538 1933 et
551 1912 622 1934 cum
638 1902 728 1933 nobis
743 1901 804 1933 ista
825 1901 1000 1940 conferant,
1023 1906 1128 1933 nostra
1150 1907 1252 1933 erunt.
1298 1902 1379 1940 Quae
1401 1913 1474 1933 vero
1495 1901 1685 1944 ignoramus,

217 1965 309 1986 nemo
326 1965 383 1987 nos
398 1960 433 2011 ut
448 1955 546 1993 lubet,
558 1966 649 1998 agere
665 1956 843 1998 permittet:
866 1956 921 1988 sed
937 1966 1046 1993 omnes
1057 1966 1113 1997 pro
1129 1955 1244 1987 viribus
1259 1956 1491 1998 repugnabunt,
1505 1966 1570 1987 non
1585 1960 1686 1987 extra-

216 2009 269 2041 nei
284 2014 418 2048 tantum,
433 2021 538 2042 verum
554 2015 699 2052 parentes
714 2010 820 2048 etiam,
836 2015 869 2042 et
883 2010 968 2053 quod
984 2010 1073 2042 nobis
1090 2011 1295 2052 propinquius
1310 2016 1376 2044 est:
1399 2021 1457 2042 nos
1471 2020 1596 2053 quoque
1611 2009 1686 2052 ipsi,

214 2073 281 2095 non
297 2064 400 2102 nobis,
416 2064 472 2096 sed
488 2065 556 2096 aliis
572 2064 816 2096 ministrantibus
831 2075 838 2096 z
862 2069 894 2096 et
907 2064 968 2096 ista
983 2075 1054 2096 cum
1070 2065 1157 2096 nullo
1173 2064 1263 2096 nobis
1278 2065 1489 2097 emolumento
1506 2064 1579 2106 sint,
1594 2075 1612 2095 a
1626 2073 1688 2095 no-

215 2117 265 2149 bis
286 2117 388 2149 aliena
402 2118 561 2150 exsistent.
576 2119 758 2150 consentis?
806 2118 866 2150 Lv.
891 2119 1064 2151 Consentio
1079 2119 1236 2161 equidem.
1281 2119 1337 2151 So.
1360 2118 1508 2150 Alicuine
1522 2118 1684 2150 hominum

213 2170 310 2203 amici
324 2172 450 2208 erimus,
466 2172 646 2215 amabitque
661 2183 717 2204 nos
741 2172 854 2214 aliquis
875 2173 911 2204 in
934 2173 982 2204 his
997 2174 1101 2214 rebus,
1118 2173 1152 2204 in
1176 2174 1289 2216 quibus
1303 2173 1432 2204 inutiles
1447 2173 1575 2204 sumus?
1619 2172 1689 2204 Lv.

218 2225 401 2268 Nunquam.
445 2226 502 2259 So.
527 2226 609 2268 Ergo
625 2237 683 2259 nec
699 2231 730 2259 tc
745 2232 845 2269 pater,
861 2238 919 2259 nec
935 2227 1017 2259 ullus
1033 2228 1127 2259 aliurn
1144 2238 1323 2270 quenquam
1334 2227 1451 2269 diligit,
1466 2231 1621 2269 quatenus
1636 2231 1685 2258 est

217 2280 350 2313 inutilis.
395 2279 456 2312 Lv.
478 2280 565 2318 Non,
580 2286 617 2312 ut
632 2281 766 2314 videtur.
811 2282 864 2313 Sc.
885 2281 920 2313 Si
935 2282 1042 2323 itaque
1064 2282 1188 2324 sapiens
1211 2282 1357 2319 evaseris,
1383 2291 1490 2312 omnes
1512 2280 1604 2312 amici
1625 2279 1684 2310 tibi

217 2339 251 2365 et
265 2334 428 2366 familiares
443 2339 544 2367 erunt.
568 2335 655 2366 utilis
676 2335 758 2366 enim
775 2340 807 2366 et
829 2336 930 2367 bonus
955 2337 1025 2368 eris.
1050 2336 1097 2367 sin
1113 2336 1226 2376 minus,
1249 2346 1308 2367 nec
1331 2335 1410 2367 alius
1428 2335 1591 2377 quisquam
1614 2334 1683 2372 tibi,

219 2398 277 2420 nec
290 2393 446 2430 parentes,
461 2399 562 2430 neque
578 2389 758 2431 propinqui,
774 2389 867 2422 amici
883 2395 983 2421 erunt.
1029 2390 1180 2422 Potestne
1196 2390 1308 2432 aliquis
1319 2389 1351 2421 in
1364 2389 1412 2421 his
1426 2390 1558 2431 superbe
1574 2398 1682 2430 sapere

219 2446 314 2484 atque
329 2442 464 2483 gloriari,
479 2442 512 2474 in
528 2443 640 2484 quibus
658 2444 798 2475 nondum
814 2444 986 2486 quidquam
1011 2443 1116 2486 sapit?
1162 2444 1226 2477 LY.
1248 2444 1311 2481 Qui
1335 2444 1438 2475 isthuc
1462 2443 1528 2475 fieri
1553 2443 1680 2485 potest?

220 2494 275 2526 Sc.
297 2496 377 2527 Situ
394 2501 584 2538 praeceptore
599 2497 732 2540 indiges,
747 2499 887 2530 nondum
904 2499 998 2540 sapis.
1043 2498 1106 2530 Lv.
1131 2497 1282 2530 Nondum
1298 2504 1392 2530 certe.
1438 2498 1494 2529 So.
1517 2497 1592 2528 Non
1608 2506 1682 2538 ergo

220 2549 352 2590 superbe
374 2550 469 2591 sapis,
494 2550 521 2581 si
537 2550 581 2581 nil
596 2551 689 2594 sapis.
735 2552 799 2585 LY.
823 2553 898 2584 Non
922 2563 977 2595 per
991 2552 1116 2591 Jovem,
1132 2557 1167 2584 ut
1182 2552 1258 2584 mihi
1274 2552 1390 2584 videor.
1434 2552 1490 2583 So.
1516 2551 1596 2588 Quae
1611 2560 1682 2583 cum

221 2603 391 2640 audissem,
400 2603 433 2634 in
450 2603 677 2646 Hippothalem
690 2607 830 2638 converti
845 2607 965 2644 oculos,
981 2612 1075 2649 atque
1089 2617 1195 2649 parum
1211 2606 1313 2638 abfuit
1327 2606 1403 2649 quin
1416 2605 1613 2638 offenderim.
1650 2604 1679 2636 Ο

221 2655 445 2699 Hippothales,
467 2658 527 2689 hoc
550 2664 643 2700 pacto
668 2671 738 2692 cum
759 2661 1010 2694 adolescentibus
1034 2661 1272 2703 disputandum,
1291 2661 1488 2703 corripiendo
1503 2659 1573 2692 illos
1586 2664 1681 2702 atque

218 2710 423 2752 *dejiciendm
447 2721 511 2742 non
526 2712 728 2751 blandiendo,
743 2719 780 2746 ut
800 2715 871 2758 ipse
886 2715 964 2758 agis,
981 2721 1014 2747 et
1034 2715 1204 2748 efferendo.
1249 2716 1311 2747 Sed
1337 2726 1408 2747 cum
1430 2714 1576 2746 vidissem
1589 2714 1679 2745 illum

220 2765 346 2796 anxium
358 2766 576 2808 turbatumque
591 2777 629 2798 ex
644 2773 716 2800 ante
732 2769 836 2807 dictis,
854 2770 1032 2802 recordatus
1047 2780 1128 2808 sum,
1144 2770 1228 2813 quod
1246 2770 1364 2800 dudum
1381 2779 1514 2811 praesens
1530 2767 1681 2811 Lysidem

221 2818 317 2850 latere
333 2819 468 2853 volebat.
483 2820 588 2863 recepi
602 2831 675 2864 ergo
690 2833 739 2854 me
753 2823 869 2865 ipsum,
883 2823 1085 2866 linguamque
1101 2824 1241 2856 cohibui.
1285 2824 1385 2865 [211]
1403 2823 1527 2854 Interea
1542 2831 1678 2853 reversus

222 2871 433 2915 Menexenus,
443 2869 535 2916 juxta
547 2874 707 2917 Lysidem,
724 2877 809 2909 unde
823 2882 1005 2920 surrexerat,
1020 2878 1182 2920 requievit.
1226 2877 1305 2908 Tum
1317 2876 1408 2920 Lysis
1423 2876 1557 2919 gratiose
1571 2876 1679 2906 admo-

223 2925 297 2958 dum
313 2930 346 2958 et
360 2927 471 2966 amice,
486 2939 505 2960 a
517 2929 697 2963 Menexeno
712 2941 846 2964 seorsum
864 2931 940 2963 mihi
952 2932 1116 2965 susurravit
1126 2933 1164 2964 ad
1179 2941 1283 2964 aures:
1308 2930 1337 2963 Ο
1349 2931 1500 2972 Socrates,
1512 2939 1581 2971 quae
1592 2928 1680 2969 mihi,

238 2980 240 2983 ’
311 2979 399 3012 Plat.
426 2981 480 3015 Tr.
927 2986 956 3018 I.
1572 2981 1600 3013 E
