1846 3268
168 305 263 356 390]
749 295 1046 335 CRATYLUS.
1314 319 1318 322 -
1545 298 1620 338 311

165 410 296 444 Nescio.
340 410 397 442 So.
418 406 585 449 Astignare
610 407 643 436 et
666 404 727 434 hoc
747 402 874 434 nescis?
898 401 967 443 quis
990 401 1082 433 nobis
1102 402 1199 435 tradit
1213 401 1341 433 nomina
1354 401 1469 444 quibus
1482 403 1623 435 utimur?

162 465 286 497 Esau.
310 464 426 506 Ignoto
454 466 487 493 et
514 461 585 491 hoc.
628 457 683 489 So.
717 456 835 488 Nonne
863 456 913 488 lex
942 455 1000 487 tibi
1029 456 1154 488 videtur
1181 457 1272 488 nobis
1301 457 1428 488 nomina
1457 458 1622 489 statuisse?

164 518 287 550 Hmur.
308 517 456 549 Videtur.
497 513 555 546 So.
578 511 662 554 Ergo
678 509 865 552 legislatoris
880 514 984 541 utetur
1008 520 1103 551 opere
1125 511 1247 547 doctor,
1264 510 1392 552 quando
1407 510 1535 543 nomine
1551 511 1624 554 ipso

163 576 279 605 utetur.
322 569 446 601 Henna.
468 566 603 609 Opinor.
648 565 704 597 So.
729 563 886 597 Conditor
908 563 985 605 legis
1007 563 1140 605 quilibet
1166 564 1223 595 tibi
1248 575 1338 606 aeque
1353 564 1488 602 videtur,
1504 575 1545 596 an
1570 565 1625 607 qui

163 630 228 656 arta
242 629 290 656 est
305 622 477 666 praeditus?
521 620 646 666 Henna.
669 618 746 651 Arte
767 613 928 660 piaeditus.
973 617 1030 648 So-
1051 618 1157 655 Quare
1184 628 1247 650 non
1264 617 1480 660 cujuscunque
1495 618 1550 650 viri
1565 624 1626 660 est,

162 678 514 720 Herrnogenes‚nomen
525 675 700 716 imponere,
713 683 819 704 verum
830 671 994 714 cujusdam
1009 671 1168 702 nominum
1185 672 1330 705 auctoris.
1344 671 1440 714 [389]
1453 672 1505 704 liic
1520 677 1625 705 autem

163 731 269 770 etium,
286 736 322 762 ut
336 731 472 769 videtur,
485 729 648 760 nominum
664 725 845 758 institutor:
869 725 924 767 qui
947 724 1042 756 rarior
1053 725 1137 757 omni
1152 726 1271 757 artifice
1285 726 1367 758 inter
1381 726 1524 759 homines
1536 738 1627 769 repe-

161 787 250 820 ritur.
294 785 416 817 Hnnm.
438 784 593 826 Apparet.
637 782 693 814 So.
716 780 953 815 Animadverte,
975 778 1116 816 obsecro,
1132 790 1195 821 quo
1210 780 1380 821 respiciens
1395 781 1558 812 nominum
1574 781 1624 812 in.

164 842 290 874 stitutor
308 839 436 870 nomina
451 839 542 870 rebus
556 836 691 878 imponit
705 846 712 866 ε
737 834 831 866 immo
841 833 1032 875 superiorum
1044 833 1187 875 exempla
1202 833 1354 876 dijudica.
1378 844 1441 876 quo
1457 835 1627 877 respiciens

163 895 251 927 faber
263 894 385 926 radium
401 897 577 934 pectenque
593 889 722 922 conficit
735 888 746 920 ἓ
770 898 876 919 nonne
892 889 932 919 ad
948 887 1010 918 tale
1026 887 1159 929 aliquid,
1175 889 1260 930 qnod
1277 889 1316 919 ad
1333 889 1501 920 texendum
1516 894 1628 920 natura

163 950 204 981 sit
226 947 357 991 aptum?
403 946 524 978 Hiran.
547 945 688 977 Prorsus.
733 943 791 979 SO·
813 941 847 974 Si
873 951 968 984 opere
992 941 1025 972 in
1049 941 1119 984 ipso
1142 942 1247 973 radius
1267 943 1324 974 iste
1339 942 1510 984 frangatur,
1526 948 1627 975 utrum

165 1003 262 1035 alium
276 1002 388 1033 iterum
403 999 568 1031 fabricabit
593 998 634 1030 ad
657 995 748 1029 fracti
762 995 852 1028 istius
866 995 1055 1038 imaginem?
1077 1006 1119 1027 an
1134 996 1239 1039 potius
1254 997 1295 1028 ad
1310 996 1446 1038 speciem
1461 997 1561 1038 ipsam
1577 1008 1627 1029 re..

166 1057 290 1099 spiciet‚
306 1055 346 1087 ad
362 1053 455 1096 cujus
467 1052 625 1095 exemplar
637 1050 772 1092 radium,
784 1052 840 1093 qui
852 1050 969 1082 fractus
984 1054 1044 1088 est,
1066 1050 1204 1082 fecerat?
1249 1050 1373 1083 Hssnm.
1397 1051 1449 1082 Ad
1466 1051 1577 1093 ipsam,
1593 1055 1628 1082 ut

165 1111 306 1146 arbitror,
321 1108 471 1151 speciem.
515 1107 573 1139 So.
595 1105 713 1137 Nonne
728 1105 866 1147 speciem
879 1105 979 1147 ipsam
994 1103 1104 1136 merito
1120 1104 1218 1147 ipsius
1242 1105 1321 1136 radii
1342 1105 1493 1137 rationem
1509 1106 1627 1147 ipsum-

166 1174 229 1206 que
244 1163 364 1194 radium
380 1162 512 1193 maxime
527 1159 780 1192 nominabimus?
826 1159 950 1191 Hmzu.
973 1158 1106 1200 Opinor.
1150 1160 1207 1192 So.
1229 1159 1263 1191 Si
1278 1160 1405 1201 quando
1417 1165 1541 1202 oportet
1551 1171 1628 1192 con·-

166 1218 310 1249 ficientlae
325 1217 405 1248 vesti
419 1215 507 1247 tenui
521 1215 571 1246 vel
586 1214 727 1246 crassiori
742 1213 835 1249 lineae
857 1212 922 1244 sive
946 1213 1057 1251 laneae,
1073 1213 1138 1245 sive
1161 1214 1261 1245 cuivis
1275 1214 1375 1251 alteri,
1390 1214 1511 1246 radium
1526 1225 1626 1257 appa.

165 1282 244 1311 rare,
258 1271 362 1302 radios
378 1269 518 1311 singulos
533 1273 657 1311 oportet
671 1267 807 1310 speciem
823 1267 902 1298 radii
919 1267 1018 1308 ipsius
1033 1268 1146 1299 habere
1160 1280 1168 1299 z
1191 1267 1293 1310 qualis
1307 1279 1379 1299 vero
1395 1268 1509 1310 cuique
1535 1274 1627 1300 natu-

165 1325 271 1357 raliter
285 1330 333 1357 est
344 1322 697 1360 accommodatissimus,
713 1321 806 1352 talem
823 1322 862 1352 ad
878 1331 958 1362 opus
974 1322 1198 1363 peragendum,
1217 1326 1251 1352 ut
1272 1327 1383 1353 natura
1406 1322 1557 1364 postulat,
1571 1323 1627 1353 ad-

167 1379 273 1411 hibere
287 1378 298 1409 ,²
343 1378 465 1408 Herm.
489 1377 627 1419 Oportet
654 1386 741 1408 sane.
786 1375 842 1406 So.
865 1375 984 1406 Eadem
1015 1375 1056 1406 de
1086 1375 1195 1407 ceteris
1225 1376 1436 1407 instrumentis
1465 1381 1513 1408 est
1536 1376 1628 1409 ratio.

165 1443 237 1464 nam
251 1432 337 1474 quod
353 1422 462 1462 natura
477 1431 592 1472 cuique
607 1429 763 1471 congruit,
779 1429 1018 1460 instrumentum
1034 1429 1299 1461 adinveniendum
1326 1435 1386 1471 est,
1408 1435 1503 1472 atque
1527 1431 1559 1461 id
1582 1430 1629 1461 illi

162 1486 407 1522 attribuendum,
422 1495 461 1516 ex
481 1495 546 1527 quo
572 1484 678 1521 efficit,
693 1493 757 1514 non
780 1482 999 1525 qualecunque
1015 1483 1082 1514 vult
1104 1484 1159 1525 qui
1181 1483 1322 1520 fabricat,
1339 1484 1394 1515 sed
1410 1483 1503 1526 quale
1517 1489 1628 1516 natura

163 1540 236 1582 ipsa
249 1539 360 1581 exigit.
404 1538 574 1570 Terebtum
590 1548 726 1580 namque
742 1537 855 1578 cuique
871 1538 1142 1569 accommodatum
1165 1537 1244 1569 scire
1267 1543 1392 1580 oportet
1415 1539 1445 1568 in
1463 1539 1541 1569 ferro
1558 1549 1630 1581 per-

164 1595 267 1626 ficere.
312 1594 435 1625 Hnnu.
458 1593 563 1624 Patet.
605 1592 663 1624 So.
685 1591 822 1623 Radium
849 1591 927 1633 quin
949 1592 1043 1623 etiam
1067 1592 1198 1634 singulis
1225 1597 1456 1634 competentem
1482 1593 1515 1623 in
1531 1592 1629 1634 ligno.

166 1649 291 1681 Herm.
314 1647 400 1679 Vera
425 1647 493 1678 haec
514 1651 598 1678 sunt.
642 1646 700 1678 So.
722 1645 853 1687 Quippe
865 1646 941 1687 ipsa
959 1645 1079 1677 ratione
1104 1652 1222 1677 naturae
1243 1646 1322 1678 allus
1337 1646 1442 1677 radius
1456 1646 1527 1678 telae
1542 1646 1632 1678 alteri

164 1701 337 1745 competit:
362 1701 441 1732 etin
457 1700 528 1732 aliis
542 1700 654 1732 eodem
671 1700 783 1730 modo.
825 1699 947 1731 Hann-
970 1700 1064 1732 Sane.
1109 1700 1165 1732 So.
1190 1700 1326 1742 Oportet
1347 1711 1486 1743 quoque,
1501 1701 1547 1731 vir
1569 1711 1628 1743 op-

163 1756 251 1796 time,
263 1761 300 1787 ut
313 1755 367 1786 ille
380 1754 543 1787 nominum
568 1754 728 1786 institutor
752 1764 867 1785 nomen
882 1759 993 1785 natura
1017 1754 1108 1785 rebus
1129 1754 1258 1797 singulis
1273 1759 1381 1797 aptum
1397 1755 1428 1785 in
1446 1755 1574 1786 vocibus
1596 1761 1629 1787 et

164 1809 293 1852 syllabis
307 1808 471 1851 exprimat,
488 1809 528 1839 ad
545 1808 641 1850 idque
655 1807 830 1850 respiciens
856 1808 940 1849 quod
963 1809 1064 1850 ipsum
1080 1819 1195 1840 nomen
1210 1814 1270 1849 est,
1283 1808 1406 1851 singula
1420 1809 1548 1840 nomina
1562 1810 1618 1840 fin·

164 1869 218 1906 gat
232 1869 327 1905 atque
342 1862 501 1899 attribuat,
518 1862 543 1894 si
558 1873 590 1894 re
605 1873 677 1894 vera
693 1863 855 1894 nominum
871 1867 980 1894 auctor
994 1868 1042 1894 est
1056 1862 1189 1896 futurus.
1215 1864 1300 1905 quod
1317 1864 1341 1894 si
1357 1874 1419 1894 non
1435 1864 1545 1895 iisdem
1562 1864 1630 1906 syl·

163 1917 243 1949 labis
258 1917 392 1959 quisque
406 1917 567 1948 nominum
583 1917 729 1948 conditor
753 1927 869 1948 nomen
891 1916 1049 1959 exprimit,
1064 1917 1374 1949 animadvertendum
1397 1923 1456 1955 est,
1471 1919 1556 1960 quod
1573 1929 1628 1950 ne-

162 1981 226 2013 que.
236 1971 316 2003 fabri
329 1980 436 2002 omnes
451 1971 548 2002 aerarii
562 1971 673 2002 eodem
689 1971 722 2002 in
737 1971 816 2002 ferro
825 1971 858 2002 id
869 1970 999 2008 faciunt,
1012 1970 1158 2013 quotiens
1169 1971 1309 2013 ejusdem
1323 1972 1422 2013 gratia
1433 1972 1516 2003 idem
1532 1972 1627 2004 fabri·-

163 2030 238 2057 cnnt
259 2025 509 2056 instrumentum.
530 2036 637 2057 verum
659 2031 813 2068 quatenus
835 2025 969 2057 eandem
990 2025 1093 2057 ideam
1107 2026 1295 2069 attribuunt,
1311 2026 1385 2058 lIcet
1396 2026 1430 2057 in
1443 2027 1505 2058 alio
1521 2032 1553 2058 et
1566 2027 1628 2058 alio

161 2077 253 2116 ferro,
271 2078 367 2120 [390]
383 2069 512 2110 eat‘enus
529 2085 611 2111 recte
626 2090 658 2111 se
674 2081 770 2111 habet
785 2080 1035 2117 instrumentum,
1051 2081 1116 2112 sive
1126 2080 1179 2112 hic
1194 2080 1260 2112 sive
1272 2081 1356 2122 apud
1375 2081 1518 2112 barbaros
1533 2082 1628 2113 fabri-

163 2137 247 2163 cent.
262 2133 389 2165 nonne?
413 2132 534 2166 Hma.
557 2133 712 2167 Maxime.
756 2134 809 2165 So.
830 2134 949 2166 Nonne
965 2139 998 2165 et
1022 2135 1134 2166 eodem
1146 2135 1241 2165 modo
1253 2135 1407 2172 censebis,
1417 2135 1520 2167 donec
1541 2135 1631 2171 insti-

163 2190 248 2217 tutor
258 2186 431 2224 nominum,
441 2187 496 2229 qui
507 2187 592 2229 apud
607 2198 666 2219 nos
675 2192 723 2219 est
736 2193 770 2219 et
784 2188 839 2229 qui
852 2188 938 2229 apud
953 2188 1108 2229 barbaros,
1121 2188 1255 2219 nominis
1267 2187 1403 2229 speciem
1416 2188 1530 2230 cuique
1541 2199 1628 2220 com·-

162 2244 323 2281 petentem
335 2241 476 2272 tribuerit
491 2241 524 2271 in
538 2241 731 2283 quibuslibet
746 2241 889 2283 syllabis,
909 2240 1006 2271 nihilo
1019 2241 1204 2272 deteriorem
1219 2251 1287 2272 esse
1302 2251 1399 2272 unum
1414 2241 1512 2273 altero
1525 2242 1560 2273 in
1570 2252 1628 2273 no-

163 2293 299 2326 minibus
313 2293 513 2336 imponendis
527 2295 539 2326 ?
587 2294 711 2327 Hmm.
733 2294 902 2336 Equidem.
948 2294 1006 2326 So.
1029 2294 1109 2331 Quis
1124 2294 1304 2336 cogniturus
1320 2299 1379 2332 est,
1395 2300 1494 2326 utrum
1511 2306 1628 2328 conve·-

163 2347 253 2380 niens
268 2347 349 2379 radii
362 2348 483 2390 species
498 2348 679 2390 cuicunque
693 2348 778 2389 ligno
794 2347 835 2379 sit
847 2347 998 2389 impressa
1014 2347 1024 2378 ?
1049 2358 1123 2378 num
1139 2348 1239 2389 faber,
1261 2348 1315 2389 qui
1333 2348 1450 2380 efficit?
1474 2359 1515 2380 nn
1528 2355 1629 2382 textor

162 2402 294 2436 usurus?
341 2401 460 2433 Hssau.
484 2402 650 2435 Probabile
664 2407 723 2442 est,
739 2412 758 2432 0
773 2402 929 2438 Socrates,
946 2400 1042 2442 magis
1054 2412 1126 2432 eum
1141 2401 1196 2443 qui
1212 2408 1260 2432 est
1281 2413 1401 2443 usurus,
1425 2413 1626 2445 cognoscere.

164 2455 220 2486 So.
242 2454 323 2492 Quis
338 2455 414 2497 lyrae
428 2457 619 2488 fabricatoris
636 2466 730 2498 opero
746 2456 866 2488 utitur?
888 2466 995 2487 nonne
1010 2455 1063 2486 ille
1078 2455 1350 2497 qui-fabricantem
1361 2456 1512 2489 instruere
1523 2463 1628 2500 potest
1676 2498 1678 2500 ,

163 2512 197 2539 et
212 2518 292 2549 opus
306 2515 428 2540 rectene
444 2519 484 2540 an
498 2515 606 2541 contra
621 2510 739 2540 factum
754 2508 807 2545 sit,
819 2503 963 2550 judicare
971 2509 987 2539 ·?
1023 2508 1146 2541 Harum.
1169 2509 1320 2541 Omnino.
1356 2509 1412 2542 So.
1436 2511 1516 2548 Quis
1529 2513 1627 2553 ergo?

163 2560 285 2596 Henna.
308 2561 488 2594 Citharista.
531 2563 587 2596 So.
610 2563 690 2600 Quis
706 2568 809 2594 autem
834 2573 928 2604 opere
943 2563 1101 2595 structoris
1117 2563 1266 2594 navium?
1311 2564 1436 2596 HERM.
1460 2565 1628 2597 Guberna-

163 2619 224 2646 tor.
267 2615 324 2646 So.
349 2615 430 2652 Quis
444 2616 518 2647 item
533 2616 694 2648 nominum
710 2617 881 2649 conditoris
897 2617 986 2658 operi
1001 2617 1120 2659 optime
1131 2618 1310 2659 praesidebit
1320 2623 1352 2649 et
1363 2619 1523 2661 expletum
1539 2620 1624 2661 diju-

164 2668 294 2705 dicabit,
324 2674 357 2700 et
385 2670 469 2711 apud
494 2669 622 2702 Graecos
648 2676 680 2702 et
702 2672 786 2712 apud
812 2671 964 2703 Barbaros
979 2672 990 2703 ?
1013 2682 1119 2702 nonne
1146 2677 1179 2703 et
1203 2672 1258 2713 qui
1278 2674 1403 2704 utetur?
1447 2673 1571 2708 HERM.
1593 2675 1626 2705 Is

163 2728 259 2755 certe.
303 2723 357 2755 So.
381 2724 433 2755 An
449 2724 553 2755 nonis
576 2729 627 2756 est*
645 2725 700 2766 qui
721 2725 908 2767 interrogare
924 2725 1006 2757 scit?
1052 2726 1175 2758 Hnam.
1197 2726 1273 2760 Iste.
1316 2727 1371 2760 So.
1395 2728 1482 2759 Idem
1500 2739 1626 2771 quoque

163 2777 375 2818 respondere?
421 2778 544 2810 Hmzm.
567 2778 704 2820 Nempe.
751 2779 806 2813 So.
830 2779 910 2810 Eum
928 2791 1000 2811 vero
1024 2780 1079 2821 qui
1102 2780 1289 2821 interrogare
1318 2782 1379 2813 scit
1393 2787 1487 2823 atque
1502 2793 1628 2823 respon-

165 2831 251 2868 dere,
267 2831 361 2862 alium
377 2842 470 2863 vocas
486 2843 580 2874 quam
605 2833 829 2864 dialecticum?
877 2834 1001 2865 Henna.
1025 2834 1237 2865 Dialecticum
1262 2835 1415 2876 profecto.
1460 2836 1514 2866 So.
1537 2834 1627 2869 Fabri

163 2884 272 2926 itaque
288 2895 367 2927 opus
381 2890 429 2916 est
444 2891 599 2917 temonem
615 2886 715 2919 facere
731 2887 936 2928 gubernatore
952 2887 1167 2929 praecipiente,
1182 2888 1209 2919 si
1224 2888 1325 2920 bonus
1340 2889 1459 2920 futurus
1470 2895 1515 2919 est
1529 2895 1624 2921 temo.

164 2937 290 2971 Henna.
313 2939 468 2981 Apparet.
513 2940 568 2972 So.
591 2939 763 2971 Nominum
776 2951 902 2984 quoque
916 2941 1064 2983 auctoris,
1074 2952 1203 2980 nomen,
1215 2948 1360 2974 monente
1369 2942 1534 2973 dialectico
1548 2942 1627 2980 viro,

165 2991 300 3027 simodo
314 2998 397 3026 recte
414 2995 560 3036 ponenda
574 3000 647 3026 sunt
669 2995 806 3030 nomina.
852 2995 974 3028 Herm.
997 2995 1028 3027 V
1030 3006 1081 3028 era
1093 2997 1160 3029 haec
1176 3002 1260 3028 sunt.
1304 2996 1358 3030 So.
1382 2995 1525 3038 Apparet
1539 3006 1626 3039 ergo,
