1846 3268
225 273 302 310 346
831 266 1097 306 PLA'roms
1593 266 1691 319 [πρε

220 375 414 418 igitur'circa
428 373 564 406 animam·
580 370 740 414 pravitatis
755 369 946 402 ablationem
960 370 1160 412 reperiemus,
1175 369 1284 402 merito
1300 369 1517 412 purgationem
1532 369 1691 413 appellare

226 429 424 462 debebimus.
469 428 518 458 ΤΗ
526 435 556 459 ¹3.
589 426 742 458 Maxime.
787 424 854 455 H0.
885 423 1052 455 Pravitatis
1081 424 1115 455 in
1142 425 1248 456 anima
1274 425 1394 467 species
1422 425 1493 456 duae
1523 429 1696 466 ponuntur,v

223 484 313 518 Tan.
338 484 496 522 Quaenam
512 483 523 513 ?
548 480 646 522 [228]
666 479 732 512 Ho.
756 478 831 510 Una
847 478 944 509 morbi
958 478 1129 520 corporalis
1141 478 1249 517 instar,
1264 478 1467 521 turpitudinis
1480 477 1588 510 altera.
1608 477 1698 511 Tusa.

225 538 321 568 Haud
339 536 496 578 intelligo.
530 534 598 566 H0.
622 533 773 564 Morbum
788 531 914 563 forsitan
931 536 964 563 et
978 531 1162 563 seditionem
1178 543 1241 564 non
1255 532 1340 564 idem
1355 543 1459 566 vocas.
1480 531 1569 565 Tne.
1591 531 1699 565 Etiam

223 591 301 633 quid
318 591 358 621 ad
375 591 442 621 haec
459 588 682 630 respondeam,
709 586 829 618 nescio.
873 585 941 616 H0.
963 584 1051 616 Num
1075 584 1162 617 aliud
1177 585 1362 618 seditionem
1379 591 1483 628 putas,
1497 596 1592 629 quarn
1605 589 1697 618 natu-

224 644 296 675 ralis
312 643 512 685 cognationis
527 641 749 682 corruptelam,
764 639 923 671 discordia
934 639 1070 682 quadarn
1082 640 1341 681 provenientem?
1368 660 1371 663 -
1384 640 1474 674 Tun.
1495 639 1587 672 Nihil
1598 639 1698 672 aliud.

225 698 292 732 110.
313 696 554 740 Turpitudinem
570 705 643 726 vero
660 704 737 725 num
753 693 840 725 aliud
867 703 965 735 quam
977 693 1207 725 deformitatem
1221 702 1266 726 ex·
1278 694 1473 726 dissonantia
1485 704 1604 736 eorum,
1625 704 1698 736 quoe

224 756 487 794 naturaeognata
502 754 589 786 sunt,
614 748 840 781 resultantem?
883 747 972 779 Tru-:-
994 747 1081 780 Istuc
1109 748 1227 790 ipsum.
1267 748 1336 780 H0.
1360 748 1448 787 Quid
1474 758 1578 791 porro,
1591 757 1699 780 nonne

225 806 369 838 videmus
384 805 417 836 in
433 805 496 844 eis‚-
506 813 637 846 quorum
654 803 843 844 depravatus
859 806 906 833 est
921 801 1056 839 animus,
1070 802 1235 844 opiniones
1257 812 1276 833 a
1289 802 1503 844 cupidinibus,
1517 802 1593 834 iram
1608 810 1628 834 a
1641 811 1699 833 vo·

225 860 414 902 luptatibns,
427 858 578 890 rationem
595 867 614 888 a
629 856 792 888 doloribus
814 855 993 887 dissentire.
1036 856 1124 889 Tne.
1149 857 1192 888 Et
1207 857 1338 888 maxime
1358 856 1518 899 quidem.'
1541 856 1610 889 H0.
1632 855 1699 888 Ve-

224 918 400 945 rumtamen
416 917 531 944 cuncta
546 912 618 943 haee
631 915 742 942 natura
758 914 896 951 cognata
921 914 1005 940 sunt.
1049 909 1076 940 T
1078 920 1140 942 ne.
1160 910 1266 943 Patet.
1311 910 1375 943 H0.
1397 910 1590 942 Seditionem
1604 909 1700 952 igitur

225 979 262 1000 ac
279 968 419 999 morbum
437 966 549 998 animae
567 965 752 1007 pravitatem
768 974 879 996 vocare
890 964 994 996 decet.
1037 963 1126 996 Tne.
1151 964 1267 998 Recte.
1309 964 1376 996 H0.
1397 963 1430 995 Si
1444 974 1508 1005 qua
1517 962 1700 1001 viderimus.

225 1031 297 1063 quie
313 1026 398 1053 certo
414 1021 550 1062 quodam
568 1019 631 1050 fine
649 1019 825 1061 proposito,
839 1018 914 1049 dum
929 1018 968 1049 ad
985 1017 1063 1049 illud
1080 1018 1242 1060 pervenire
1253 1018 1405 1055 nituntur,
1419 1017 1594 1059 singuliain
1606 1017 1701 1049 moti-

225 1076 286 1107 bus
304 1075 547 1117 praevaricentur
562 1078 658 1115 atque
674 1074 829 1114 aberrent,
845 1077 946 1103 utrum
963 1072 1172 1104 consonantia
1186 1073 1321 1114 quadarn
1344 1077 1452 1103 mutua
1466 1069 1701 1103 convenientia·

227 1140 289 1171 que
305 1128 475 1166 communi,
491 1138 531 1159 an
547 1126 709 1160 contrariis
724 1126 825 1158 causis
837 1136 938 1157 errare
953 1125 1093 1159 dicemus
1107 1126 1118 1157 ?
1163 1126 1252 1158 Tne.
1275 1126 1420 1165 Constat,
1435 1125 1521 1168 quod
1537 1125 1701 1157 dissonan-

226 1181 269 1219 tia
287 1187 382 1224 atque
400 1181 596 1224 intemperie.
640 1181 708 1212 110.
732 1179 834 1222 Atqui
849 1180 976 1218 scimus,
992 1180 1112 1211 nullum
1129 1180 1396 1223 animumsponte
1412 1179 1531 1222 aliquid
1545 1178 1700 1221 ignorare.

225 1235 314 1267 Tun.
339 1236 451 1268 Plane.
480 1236 563 1268 Ἠο.
588 1235 772 1277 Ignorantia
787 1234 915 1277 quidem
932 1239 980 1266 cst
994 1235 1153 1266 dementia
1169 1235 1314 1277 quaedam
1335 1234 1459 1276 animae,
1472 1244 1544 1276 quae
1558 1234 1634 1265 dum
1655 1233 1699 1264 ad

226 1289 389 1321 veritatem
416 1289 553 1327 nititurs
566 1289 782 1331 intelligentia*
799 1289 868 1330 ipsa
884 1289 1120 1330 praevaricatur.·
1155 1288 1244 1322 Tmz.
1267 1289 1420 1322 Omnino.
1439 1308 1442 1310 v
1462 1289 1528 1320 H0.
1552 1287 1703 1320 Animam

225 1343 323 1384 igitur
340 1344 548 1386 ignorantem,
567 1344 791 1375 inconcinnam·
805 1348 900 1384 atque
916 1343 1086 1375 deformem
1105 1354 1216 1376 vocare
1230 1344 1336 1376 decet.
1356 1344 1445 1377 Tne.
1465 1342 1611 1375 Videtur.
1634 1340 1704 1374 Ho-

228 1397 311 1428 Sunt
327 1407 400 1438 ergo
417 1398 481 1428 duo
497 1398 566 1429 lnaec
583 1397 735 1427 malorum
753 1397 785 1426 in
801 1396 905 1426 anima
919 1407 1045 1437 genera.
1069 1407 1165 1428 unum
1182 1397 1389 1428 communiter
1402 1395 1586 1438 improbitas
1599 1393 1702 1427 norni-

229 1456 343 1491 natur3
368 1451 423 1492 qui
439 1442 552 1482 animae
569 1450 676 1492 procul
693 1449 790 1481 dubio
818 1450 943 1481 morbus
967 1455 1024 1480 est.
1068 1450 1155 1481 Tne.
1178 1450 1229 1481 Ita
1254 1455 1312 1489 est.
1358 1449 1589 1482 1100‘Alteru1n
1608 1448 1704 1490 igno·

226 1504 359 1535 rantiam
385 1504 514 1546 quidem
538 1508 735 1545 nuncupant,
754 1503 938 1545 pravitatem
964 1513 1037 1535 vero
1064 1504 1178 1535 animm
1204 1505 1286 1536 hanc
1310 1515 1378 1536 esse
1405 1503 1546 1536 confiteri
1575 1503 1704 1536 nolunt«

229 1557 320 1590 Tne.
344 1557 483 1589 Omnino
500 1558 740 1589 concedendum
757 1561 816 1594 est,
832 1557 872 1588 de
888 1567 951 1597 quo
968 1558 1062 1588 modo
1074 1557 1199 1589 dicente
1215 1568 1264 1589 me
1276 1557 1467 1599 ambigebas,
1479 1557 1542 1588 duo
1554 1556 1586 1588 in
1596 1555 1703 1589 anima.

230 1621 344 1653 genera
359 1611 523 1653 pravitatis
538 1611 668 1642 existere
685 1622 692 1640 :
717 1615 749 1642 et
765 1610 965 1641 timiditatem
981 1610 1110 1652 quidem
1122 1611 1457 1653 intemperantiamque
1466 1615 1499 1641 et
1511 1609 1702 1652 injustitiam

230 1670 397 1707 ceteraque
411 1666 592 1708 hujusmodi
607 1670 723 1697 cuncta
740 1664 880 1695 morbum
897 1663 1070 1696 existimare
1087 1664 1237 1696 debemus
1251 1677 1258 1697 z
1276 1665 1439 1707 plurimam
1450 1668 1571 1697 vero—et
1584 1663 1701 1696 variam

232 1719 442 1761 ignorantiam
458 1719 696 1761 turpitudInem.
741 1718 809 1751 H0.
832 1718 883 1749 An
907 1729 971 1749 non
987 1718 1069 1750 circa
1094 1729 1208 1761 corpus
1224 1720 1328 1761 quoad
1351 1721 1418 1751 haec
1440 1719 1504 1751 duo
1525 1718 1607 1750 mala
1627 1719 1703 1751 duaa

231 1783 365 1816 quoque·
383 1778 465 1805 artes
489 1773 707 1816 reperiuntur?
751 1771 841 1804 Tne.
865 1772 1044 1810 Quasnam?
1089 1773 1167 1805 Ηο.τ
1182 1772 1703 1816 Adversus-deformitatemgym-

231 1827 364 1866 nastica,
388 1828 538 1860 adversus
561 1828 700 1859 morbum
725 1826 890 1859 mediciuae
920 1826 1044 1868 peritia.
1068 1827 1166 1870 [229]
1189 1828 1278 1860 Tun.
1301 1827 1457 1870 Apparet.
1494 1825 1563 1861 H0.
1583 1825 1704 1858 Nonne

231 1882 380 1913 adversus
403 1881 622 1924 petulantiam,
637 1880 839 1923 injustitiam,
861 1879 1075 1919 timiditatem,
1091 1893 1130 1913 ex
1156 1882 1241 1914 omni
1257 1892 1370 1924 genere
1385 1881 1496 1913 artium
1510 1878 1703 1918 conveniens

229 1936 363 1974 maxime
385 1936 550 1978 castigatio
565 1940 598 1967 et
619 1934 849 1972 animadversio
869 1937 918 1965 est
938 1933 1100 1975 judicialis
1123 1936 1276 1968 censura?
1321 1935 1410 1967 Tne.
1432 1935 1506 1967 Hoc
1521 1933 1642 1977 utique,
1664 1937 1704 1965 ut

230 1992 369 2022 humana
383 1990 492 2032 opinio
508 1989 648 2031 porrigit,
665 1995 925 2023 consentaneum.
969 1990 1034 2022 H0.
1057 1990 1121 2021 Sed
1137 1980 1710 2032 adversusignorantiam*nniversam¹

229 2044 309 2086 quid
318 2044 408 2079 aliud
426 2048 536 2086 praeter
550 2043 725 2075 doctrinam
740 2044 911 2076 remedium
928 2044 1108 2076 invenitur?
1140 2043 1228 2075 Tus.
1250 2043 1394 2075 Nullum.
1426 2043 1493 2076 H0.
1515 2042 1703 2076 Docti-inam

229 2108 304 2130 vero
327 2102 430 2129 utrum
454 2108 549 2130 unam
575 2098 729 2129 duntaxat
752 2108 789 2130 ac
813 2098 999 2140 simplicem,
1016 2109 1056 2130 an
1072 2097 1163 2141 plura
1192 2108 1310 2140 genera·
1328 2097 1412 2129 illius
1427 2107 1495 2129 esse
1509 2096 1701 2130 dicendum?

230 2152 332 2184 Immo
348 2153 413 2183 duo
428 2162 544 2194 genera
558 2151 627 2194 ejus
642 2151 686 2183 sic
702 2152 927 2186 animadverte.
971 2152 1061 2185 Tun.
1084 2151 1311 2184 Animadverte
1333 2151 1493 2193 equidem.
1535 2149 1604 2183 H0.
1627 2149 1702 2184 Huc

230 2206 281 2237 via
303 2216 395 2248 quarn
412 2205 544 2248 primum
561 2205 595 2237 id
621 2205 779 2237 inventuri
806 2205 882 2238 mihi
909 2206 1061 2239 videmur.
1105 2206 1191 2237 Tus.
1215 2206 1310 2243 Qua?
1355 2205 1422 2238 ΗΟ.
1446 2202 1705 2247 Si-ignorauriam

233 2260 388 2302 geminam
404 2270 472 2291 esse
489 2260 732 2293 consideremus,
755 2270 793 2292 ea
808 2261 833 2291 si
848 2260 976 2302 quidem
987 2261 1105 2303 duplex
1116 2259 1276 2302 duplicem
1287 2257 1706 2304 docendirationemexigi25

233 2318 269 2344 ut
284 2314 408 2356 singula
423 2313 554 2355 singulis
569 2313 687 2345 alterne
703 2313 884 2345 reddantur.
924 2314 1010 2347 Tne.
1035 2314 1191 2356 Nunquid
1203 2313 1271 2355 jam
1286 2314 1344 2345 tibi
1368 2317 1492 2345 constat
1505 2312 1591 2354 qnod
1613 2321 1701 2344 nunc

233 2368 381 2409 quaeritur
394 2368 406 2399 Ξ
451 2368 521 2400 H0.
544 2367 698 2409 Magnam
714 2368 872 2410 quandam
892 2373 924 2399 et
938 2378 1100 2399 onerosam
1115 2367 1301 2410 ignorantiae
1323 2372 1444 2408 partem
1459 2366 1564 2404 video,
1578 2365 1706 2400 cunctis

230 2422 299 2453 aliis
325 2422 394 2463 ejus
420 2422 559 2463 partibus
586 2422 891 2464 prmponderantem.
936 2421 1025 2454 Tun.
1050 2422 1177 2459 Quam?
1222 2421 1290 2453 H0.
1314 2421 1418 2458 Hanc,
1444 2431 1516 2453 curn
1535 2420 1610 2463 ‚quis
1631 2419 1702 2458 ilia,

231 2486 303 2517 quae
319 2475 433 2516 nescit,
447 2475 523 2508 scire
539 2486 572 2506 se
587 2480 690 2517 putat.
712 2476 752 2506 ab
768 2476 827 2507 hac
842 2476 987 2507 nimirum
1003 2486 1110 2507 omnes
1121 2485 1319 2517 quaeeunque
1330 2485 1388 2506 nos
1398 2474 1511 2506 fallunt
1522 2474 1702 2516 opiniones,

230 2530 485 2572 proficiscuntur.
506 2529 594 2561 Tun.
616 2529 670 2560 Ita
683 2535 741 2563 est.
763 2529 833 2561 H0.
855 2529 963 2572 Atque
977 2530 1051 2561 huic
1067 2529 1125 2561 soli
1139 2529 1322 2572 ignorantiae
1343 2529 1425 2571 parti
1439 2528 1572 2561 inscitiae
1586 2537 1704 2561 nornen

230 2583 398 2616 convenire
425 2583 580 2615 existimo.
625 2584 652 2614 T
655 2594 716 2615 nn..
735 2583 875 2615 Prorsus.
918 2584 986 2622 H0.
1008 2583 1172 2616 Doctrinae
1198 2584 1307 2625 itaque
1333 2587 1466 2624 partem,
1491 2593 1555 2625 qua
1578 2582 1620 2614 ab
1639 2583 1700 2614 hac

229 2637 408 2679 ignorantia
422 2637 598 2675 liberamur,
612 2638 772 2680 quemodo
788 2638 1009 2680 appellandam
1025 2639 1158 2670 censes?
1201 2638 1289 2670 Tns.
1312 2637 1400 2669 Reor
1413 2637 1560 2679 equidem
1574 2641 1704 2679 partem

237 2691 330 2725 aliam
348 2691 507 2723 doctrinas
522 2692 632 2723 artium
646 2692 814 2729 nominari,
834 2693 916 2725 hanc
926 2703 999 2724 vero
1010 2692 1222 2735 disciplinam.
1246 2692 1313 2723 Ho.
1333 2691 1388 2723 Sic
1399 2691 1495 2723 ferme
1505 2691 1587 2724 inter
1595 2699 1707 2722 ornnes

233 2745 360 2777 Graecos
375 2750 516 2777 vocatur.
561 2745 664 2777 Nobis
691 2751 794 2778 autem
819 2747 879 2779 hoc
905 2751 1055 2789 praeterea
1080 2746 1354 2782 considerandum,
1378 2750 1481 2776 utrum
1494 2743 1700 2779 ‘individuum

231 2801 272 2832 sit
288 2810 447 2838 omne,.an
464 2799 649 2831 divisionem
666 2801 801 2843 aliquam
815 2802 929 2833 habeat
939 2801 1126 2843 cognomine
1139 2801 1266 2842 dignam
1280 2800 1292 2831 ?
1315 2799 1406 2831 Tra.
1430 2797 1700 2830 Considerandum

233 2854 402 2895 profecto..
431 2853 501 2885 110;
522 2853 655 2885 Videtur
669 2854 774 2896 itaque
794 2855 875 2886 mihi
891 2860 923 2887 et
946 2856 1005 2887 hoc
1029 2854 1214 2886 divisionem
1240 2853 1408 2895 suscipere.
1451 2851 1541 2884 Tmz.
1563 2851 1639 2888 Qua.
1651 2860 1701 2882 ra-

232 2909 343 2940 tione?
388 2907 454 2940 Ho.
479 2907 556 2949 Ejus
581 2908 688 2950 utique
713 2908 882 2947 facultatis,
905 2919 976 2951 quae
999 2919 1139 2941 sermone
1162 2909 1270 2948 docet,
1299 2918 1368 2950 pars
1390 2906 1534 2949 quiedam
1549 2904 1704 2947 asperior,

232 2963 375 3003 quaedam
393 2962 497 2994 laevior
511 2971 578 2995 esse
594 2962 728 2996 videtur.
773 2963 860 2996 Tun.
886 2963 1020 3001 Qualem
1038 2969 1202 3005 utramque
1217 2962 1374 2996 dicimus?
1419 2959 1482 2992 H0.
1507 2958 1610 2992 Unam
1626 2958 1698 3000 qui-
