1846 3268
183 281 278 331 362]
731 272 1110 314 PROTAGORAS.
1595 278 1646 326 69

179 381 382 416 Prometheus
396 378 478 411 enim
493 377 578 410 eain
595 376 702 408 fabula
724 376 798 408 mihi
813 376 912 418 magis
937 387 1031 418 quam
1057 376 1262 420 Epimetheus
1285 379 1428 422 placuit:
1454 390 1518 422 quo
1541 386 1646 423 utens,

180 441 214 468 et
227 435 378 467 univcrsae
388 433 465 464 vitae
493 442 570 463 meae
597 430 764 472 providens
785 431 853 462 haec
876 431 981 462 omnia
1006 435 1115 463 tracto.
1162 431 1261 475 Atqui
1287 433 1315 464 si
1333 433 1400 475 ipse
1417 433 1524 471 velles,
1547 439 1583 466 ut
1605 437 1645 467 ab

179 489 270 521 initio
293 488 370 525 dixi,
395 485 599 518 libentissime
625 485 666 516 de
692 485 739 516 his
765 485 855 516 rebus
872 489 975 516 tecum
996 484 1212 518 deliberarem.
1256 486 1337 518 Tum
1360 487 1558 530 Protagoras,
1580 493 1646 520 stu-

180 542 267 574 dium
292 543 351 572 hoc
377 546 477 578 tuum,
503 540 618 581 inquit,
641 550 660 570 o
687 538 844 579 Socrates,
866 539 1079 581 sermonisque
1103 540 1276 572 discursum
1303 540 1410 572 laudo.
1433 541 1550 573 etenim
1576 553 1647 574 cum

178 583 292 632 detera,
304 595 364 626 nisi
381 605 429 625 me
443 594 524 625 fallit
538 593 658 635 opinio,
683 603 702 624 a
725 603 775 624 me
798 592 901 624 absint
922 593 1012 630 vitia,
1037 592 1157 624 invidia
1177 599 1261 625 certe
1277 594 1415 626 omnium
1432 595 1649 628 remotissima.

178 649 222 681 Et
235 650 275 680 de
290 653 321 680 te
336 648 463 690 quidem
480 647 586 678 multis
596 646 663 688 jam
678 646 757 683 dixi,
772 657 822 677 me
837 646 976 678 omnium
992 657 1071 689 quos
1087 648 1284 679 convenerim
1302 649 1433 681 maxime
1446 654 1476 681 te
1489 649 1648 691 admirari,

178 703 345 746 aequalium
362 705 445 734 certe
460 712 553 744 quam
567 701 711 732 maxime.
734 701 819 732 addo
835 700 1020 743 quinetiam,
1047 700 1090 732 nil
1115 701 1226 738 mirum
1242 702 1316 733 mihi
1331 702 1409 744 fore,
1435 703 1461 734 si
1483 703 1646 746 sapientia·-

179 757 284 789 studio
298 756 400 788 clarus
415 755 560 787 evaseris.
605 754 653 786 Ac
670 755 711 786 de
727 754 775 785 his
803 754 893 792 alias,
916 755 1169 797 quandocunque
1185 756 1283 794 voles,
1308 756 1523 789 edisseremus.
1547 758 1646 800 [302]

179 810 276 842 Nunc
287 810 354 852 jam
366 810 442 841 hora
456 814 516 850 est,
540 813 577 840 ut
598 819 648 840 me
663 809 710 841 ad
726 808 788 840 alia
806 808 980 842 conferam.
1025 809 1240 852 Ita‚inquam,
1264 811 1420 852 agendum
1448 817 1507 850 est,
1534 813 1560 843 si
1586 812 1645 843 tibi

180 865 325 904 videtur5
348 863 605 906 quandoquidem
622 868 655 894 et
675 863 744 904 ipse
768 862 835 904 jam
851 863 971 905 pridem
987 863 1048 895 alio
1064 864 1148 895 abire
1164 865 1309 907 cogebar,
1332 870 1368 896 ut
1383 865 1468 898 dixi:
1492 871 1645 897 verumta-

180 923 284 950 tameu
300 921 336 949 ut
350 917 473 958 Calliae,
488 917 620 950 honesto
637 917 841 956 adolescenti,
856 927 974 950 morem
999 928 1150 962 gererem,
1175 919 1307 960 perstiti.
1351 919 1411 951 His
1435 919 1527 952 dictis
1551 925 1646 963 atque

178 971 294 1005 auditis
309 971 474 1005 abivimus.
738 968 765 983 γ
