1846 3268
258 258 339 296 266
867 253 1137 294 PLATole
1615 248 1717 309 [203

260 368 448 401 cognoscere
470 367 561 400 posse
579 356 813 400 perfectamque
829 357 992 389 scientiam
1009 356 1153 399 adipisci.
1197 356 1250 388 Sic
1265 361 1298 389 et
1320 362 1353 390 tn
1370 357 1572 401 insomnium,
1587 368 1628 390 an
1642 357 1733 393 aliter

259 412 436 445 audivisti?
481 412 568 444 Tun.
594 411 646 443 Sic
661 411 804 443 omnino.
850 411 907 443 So.
930 411 1016 442 Num
1033 411 1089 443 tibi
1106 411 1138 442 id
1163 411 1291 454 placet?
1315 417 1348 444 et
1363 413 1422 444 hoc
1440 417 1534 454 pacto
1549 412 1734 455 opinionem

260 477 363 499 veram
390 477 455 498 una
478 477 550 498 cum
575 465 695 496 ratione
720 464 883 497 scientiam
908 466 1040 497 asseris?
1085 465 1174 498 Tne.
1197 465 1241 497 Et
1254 466 1386 498 maxime
1401 467 1542 509 quidem.
1587 466 1643 499 So.
1664 467 1735 500 Sic·

259 521 344 558 cine,
356 521 531 558 Tbeaetete,
551 530 609 551 nos
631 519 726 550 bodie
752 519 784 550 id
801 519 1108 561 comprehendimus,
1123 519 1210 561 quod
1225 520 1300 551 olim
1316 520 1474 562 sapientes
1489 530 1584 563 quam
1606 520 1732 562 plurimi

259 573 498 616 investigantes,
512 578 682 616 antequam
697 573 887 612 invenirent,
900 577 1131 605 consenuerunt
1147 573 1158 603 ?
1189 573 1240 604 Tri
1246 583 1277 604 r..
1298 573 1382 605 Mihi
1394 574 1535 616 quidem,
1546 585 1566 606 0
1576 574 1736 618 Socrates,

261 629 348 670 quod
365 628 459 659 modo
482 627 603 660 dictum
626 631 686 668 est,
699 627 781 658 bene
804 626 924 658 dictum
948 636 1015 658 esse
1031 626 1165 660 videtur.
1208 625 1267 658 80.
1290 626 1334 658 Et
1348 627 1472 660 merito.
1495 637 1566 658 narn
1584 638 1655 669 quae
1671 628 1734 660 sci·

261 682 350 714 entia
374 683 492 724 absque
515 681 637 713 ratione
658 685 806 723 rectaque
831 679 984 723 opinione
1010 691 1148 722 unquam
1172 690 1242 712 esse
1263 681 1402 722 poterit?
1449 680 1556 713 Unum
1572 685 1678 713 tamen
1691 692 1732 714 ex

262 736 356 767 dictis
381 734 458 767 mihi
483 733 642 777 displicet.
687 734 778 767 Tuis.
801 733 899 772 Quod
925 734 1037 766 istud?
1082 733 1139 766 So.
1163 733 1259 772 Quod
1288 744 1364 765 sane
1393 734 1644 777 magnificentius
1667 734 1733 772 dici

261 789 439 827 videbatur,
454 788 611 821 elementa
624 789 734 830 ignota
758 798 847 829 esse3
870 788 1059 831 syllabarum
1085 793 1190 820 autem
1216 798 1316 831 genus
1341 794 1464 821 notum.
1504 788 1592 820 Tmz.
1614 788 1734 822 Nonne

262 847 347 875 recte
360 843 372 874 ?
416 843 472 875 8ο.
494 842 732 875 Advertendum
748 843 904 885 profecto.
927 853 1000 874 nam
1017 848 1166 884 tanquam
1182 843 1279 874 vades
1295 842 1445 874 sermonis
1460 842 1650 885 exemplaria
1664 843 1735 886 ipsa

262 897 426 935 babemus,
449 897 564 939 quibus
593 897 647 929 ille
668 907 747 928 usus
776 898 844 929 liaec
872 897 980 929 omnia
1007 896 1098 928 dixit.
1140 896 1230 928 Tun.
1254 897 1434 934 Quaenam?
1479 896 1536 928 So.
1559 896 1734 928 Literarum

261 950 418 983 elementa
432 955 466 982 et
478 951 629 994 syllabas.
652 961 693 982 an
710 956 801 993 putas
816 951 878 983 alio
901 951 1077 983 intuentem
1099 951 1167 983 baec
1181 951 1286 982 dicere
1303 950 1407 988 illum,
1423 951 1479 993 qui
1490 950 1570 983 dicit
1584 961 1655 993 quae
1669 951 1734 994 ipsi

262 1004 443 1036 narramus?
489 1004 575 1037 Tne.
601 1004 675 1035 Non
702 1004 742 1036 ad
767 1005 831 1036 alia
853 1009 951 1043 certe,
966 1005 1021 1036 sed
1038 1005 1077 1036 ad
1095 1005 1154 1036 ista
1169 1005 1334 1036 duntaxat.
1379 1005 1435 1037 So.
1459 1003 1507 1036 Ea
1520 1005 1616 1046 igitur
1635 1005 1733 1048 [2⁰3]

262 1065 461 1090 recensentes
475 1057 708 1090 examinemus:
733 1058 827 1089 immo
842 1068 914 1090 vero
932 1058 978 1090 sic
989 1057 1212 1100 nosmetipsos,
1228 1057 1346 1106 anne
1363 1058 1467 1090 literas
1481 1058 1526 1090 ita
1539 1058 1709 1091 didicimus
1722 1059 1734 1090 ?

262 1110 438 1153 Responde
459 1113 499 1144 ad
522 1113 583 1144 1100
609 1111 755 1154 primum,
771 1111 825 1143 An
841 1122 905 1143 non
921 1111 1052 1154 syllabae
1068 1112 1241 1143 orationem
1257 1111 1513 1144 definitionemve
1527 1113 1656 1151 habent,
1671 1112 1736 1156 ele·

262 1170 370 1197 menta
385 1176 457 1197 vero
482 1165 634 1196 minime?
679 1166 767 1197 Tria.
790 1165 894 1197 Forte.
938 1165 995 1196 So.
1018 1164 1102 1195 Mibi
1128 1175 1255 1207 quoque
1282 1165 1411 1197 omnino
1426 1166 1559 1198 videtur.
1602 1166 1638 1200 Si
1663 1167 1735 1210 quis

261 1230 337 1262 ergo
351 1220 395 1252 ita
410 1220 451 1251 de
475 1220 575 1262 prima
601 1220 738 1252 Socratis
765 1220 888 1262 syllaba
914 1223 1127 1262 percontetur,
1143 1219 1171 1251 O
1187 1219 1361 1258 Theaetete,
1376 1220 1430 1252 dic
1443 1231 1477 1252 so
1492 1220 1570 1263 quid
1584 1225 1644 1263 est,
1657 1221 1735 1264 quid

263 1274 459 1316 potissimum
485 1274 713 1316 respondebis?
759 1274 850 1306 Tun.
874 1274 971 1312 Quod
997 1285 1012 1305 s
1035 1278 1068 1305 et
1095 1284 1127 1306 0.
1171 1274 1226 1306 80.
1249 1274 1358 1306 Habes
1388 1285 1462 1316 ergo
1491 1275 1573 1307 hanc
1602 1274 1733 1319 syllabas

263 1327 429 1359 rationem.
472 1328 561 1360 Tua.
586 1328 757 1370 Equidem.
799 1328 855 1361 So.
880 1327 966 1370 Age,
979 1327 1030 1359 dic
1043 1332 1193 1370 praeterea
1207 1327 1306 1371 ipsius
1331 1339 1346 1359 s
1370 1329 1533 1363 rationem.
1575 1328 1663 1373 Tne.
1687 1328 1734 1361 At

262 1392 327 1423 quo
352 1387 447 1424 pacto
474 1382 544 1424 quis
570 1382 719 1414 elementi
745 1383 902 1414 elementa
925 1381 1037 1414 referre
1063 1382 1196 1424 posset?
1242 1382 1368 1414 Etenim
1383 1382 1486 1424 ipsum
1501 1393 1528 1421 s,
1543 1392 1563 1414 0
1578 1383 1734 1421 Socrates,

262 1441 418 1467 mutarum
443 1436 598 1468 literarum
623 1447 718 1468 sonus
744 1437 873 1479 quidam
888 1442 936 1468 est
948 1435 1061 1472 solum,
1078 1436 1186 1478 lingua
1201 1435 1300 1467 veluti
1313 1436 1460 1468 sibilante
1475 1447 1484 1468 :
1508 1436 1607 1479 ipsius
1628 1441 1734 1469 autem

263 1501 283 1521 n
299 1501 403 1532 neque
420 1502 479 1522 vox
493 1501 597 1533 neque
611 1501 718 1527 sonus,
733 1501 837 1532 neque
854 1491 1056 1533 plurimorum
1073 1490 1310 1523 elementorum.
1353 1490 1512 1528 Quocirca
1524 1495 1610 1524 recte
1623 1492 1734 1524 admo-

262 1543 339 1574 dum
354 1544 473 1586 absque
486 1545 608 1576 ratione
633 1555 701 1576 esse
725 1545 892 1576 dicuntur:
917 1555 935 1576 e
961 1544 1075 1586 quibus
1101 1549 1222 1586 septem
1238 1544 1292 1575 illa
1306 1544 1471 1576 notissima
1481 1555 1591 1577 vocem
1607 1545 1735 1583 babent,

262 1599 414 1630 rationem
430 1609 502 1630 vero
517 1609 729 1641 nequaquam.
776 1599 834 1631 S0.
858 1598 930 1630 Hoc
955 1601 1078 1641 itaque,
1091 1609 1111 1629 0
1136 1598 1250 1637 amice,
1263 1598 1348 1630 circa
1373 1599 1538 1631 scientiam
1552 1603 1636 1632 recte
1651 1610 1734 1632 asse-

261 1652 390 1683 ruimus.
434 1652 522 1684 Tun.
542 1652 709 1684 Videmur.
753 1652 808 1694 So.
832 1652 920 1690 Quid
935 1662 1021 1688 vero,
1036 1663 1108 1684 cum
1123 1651 1258 1683 diximus
1279 1652 1423 1694 ignotum
1446 1653 1648 1692 elementum,
1667 1653 1737 1698 syl·

261 1705 366 1736 labam
392 1716 459 1738 esse
484 1711 604 1744 notam,
627 1706 772 1748 nunquid
798 1706 906 1738 recte?
959 1705 1048 1738 Tus.
1083 1706 1250 1747 Probabile
1276 1711 1335 1739 est.
1387 1707 1444 1739 80.
1475 1707 1636 1750 Syllabam
1661 1718 1735 1748 vero

263 1765 366 1791 utrum
388 1760 544 1792 elementa
560 1765 692 1803 utraque
708 1770 776 1792 esse
791 1760 925 1791 dicimus
938 1760 949 1791 ?
973 1760 1036 1798 vel,
1052 1760 1147 1792 etiam
1164 1760 1190 1791 si
1206 1760 1295 1802 plura
1317 1760 1416 1792 insint
1429 1771 1523 1803 quam
1538 1761 1614 1800 duo,
1631 1762 1737 1794 omnia

261 1814 354 1845 esse?
377 1824 419 1846 an
436 1814 542 1856 potius
568 1814 671 1846 ideam
688 1825 782 1845 unam
808 1825 846 1846 ex
871 1813 948 1856 ipsis
971 1815 1154 1856 compositis
1178 1814 1340 1857 genitam?
1382 1814 1470 1848 Tun.
1491 1815 1617 1849 Cuncta
1631 1816 1736 1849 dicere

264 1868 341 1900 mihi
357 1868 509 1901 videmur.
554 1869 611 1901 So.
634 1868 754 1910 Aspice
771 1869 866 1911 igitur
879 1869 964 1901 circa
978 1869 1055 1906 duo,
1071 1880 1086 1900 s
1100 1874 1134 1900 et
1155 1879 1186 1907 0,
1201 1869 1228 1900 si
1254 1874 1385 1912 utraque
1409 1869 1507 1911 prima
1522 1871 1585 1911 mei
1599 1871 1735 1903 nominis

261 1922 386 1964 syllaba
401 1927 487 1963 sunt,
508 1923 650 1965 quisquis
675 1923 776 1964 ipsam
803 1923 904 1961 novit,
921 1928 1052 1965 utraque
1079 1922 1194 1955 noscit.
1239 1923 1327 1955 Tru-:-
1352 1923 1498 1961 Quidni?
1543 1924 1600 1958 So.
1620 1924 1734 1967 Ergos

262 1982 296 2008 et
310 1989 330 2008 o
342 1976 516 2018 cognoscit.
560 1976 647 2008 Tne.
671 1976 783 2009 Plane.
827 1977 882 2008 So.
906 1977 996 2015 Quid
1008 1988 1114 2019 porro,
1129 1978 1155 2009 si
1170 1983 1334 2019 utrumque
1346 1978 1479 2020 ignoret,
1495 1979 1587 2010 ambo
1600 1989 1734 2021 eognos-

259 2031 339 2063 cet?
384 2031 472 2063 Tne.
495 2032 543 2062 At
557 2032 724 2062 absurdum
741 2036 774 2062 et
789 2037 901 2073 praeter
916 2031 1070 2063 rationem
1094 2032 1155 2063 boc
1182 2037 1276 2063 esset.
1319 2032 1375 2064 So.
1399 2031 1624 2064 Verumtamen
1638 2032 1664 2064 si
1679 2043 1737 2065 ne-

263 2085 430 2118 cessarium
446 2091 493 2116 est
510 2091 639 2128 utraque
654 2096 759 2123 nosse,
775 2086 1032 2128 quandoquidem
1049 2086 1140 2117 ambo
1157 2087 1227 2128 quis
1243 2086 1375 2124 noverit,
1389 2087 1542 2128 sequitur,
1557 2092 1594 2118 ut
1607 2097 1736 2120 necesse

263 2140 304 2171 sit
317 2150 389 2170 eum
405 2140 562 2171 elementa
577 2150 745 2182 praenosse,
759 2140 815 2182 qui
827 2140 984 2183 syllabam
1000 2141 1192 2183 quandoque
1206 2140 1246 2172 sit
1255 2141 1456 2182 cogniturus:
1481 2145 1576 2184 atque
1589 2140 1633 2173 ita
1645 2141 1736 2173 nobis

264 2194 396 2236 pulcher
416 2193 472 2226 ille
495 2204 596 2225 sermo
621 2194 840 2235 subterfugiet.
884 2194 972 2226 Tne..
996 2194 1039 2226 Et
1062 2200 1192 2237 repente
1218 2194 1361 2226 nimium.
1409 2194 1522 2237 Neque
1547 2194 1632 2227 enim
1657 2196 1737 2227 bene

263 2248 353 2279 illurn
380 2247 591 2280 custodimus.
637 2248 815 2290 Oportebat
837 2249 917 2280 forte
944 2249 1096 2292 syllabam
1128 2260 1192 2280 non
1214 2250 1370 2282 elementa
1398 2261 1528 2292 ponere,
1556 2249 1613 2282 sed
1640 2259 1733 2281 unam

265 2303 424 2343 quandam
440 2313 478 2334 ex
495 2302 556 2334 illis
572 2304 709 2344 speciem
724 2303 939 2341 constitutam,
954 2314 1025 2345 quae
1040 2303 1143 2335 ideam
1159 2315 1255 2335 unam
1273 2304 1320 2335 sui
1332 2304 1430 2346 ipsius
1445 2305 1559 2336 habeat
1570 2309 1604 2336 et
1618 2305 1658 2335 ab
1671 2304 1735 2336 010-

263 2356 381 2387 mentis
404 2356 541 2389 differat.
587 2357 643 2388 So.
666 2357 718 2389 Sic
746 2368 882 2399 prorsus.
905 2368 943 2389 ac
966 2357 1046 2389 forte
1075 2358 1134 2389 hoc
1163 2358 1258 2389 modo
1283 2357 1389 2400 potius
1403 2367 1497 2400 quarn
1513 2357 1567 2389 illo
1583 2357 1736 2390 sehabet.

265 2410 476 2448 Quamobrem
492 2411 754 2443 considerandum
771 2417 820 2442 est
834 2411 1013 2453 diligenter,
1029 2421 1133 2452 neque
1144 2411 1187 2443 ita
1197 2412 1312 2453 ignave
1321 2421 1493 2443 sermonem
1511 2417 1572 2443 tam
1588 2422 1735 2454 magnum

263 2470 390 2506 tamque
405 2464 586 2506 praeclarum
599 2465 690 2507 prodi
712 2466 817 2498 decet.
861 2465 948 2499 Tan.
971 2464 1046 2496 Non
1064 2465 1216 2507 profecto.
1263 2465 1320 2497 So.
1342 2465 1419 2497 Esto
1436 2465 1529 2507 igitur
1543 2465 1678 2509 syllaba,
1701 2471 1737 2498 ut

262 2519 360 2550 modo
372 2518 565 2556 dicebamus,
580 2519 655 2550 idea
670 2529 733 2550 una
755 2519 853 2561 [204]
875 2530 912 2551 ex
928 2519 1059 2562 singulis
1081 2519 1227 2552 conflatis
1252 2519 1416 2551 elementis
1430 2519 1556 2558 effecta,
1571 2524 1634 2552 tam
1648 2521 1682 2552 in
1697 2520 1735 2552 li·

263 2573 337 2605 teris
357 2582 451 2615 quam
476 2572 508 2603 in
534 2573 646 2604 ceteris
673 2573 832 2606 omnibus.
875 2574 962 2606 Tne.
986 2574 1126 2606 Prorsus.
1173 2574 1230 2607 So.
1254 2574 1409 2616 Nunquid
1433 2579 1538 2616 partes
1561 2573 1646 2606 illius
1665 2584 1734 2607 esse

263 2638 328 2659 non
344 2628 496 2669 oportet?
541 2627 628 2659 Tne.
651 2628 788 2660 Curnam
802 2629 812 2660 ?
859 2629 914 2662 So.
940 2628 1097 2666 Quoniam
1115 2628 1333 2671 cujuscunque
1348 2634 1453 2671 partes
1467 2633 1552 2667 sunt,
1565 2633 1666 2661 toturn
1681 2639 1736 2661 ne·

263 2692 349 2714 cesse
365 2686 413 2713 est
428 2686 532 2723 partes
549 2692 657 2713 omnes
673 2682 818 2716 existere.
842 2693 882 2714 an
899 2687 1000 2714 totum
1016 2692 1110 2714 unam
1126 2683 1286 2724 quandam
1302 2682 1441 2725 speciem
1456 2693 1493 2715 ex
1510 2682 1649 2725 partibus
1669 2682 1736 2714 fac-

263 2741 327 2768 tam
343 2745 448 2773 vocas,
464 2735 504 2766 ab
532 2736 678 2767 omnibus
702 2737 844 2778 partibus
865 2737 1090 2768 differentem?
1134 2736 1223 2769 Tne.
1246 2736 1414 2780 Equidem.
1457 2737 1514 2769 So.
1532 2735 1640 2769 Omne
1663 2745 1736 2768 vero

263 2795 297 2822 et
326 2793 426 2821 totum
451 2789 577 2821 idemne
601 2800 640 2821 an
664 2790 813 2823 differens
836 2795 1002 2834 utrumque
1030 2792 1146 2824 vocas?
1189 2791 1276 2823 Tru-:-
1300 2791 1500 2833 Quamquam
1528 2789 1608 2822 nibil
1632 2790 1735 2822 babeo

264 2843 353 2881 certi,
369 2849 473 2874 tamen
489 2843 564 2885 quia
588 2849 735 2887 prompte
761 2845 950 2887 respondere
968 2846 1078 2888 jubes,
1094 2845 1288 2888 periclitatus
1303 2844 1427 2877 differre
1442 2844 1630 2887 respondeo.
1673 2844 1732 2877 So.

264 2897 498 2939 Promptitudo,
515 2907 534 2928 o
552 2897 727 2936 Theaetete,
752 2904 849 2932 recta.
896 2899 1009 2931 Utrum
1024 2911 1095 2932 vero
1118 2905 1151 2931 et
1174 2899 1334 2942 responsio
1349 2903 1445 2936 recta,
1459 2897 1734 2931 considerandum.

262 2949 350 2984 Tus.
373 2950 531 2991 Profecto.
576 2951 632 2984 80.
657 2951 771 2985 Nonne
789 2954 963 2986 secundum
977 2959 1162 2996 praesentem
1180 2963 1354 2985 sermonem
1370 2957 1469 2984 totum
1485 2957 1517 2984 et
1531 2962 1624 2984 omne
1639 2951 1731 2992 diffess
