1846 3268
271 316 352 354 440
886 315 1152 358 PLAToNIS
1658 323 1728 376 [79

270 418 357 460 quod
373 423 433 459 est,
448 416 666 460 assignamus?
679 422 779 450 utrum
796 419 906 450 eodem
930 420 1025 451 modo
1047 426 1081 452 et
1094 421 1265 453 secundum
1288 422 1398 455 eadem
1423 433 1457 456 se
1477 434 1597 467 semper
1611 425 1730 458 babet?

271 482 313 504 an
328 471 405 504 alias
418 472 531 504 aliter?
555 473 702 505 videlicet
715 478 748 504 et
766 473 868 514 ipsum
885 474 1018 516 aequale,
1030 474 1134 517 ipsum
1160 476 1335 518 pulchrum,
1348 477 1451 519 ipsum
1469 480 1727 522 unumquodque,

271 526 357 568 quod
374 532 421 558 est
447 538 515 567 ens,
529 532 630 558 utrum
656 527 860 559 mutationem
886 528 1055 570 aliquando
1079 530 1214 571 aliquam
1240 530 1310 572 ipsa
1334 532 1486 574 reciplunt
1499 533 1511 563 ἲ
1534 541 1573 563 an
1588 533 1726 574 ipsorum

273 581 518 623 unumquodque
533 591 655 623 semper
668 581 714 619 id,
736 582 821 623 quod
844 587 893 614 est
914 583 1080 620 uniforme,
1104 584 1239 616 existens
1254 584 1355 626 ipsum
1379 596 1434 627 per
1449 586 1599 628 seipsum,
1611 587 1726 618 eodem

271 635 367 666 modo
383 640 415 667 et
429 636 599 667 secundum
615 636 725 667 eadem
741 646 773 667 se
787 635 895 677 habet,
910 647 1012 678 neque
1037 648 1172 680 unquam
1196 648 1297 680 neque
1321 649 1449 680 usquam
1471 650 1530 672 nec
1553 640 1617 671 ullo
1633 646 1727 682 pacto

271 689 477 721 mutationem
492 690 627 732 aliquam
642 690 797 732 suscipit?
842 690 904 723 Ca.
928 690 1066 723 Necesse
1081 697 1140 730 est,
1156 703 1175 723 o
1197 692 1353 734 Socrates,
1367 694 1434 725 liaec
1449 695 1559 726 eodem
1581 695 1675 726 modo
1697 700 1731 726 et

270 745 442 778 secundum
457 746 568 776 eadem
591 755 624 776 se
650 754 774 787 semper
787 745 913 778 habere.
959 744 1015 777 So.
1038 745 1125 783 Quid
1152 750 1255 777 autern
1284 746 1424 778 dicemus
1449 747 1489 778 de
1516 748 1632 786 multis,
1656 759 1727 791 quae

269 798 411 830 similiter
425 799 554 840 pulchra
568 799 725 836 dicuntur,
741 798 862 830 seilicet
876 798 1064 839 hominibus,
1079 799 1179 841 equis,
1194 799 1330 831 vestibus
1346 800 1394 832 vel
1409 801 1478 832 aliis
1491 801 1730 845 quibuscunque

270 852 397 891 talibus,
422 864 494 902 quae
519 853 568 884 vel
592 853 723 895 pulchra
747 853 893 884 dicuntur
918 852 967 884 vel
992 853 1134 895 aequalia,
1157 853 1205 885 vel
1227 853 1320 885 etiam
1342 855 1382 886 de
1406 855 1562 897 omnibus,
1583 867 1652 898 quae
1667 856 1730 888 illis

271 918 451 951 synonyma
465 907 559 939 sunt?
582 917 656 937 num
683 907 749 938 haec
763 907 935 938 secundum
950 906 1059 937 eadem
1081 917 1115 938 se
1130 917 1251 949 semper
1265 908 1402 939 habent?
1425 919 1463 940 an
1481 909 1585 951 potius
1598 910 1728 943 omnino

270 967 379 994 contra
395 972 487 1004 quam
503 962 567 999 illa,
584 961 730 991 videlicet
743 970 846 1001 neque
860 960 928 1001 ipsa
940 959 1064 991 sibimet
1078 970 1181 1002 neque
1192 961 1326 993 invicem
1341 972 1490 1004 unquam,
1503 969 1538 994 ut
1548 963 1730 1006 simpliciter

270 1017 392 1059 loquar,
409 1016 473 1048 ullo
486 1021 582 1058 pacto
602 1015 775 1046 secundum
790 1014 899 1045 eadem
915 1013 1087 1056 eodemque
1103 1015 1197 1045 modo
1209 1025 1242 1046 se
1257 1015 1398 1046 habent?
1443 1016 1505 1048 Cr..
1527 1016 1618 1056 Haec,
1633 1029 1653 1049 o
1668 1017 1726 1050 So-

269 1076 380 1109 crates,
395 1080 555 1112 nunquam
570 1069 682 1100 eodem
699 1069 792 1099 modo
807 1073 891 1100 sunt.
935 1068 992 1100 So.
1015 1067 1057 1099 Et
1071 1069 1139 1100 haec
1162 1067 1238 1109 [⁷9]
1261 1068 1389 1110 quidem
1405 1069 1503 1112 tangi,
1519 1070 1617 1103 videri
1639 1073 1725 1104 aliis-

267 1137 331 1169 que
347 1126 488 1157 sensibus
502 1123 613 1165 attingi
632 1127 774 1166 possunt.
795 1131 866 1164 quae
889 1132 961 1153 vero
983 1132 1105 1163 semper
1125 1123 1297 1154 secundum
1319 1123 1429 1154 eadem
1451 1130 1646 1166 permanent,
1661 1127 1729 1158 sola

266 1179 482 1223 intelligentias
497 1178 618 1210 ratione
632 1175 869 1219 percipiuntur,
891 1180 1026 1217 suntque
1047 1175 1226 1213 invisibilia,
1248 1187 1319 1219 quae
1341 1176 1416 1208 talia
1439 1183 1522 1216 sunt,
1543 1189 1646 1221 neque
1660 1190 1728 1212 cer-

267 1240 395 1267 nuntur.
440 1233 502 1265 Ca.
525 1232 609 1264 Vera
624 1231 752 1262 omnino
767 1230 914 1272 loqueris.
957 1230 1014 1262 So.
1038 1229 1097 1262 Vis
1112 1240 1185 1271 ergo
1211 1230 1290 1262 duas
1305 1241 1404 1263 rerum
1425 1232 1546 1273 species
1561 1243 1727 1274 ponamus,

265 1290 393 1322 alteram
414 1287 596 1325 visibilium,
618 1285 817 1317 invisibilium
841 1284 990 1316 alteram?
1039 1284 1101 1316 Cn.
1130 1284 1302 1317 Ponamus.
1345 1285 1401 1317 So.
1422 1285 1465 1317 Et
1485 1285 1640 1319 invisibile
1658 1288 1728 1331 qui-

269 1345 341 1375 dem
357 1342 454 1374 modo
478 1350 601 1383 semper
615 1339 726 1372 eodem
742 1350 822 1376 esse,
841 1338 961 1370 visibile
976 1349 1050 1370 vero
1074 1348 1234 1380 nunquam
1250 1339 1384 1371 eodem?
1429 1339 1489 1371 Cn.
1513 1339 1586 1372 Hoc
1601 1351 1728 1384 quoque

268 1407 433 1440 ponamus.
478 1396 534 1428 So.
556 1394 626 1436 Age
638 1394 716 1436 jam,
733 1393 861 1424 aliudne
876 1393 907 1424 in
923 1393 1013 1424 nobis
1028 1398 1086 1430 est,
1102 1403 1195 1434 quam
1210 1393 1283 1425 hinc
1294 1392 1420 1435 quidem
1431 1404 1555 1436 corpus,
1565 1394 1640 1427 inde
1653 1406 1726 1428 vero

268 1452 398 1484 anima?
444 1450 505 1483 Cn.
527 1449 615 1481 Nihil
630 1448 728 1480 aliud.
772 1447 829 1479 So.
852 1446 994 1479 Utrinarn
1011 1447 1127 1488 speciei
1141 1457 1253 1489 corpus
1267 1458 1335 1479 esse
1349 1447 1480 1480 similius
1501 1450 1727 1492 cognatiusque

269 1505 427 1538 dicimus?
473 1503 533 1536 Cn.
556 1502 685 1535 Nemini
707 1501 849 1538 dubium,
872 1501 950 1543 quin
966 1500 1091 1533 visibili.
1136 1500 1191 1532 So.
1215 1500 1301 1538 Quid
1327 1511 1399 1533 vero
1414 1501 1541 1533 anima?
1563 1501 1726 1535 visibilene

269 1558 388 1601 aliquid
404 1563 462 1596 est,
478 1567 517 1588 an
534 1556 666 1588 eontra?
712 1554 774 1587 Cn.
796 1554 870 1586 Non
886 1554 1064 1585 hominibus
1087 1554 1228 1596 quidem,
1243 1565 1261 1585 ο
1277 1554 1430 1588 Socrates.
1472 1555 1529 1588 So.
1551 1555 1654 1598 Atqui
1667 1567 1726 1589 nos

269 1614 310 1645 de
324 1613 373 1645 his
387 1613 552 1652 duntaxat,
564 1621 635 1653 quae
649 1610 688 1642 ab
702 1609 862 1641 hominum
877 1614 988 1640 natura
1002 1607 1100 1639 videri
1113 1609 1162 1639 vei
1173 1619 1237 1639 non
1249 1607 1347 1640 videri
1359 1614 1500 1651 possunt,
1511 1609 1725 1652 loquebamur.

267 1678 307 1699 an
324 1667 365 1699 de
390 1667 451 1708 his,
466 1677 537 1709 quae
552 1665 592 1697 ad
614 1665 707 1696 aliam
730 1667 871 1695 naturam
887 1667 1043 1705 spectant,
1069 1663 1300 1695 tractabamus?
1345 1663 1408 1696 Cn.
1431 1663 1484 1695 De
1499 1664 1547 1695 his
1561 1665 1727 1703 duntaxat,

268 1732 339 1763 quae
354 1721 394 1752 ad
409 1721 588 1751 humanam.
633 1718 690 1750 So.
714 1718 801 1755 Quid
815 1727 888 1759 ergo
905 1718 946 1748 de
960 1717 1064 1748 anima
1077 1717 1280 1749 dicebamus?
1305 1717 1448 1759 nunquid
1465 1716 1617 1750 visibilem
1632 1719 1724 1751 esse?

268 1775 331 1807 Cn.
347 1774 423 1806 Non
436 1773 600 1805 visibilem.
622 1772 679 1805 So.
697 1771 888 1804 InvIsibilem
900 1771 997 1813 ergo?
1021 1771 1084 1804 Cn.
1099 1770 1160 1803 Ita.
1184 1771 1241 1803 So.
1258 1771 1376 1803 Anima
1385 1771 1479 1813 igitur
1492 1770 1640 1804 invisibili
1649 1782 1721 1814 spe-

267 1829 329 1861 ciei
343 1828 472 1860 similior
486 1832 534 1859 est
547 1838 640 1870 quam
649 1836 782 1868 corpus:
799 1836 913 1867 corpus
929 1835 1000 1857 vero
1015 1825 1141 1857 visibili.
1165 1824 1226 1857 Ca.
1241 1824 1460 1857 Necessarium
1474 1824 1509 1856 id
1524 1830 1573 1857 est
1581 1825 1724 1859 omnino.

268 1884 324 1916 So.
347 1882 398 1914 An
411 1893 475 1913 non
486 1887 519 1912 et
533 1882 593 1913 hoc
605 1880 730 1912 evenire
745 1879 778 1911 in
793 1879 1003 1922 superioribus
1015 1879 1207 1916 dicebamus,
1218 1883 1253 1910 ut
1267 1889 1338 1910 oum
1350 1879 1453 1910 anima
1467 1878 1507 1910 ad
1519 1878 1637 1921 aliquid
1647 1889 1725 1911 con-

267 1937 465 1969 siderandum
481 1935 599 1968 socium
615 1934 674 1965 sibi
688 1944 801 1976 corpus
811 1933 952 1970 assumit,
965 1933 1014 1965 vel
1029 1943 1083 1975 per
1094 1933 1193 1964 visum
1206 1932 1255 1964 vel
1270 1943 1323 1974 per
1338 1933 1478 1964 auditum
1494 1932 1542 1964 vel
1559 1942 1614 1975 per
1627 1932 1722 1964 alium

267 2001 390 2023 sensum
401 1990 481 2033 (hoc
492 1989 574 2021 enim
587 1993 635 2020 est
646 1998 700 2030 per
711 1998 824 2029 corpus
835 1987 1044 2024 considerare,
1057 1986 1131 2029 quia
1143 1997 1198 2028 per
1209 1997 1316 2018 sensus
1331 1986 1363 2017 id
1378 1985 1497 2028 agitur)
1508 1990 1583 2018 tunc
1594 1986 1724 2028 quidem

267 2056 287 2077 a
298 2055 426 2087 corpore
437 2044 575 2076 trahatur
588 2043 627 2074 ad
641 2053 692 2084 ea,
702 2052 772 2084 quae
785 2051 946 2084 nunquam
958 2042 1068 2073 eodem
1082 2041 1174 2072 modo
1186 2046 1270 2078 sunt,
1281 2045 1375 2082 atque
1387 2040 1456 2082 ipsa
1471 2041 1591 2072 aberret
1606 2044 1725 2082 pertur-

267 2100 431 2141 beturque,
443 2097 533 2140 quasi
547 2097 633 2129 ebria
645 2096 781 2134 vacillet,
795 2101 906 2138 utpote
921 2106 992 2137 quae
1004 2095 1078 2126 talia
1090 2095 1233 2136 quaedam
1249 2093 1397 2135 attigerit.
1419 2093 1482 2126 Ca.
1505 2092 1647 2126 Prorsus.
1667 2093 1725 2125 So.

268 2153 316 2185 At
328 2163 400 2185 vero
415 2151 561 2194 quotiens
571 2151 639 2193 ipse
651 2151 772 2182 animus
781 2160 836 2192 per
847 2150 982 2191 seipsum
995 2149 1165 2190 excogitat,
1176 2147 1252 2179 illuc
1269 2158 1302 2180 se
1313 2148 1434 2180 confert
1445 2148 1486 2178 ad
1502 2157 1627 2189 purum,
1642 2157 1724 2179 sem-

266 2207 438 2250 piternum„
450 2205 634 2246 immortale,
648 2215 770 2247 semper
782 2204 893 2235 eodem
908 2204 1005 2235 modo
1028 2214 1060 2235 se
1076 2204 1194 2235 habens
1208 2214 1215 2233 :
1241 2207 1275 2234 et
1289 2207 1436 2244 tanquam
1458 2200 1557 2244 ipsius
1572 2205 1724 2242 cognatus

266 2271 387 2302 semper
401 2260 531 2291 inhaeret
553 2259 610 2298 illi,
634 2258 778 2301 quotiens
804 2258 872 2300 ipse
895 2258 1020 2290 redierit
1044 2258 1076 2289 in
1100 2256 1249 2299 seipsum,
1271 2256 1363 2298 eique
1379 2256 1484 2294 liceat,
1498 2261 1661 2298 cessetque
1682 2255 1723 2287 ab

265 2325 387 2347 errore:
412 2318 444 2345 et
458 2315 540 2345 circa
564 2313 619 2345 illa
644 2323 765 2354 semper
790 2313 962 2344 secundum
985 2313 1095 2344 eadem
1112 2312 1225 2343 eodem
1249 2310 1341 2342 modo
1357 2321 1391 2342 se
1406 2310 1512 2347 habet,
1536 2314 1645 2351 utpote
1666 2309 1723 2352 qui

265 2368 340 2399 talia
349 2368 416 2410 jam
431 2367 580 2409 attigerit.
599 2372 692 2408 atque
706 2367 772 2398 haec
787 2366 856 2408 ejus
871 2366 996 2398 affectio
1011 2365 1165 2408 sapientia
1180 2366 1243 2396 sive
1260 2365 1424 2406 prudentia
1439 2363 1625 2396 nominatur.
1659 2364 1722 2396 CE-

266 2422 418 2454 Praeclare
434 2432 471 2453 ac
497 2432 566 2453 vere
594 2420 722 2452 omnino
745 2421 892 2462 loqueris,
919 2420 1075 2452 Socrates.
1119 2420 1175 2451 So.
1198 2418 1269 2451 Utri
1292 2418 1386 2460 igitur
1411 2417 1529 2460 speciei
1550 2427 1652 2448 rursus
1667 2417 1725 2449 tibi

265 2476 401 2513 videtur,
416 2487 452 2506 ex
470 2475 517 2506 his
532 2485 602 2517 qum
617 2480 649 2506 et
665 2475 696 2506 in
712 2474 920 2517 superioribus
934 2479 966 2506 et
983 2474 1076 2505 modo
1092 2474 1177 2505 dicta
1191 2478 1276 2515 sunt,
1292 2472 1395 2503 anima
1409 2482 1476 2503 esse
1487 2470 1614 2503 similior
1628 2475 1723 2514 atque

265 2529 449 2571 cognatior?
494 2529 557 2561 Cn.
579 2528 720 2560 Arbitror
735 2529 892 2570 equidem,
909 2538 928 2559 ο
943 2529 1097 2565 Socrates,
1112 2527 1284 2570 quemlibet
1306 2526 1354 2557 vel
1369 2525 1539 2558 indocilem
1554 2535 1678 2567 prorsus
1691 2530 1726 2557 et

265 2584 456 2625 pertinacem
467 2594 505 2615 ex
519 2584 577 2615 hac
592 2582 782 2614 discursione
797 2592 1027 2620 concessurum,
1043 2582 1175 2612 animaru
1191 2586 1224 2612 et
1238 2591 1293 2622 per
1303 2585 1401 2611 totum
1417 2585 1449 2612 et
1460 2590 1517 2622 per
1530 2590 1622 2612 omne
1636 2579 1724 2612 simi-

264 2638 371 2669 liorem
387 2648 453 2669 csse
469 2638 510 2675 ei,
525 2638 609 2679 quod
637 2647 758 2678 semper
782 2637 893 2669 eodem
917 2637 1011 2668 modo
1036 2641 1094 2673 est,
1118 2646 1209 2678 quam
1225 2635 1384 2677 opposito.
1429 2634 1485 2666 So.
1510 2634 1596 2672 Quid
1619 2639 1723 2666 autem

263 2702 376 2734 corpus
389 2692 401 2723 ἕ
433 2690 493 2724 ΟΕ.
518 2691 618 2722 Alteri
634 2691 763 2732 speciei.
793 2691 849 2722 So.
873 2690 1045 2723 Considera
1060 2700 1161 2721 rursus
1176 2689 1235 2720 hoc
1250 2694 1356 2730 pacto.
1390 2687 1548 2726 Quamdiu
1563 2688 1598 2720 in
1611 2687 1724 2720 eodem

264 2751 338 2779 sunt
352 2746 456 2777 anima
470 2750 564 2788 atque
577 2756 702 2787 corpus,
719 2745 794 2787 [80]
812 2745 871 2777 hoc
886 2744 1014 2787 quidem
1029 2743 1140 2775 servire
1157 2747 1249 2785 atque
1265 2743 1391 2773 subesse
1403 2747 1512 2773 natura
1522 2741 1628 2784 jubet,
1640 2741 1723 2774 hane

265 2810 337 2832 vero
353 2810 484 2842 praeesse
499 2804 592 2841 atque
608 2799 774 2831 dominari.
817 2798 997 2831 Secundum
1014 2799 1081 2830 hoec
1098 2807 1198 2828 rursus
1214 2801 1316 2827 utrum
1330 2795 1388 2827 tibi
1403 2795 1525 2827 videtur
1538 2795 1640 2828 simile
1653 2805 1721 2827 ease

265 2854 384 2892 divino,
401 2858 501 2885 utrum
517 2853 662 2884 mortali?
684 2863 724 2884 an
740 2863 803 2885 non
820 2859 912 2895 putas
927 2853 1067 2884 divinum
1082 2852 1209 2894 quidem
1226 2851 1287 2882 tale
1303 2861 1370 2882 esse
1385 2854 1505 2888 natura,
1520 2853 1558 2882 ut
1570 2849 1676 2892 pnesit
1689 2853 1724 2881 et

266 2909 382 2950 ducat3
405 2907 534 2939 mortale
560 2917 643 2943 vero,
659 2911 696 2938 ut
721 2906 904 2948 subjiciatur
929 2917 966 2939 ac
993 2906 1105 2938 serviat
1118 2905 1130 2936 ἓ
1175 2905 1238 2937 ΟΕ.
1261 2904 1344 2937 Puto
1368 2903 1527 2946 equidem.
1570 2901 1628 2934 So.
1651 2902 1725 2934 Uni

265 2962 360 3004 igitur
371 2962 479 2994 horum
494 2966 542 2993 est
556 2961 660 2993 anima
673 2960 782 2993 similis
796 2962 808 2992 ?
852 2960 915 2993 Cn.
938 2961 1082 2997 Constat,
1098 2970 1117 2991 o
1132 2959 1286 2997 Socrates,
1301 2958 1434 2990 animam
1448 2955 1576 2999 quidem
1591 2955 1723 2988 similem

264 3025 331 3048 esse
355 3016 487 3058 divin03
509 3025 621 3059 corpus
636 3026 708 3048 vero
733 3015 864 3048 mortali.
908 3015 967 3049 SO.
991 3014 1213 3048 Animadverte
1231 3012 1310 3055 jam,
1336 3023 1356 3044 ο
1379 3010 1494 3051 Cebes,
1508 3020 1583 3044 num
1598 3010 1666 3058 ΙΙιίεει
1687 3019 1726 3042 ex
