1846 3268
221 251 294 302 98]
845 249 1075 291 PHAEDO..
1608 258 1683 295 451

221 363 361 397 possum,
377 358 423 392 ut,
439 353 565 396 quando
582 353 651 396 quis
669 352 721 384 uni
738 353 834 385 addat
850 365 959 392 unum,
976 360 1051 387 tunc
1063 355 1112 387 vel
1136 355 1214 387 illud
1241 366 1349 394 unum,
1365 355 1417 389 cui
1441 367 1536 390 unum
1554 358 1685 400 adjunc-

223 411 288 439 tum
301 412 359 446 est,
375 408 430 439 fiat
444 409 508 440 duo
523 419 530 439 ι
554 408 604 440 vel
619 412 652 439 et
667 407 851 450 adjunctum
867 414 899 440 et
915 409 1006 447 illud,
1020 410 1073 442 cui
1088 409 1273 452 adjunctum
1285 415 1346 449 est,
1361 416 1488 453 propter
1512 412 1586 455 [97]
1611 413 1688 445 alte-

221 462 285 494 rius
299 463 340 494 ad
356 463 486 495 alterum
501 461 734 504 adjunctionem
751 464 864 495 evadat
879 464 953 496 duo.
977 464 1112 496 admiror
1127 465 1286 507 equidem,
1302 465 1339 503 si,
1355 476 1427 497 cum
1452 470 1616 508 utrumque
1630 467 1688 498 ho-

222 527 289 548 rum
305 522 480 558 separatum
495 521 572 554 erat,
588 522 755 560 utrumque
772 528 866 549 unum
884 523 961 555 erat,
976 528 1079 560 neque
1102 524 1190 550 erant
1213 523 1287 551 tunc
1309 518 1396 552 duo:
1421 524 1585 561 postquam
1609 520 1688 552 invi-

221 581 290 603 cem
310 571 516 607 cohaeserunt,
532 571 599 603 haec
623 572 692 613 ipsa
715 582 809 604 causa
832 571 938 612 fuerit,
956 576 991 602 ut
1016 572 1080 603 duo
1108 572 1229 613 fierent,
1255 573 1433 615 congressio
1448 573 1608 611 videlicet,
1633 584 1689 616 per

221 634 315 666 quam
331 624 461 667 propius
483 624 550 666 jam
563 625 666 667 posita
681 630 764 658 sunt.
788 635 891 668 neque
908 625 1015 663 etiam,
1030 626 1056 658 si
1078 626 1148 668 quis
1170 637 1267 657 unum
1289 626 1426 663 dividat,
1442 627 1544 658 adhuc
1561 637 1688 669 possum

218 677 416 721 persuaderi,
432 679 512 710 hanc
526 678 627 721 ipsam
653 679 839 711 divisionem
863 689 987 711 causam
1013 690 1093 717 esse,
1110 686 1146 710 ut
1167 680 1230 711 duo
1256 681 1401 711 evadant.
1425 679 1579 712 contraria
1604 681 1687 715 enim

221 737 297 764 tunc
313 737 407 774 atque
422 733 563 775 superius
577 744 672 766 causa
686 733 732 771 fit,
749 743 812 776 qua
827 734 890 764 duo
906 733 994 766 fiant.
1019 739 1093 766 tunc
1119 734 1214 772 enim,
1231 734 1305 775 quia
1330 733 1601 776 conjungebantur
1616 745 1687 778 pro·

177 810 180 811 γ
220 787 294 829 pius
307 787 453 825 invicem,
468 787 662 829 alterumque
678 787 903 818 admovebatur
918 787 1029 820 alteri:
1055 799 1139 820 nunc
1155 798 1242 824 vero,
1259 787 1407 829 quoniam
1423 792 1597 819 removetur
1611 788 1688 820 alte-

221 851 287 872 rum
302 841 342 872 ab
365 841 461 872 altero
484 846 578 883 atque
605 846 776 883 separatur.
821 840 947 883 Neque,
964 847 1091 883 propter
1115 841 1191 884 quid
1220 852 1314 872 unum
1331 841 1397 878 fiat,
1414 842 1518 872 adhuc
1544 841 1621 873 scire
1637 853 1687 874 me

220 895 372 935 arbitror3
395 906 510 938 neque,
527 903 560 927 ut
575 896 751 927 summatim
768 895 883 937 dicam,
898 895 983 927 aliud
1001 897 1182 938 quicquam,
1200 907 1293 937 quare
1310 896 1364 927 fiat
1378 901 1432 927 aut
1450 900 1554 937 percat
1566 900 1621 927 aut
1636 896 1687 934 sit,

222 959 278 990 per
290 949 370 980 banc
387 950 484 990 ipsam
500 949 581 993 viam
597 960 647 981 me
663 961 754 982 nosse
768 950 916 992 profiteor
930 962 937 981 τ
963 951 1018 982 sed
1035 951 1130 982 alium
1156 951 1312 991 quendam
1336 950 1404 992 ipse
1428 951 1554 981 modum
1577 950 1688 982 frustra

222 1002 361 1043 misce03
384 1004 467 1035 hunc
494 1014 565 1035 vero
588 1004 676 1036 nullo
701 1005 795 1036 modo
821 1004 967 1037 admitto,
1025 1005 1152 1042 Verum,
1178 1015 1250 1035 cum
1274 1004 1429 1036 audissem
1455 1004 1623 1046 aliquando
1647 1015 1685 1037 ex

221 1055 311 1093 libro,
328 1061 363 1087 ut
378 1057 430 1088 ille
457 1056 571 1095 aiebat,
588 1057 796 1101 Anaxagorae,
813 1058 968 1100 legentem
993 1059 1150 1100 quendam
1173 1059 1254 1090 hanc
1277 1057 1473 1100 Anaxagorae
1495 1058 1593 1101 ipSIus
1616 1069 1687 1091 sen-

222 1109 365 1147 tentiam,
381 1111 530 1144 videlicet
546 1118 680 1144 mentem
705 1112 811 1144 omnia
832 1123 980 1144 exornare
1003 1113 1208 1155 omniumque
1231 1123 1356 1145 causam
1381 1123 1469 1144 esse:
1495 1114 1555 1145 hoc
1578 1113 1686 1156 utique

220 1174 323 1196 causae
340 1176 453 1206 genere
475 1177 663 1208 magnopere
686 1177 754 1198 sum
778 1166 964 1203 delectatus,
978 1166 1157 1198 existimans
1180 1167 1412 1209 quodammodo
1429 1171 1686 1207 consentaneum,

222 1223 358 1250 mentem
373 1230 440 1251 esse
456 1220 592 1251 omnium
609 1231 733 1252 causam
749 1231 757 1252 ε
782 1221 1007 1262 putabamque,
1023 1221 1049 1252 si
1066 1222 1096 1252 id
1113 1221 1158 1252 ita
1178 1226 1270 1261 esset,
1287 1226 1322 1252 ut
1337 1231 1423 1252 mens
1439 1221 1543 1252 omnia
1558 1232 1687 1253 exorna-

221 1278 279 1315 ret,
295 1273 418 1315 singula
434 1284 489 1316 per
505 1275 585 1306 hanc
600 1274 646 1306 ita
662 1285 729 1306 esse
753 1274 920 1317 disposita,
937 1280 971 1306 ut
995 1275 1112 1316 optime
1137 1275 1263 1316 disponi
1280 1279 1456 1317 potuerant.
1502 1275 1686 1317 Propterea,

219 1327 330 1370 siquis
346 1327 440 1359 vellet
462 1339 588 1360 cansam
617 1328 769 1371 invenire,
784 1339 846 1371 qua
868 1329 991 1371 singula
1012 1329 1090 1360 fiant
1111 1334 1165 1360 aut
1189 1334 1317 1370 pereant
1342 1334 1397 1360 aut
1418 1329 1492 1365 sint,
1507 1329 1567 1361 hoc
1581 1329 1685 1371 ipsum

217 1393 287 1414 esse
302 1381 538 1419 inveniendum,
554 1393 617 1424 qua
632 1383 778 1415 videlicet
790 1383 911 1415 ratione
926 1383 1078 1424 optimum
1096 1383 1135 1414 sit
1151 1383 1332 1424 unicuique,
1349 1387 1403 1414 aut
1425 1393 1492 1414 esse
1513 1387 1568 1413 aut
1583 1383 1685 1424 quod-

218 1435 266 1468 vis
280 1436 366 1468 alind
393 1436 457 1478 pati
487 1436 540 1467 vel
562 1447 665 1478 agere.
711 1436 819 1478 Atque
852 1438 912 1468 hoc
933 1443 1027 1479 pacto
1055 1437 1132 1468 nihil
1156 1437 1242 1468 aliud
1272 1436 1533 1468 considerandum
1560 1436 1680 1468 homini

221 1490 269 1521 vel
293 1490 334 1522 de
361 1489 463 1532 seipso
481 1490 529 1522 vel
555 1491 595 1522 de
621 1490 705 1534 aliis,
720 1491 782 1522 nisi
798 1492 883 1533 quod
901 1491 1096 1533 potissimum
1124 1491 1163 1522 sit
1185 1495 1217 1522 et
1237 1490 1403 1532 optimum.
1448 1490 1587 1522 Necesse
1611 1502 1684 1523 vero

218 1549 267 1576 est
302 1554 386 1582 eum,
425 1544 481 1586 qui
513 1545 546 1577 id
569 1545 662 1582 norit,
689 1545 770 1577 illud
796 1555 933 1587 quoque,
958 1546 1044 1587 quod
1070 1550 1117 1577 est
1140 1545 1287 1582 deterius,
1316 1545 1500 1586 cognovisse
1517 1556 1524 1575 :
1564 1545 1683 1587 quippe

217 1609 290 1631 cum
309 1600 419 1631 eadem
434 1600 543 1631 horum
558 1599 691 1632 scientia
705 1599 756 1632 sit.
803 1599 882 1632 Haec
899 1600 1007 1642 utique
1022 1610 1143 1632 mecum
1160 1599 1228 1641 ipse
1253 1604 1413 1640 reputans,
1429 1599 1615 1641 gaudebam,
1630 1599 1680 1630 in-

219 1653 339 1686 venisse
354 1659 436 1685 ratus
451 1653 668 1696 Anaxagoram
691 1654 883 1695 magistrum,
898 1654 951 1695 qui
969 1664 1028 1691 me,
1045 1654 1076 1684 id
1095 1654 1180 1696 quod
1197 1658 1362 1695 tantopere
1377 1653 1555 1694 cupiebam,
1571 1663 1682 1685 causas

217 1719 318 1741 rerum
345 1708 494 1748 doceret3
518 1708 714 1750 primumque
739 1708 814 1739 mihi
837 1707 968 1746 diceret,
994 1713 1095 1739 utrum
1123 1708 1218 1750 plana
1243 1707 1284 1738 sit
1307 1712 1385 1738 terra
1401 1707 1448 1739 vel
1473 1707 1627 1738 rotunda:
1652 1711 1685 1738 et

218 1773 289 1795 cum
306 1763 373 1794 haec
387 1762 527 1799 dixisset,
544 1762 746 1804 subjungeret
771 1761 847 1793 mihi
872 1772 995 1794 causam
1023 1767 1117 1804 atque
1141 1761 1372 1799 necessitatem,
1390 1761 1520 1792 afferens
1537 1761 1684 1792 videlicet

214 1816 367 1859 idipsum,
381 1817 467 1858 quod
497 1816 609 1848 melius
635 1821 705 1856 est;
728 1816 901 1858 meliusque
927 1817 1021 1848 fuisse
1045 1827 1114 1848 eam
1134 1827 1200 1847 esse
1226 1815 1330 1847 talem.
1376 1814 1513 1846 Proinde
1529 1814 1556 1845 si
1571 1819 1679 1846 terram

215 1871 335 1903 diceret
360 1871 393 1902 in
417 1871 534 1901 mundo
558 1870 691 1902 mediam
719 1881 799 1912 esse,
816 1882 885 1903 mox
910 1876 1080 1913 exponeret
1110 1870 1219 1901 melius
1241 1869 1407 1908 exstitisse,
1422 1873 1456 1899 ut
1472 1868 1574 1900 media
1588 1873 1682 1900 esset.

216 1925 313 1963 Quod
329 1925 356 1957 si
367 1924 422 1956 ille
439 1925 505 1956 haec
521 1926 710 1962 ostenderet,
727 1925 771 1957 ita
796 1936 846 1958 me
871 1925 1102 1967 comparabam,
1117 1925 1206 1967 quasi
1221 1923 1337 1955 nullam
1353 1922 1486 1965 amplius
1509 1922 1582 1964 [98]
1607 1932 1682 1953 cau-

215 1989 318 2011 sarum
334 1979 470 2020 speciem
486 1979 654 2021 positurus.
698 1979 855 2011 Praeterea
881 1980 921 2012 de
947 1980 1013 2011 sole
1037 1984 1069 2011 et
1092 1979 1166 2010 luna
1187 1978 1359 2019 ceterisque
1383 1976 1491 2014 stellis,
1515 1986 1683 2018 earumque

215 2033 298 2065 inter
313 2044 345 2065 se
361 2033 527 2065 velocitate
542 2034 871 2076 conversionibusque,
888 2039 920 2066 et
944 2034 984 2066 de
1010 2033 1191 2075 hujusmodi
1214 2031 1358 2064 omnibus
1374 2041 1422 2062 me
1439 2029 1580 2062 similiter
1595 2040 1683 2072 quae-

217 2089 346 2120 siturum
362 2088 602 2130 auditurumque
628 2099 888 2130 comparaveram,
904 2088 989 2131 quod
1006 2088 1153 2119 videlicet
1168 2092 1201 2119 et
1215 2097 1277 2129 qua
1292 2085 1411 2117 ratione
1427 2085 1493 2116 haec
1520 2083 1629 2115 melius
1645 2083 1685 2115 sit

214 2142 337 2184 singula
352 2142 401 2173 vel
413 2142 515 2174 facere
531 2142 579 2174 vel
597 2142 675 2185 pati,
691 2144 902 2185 quodcunque
918 2147 1014 2184 agant
1024 2142 1072 2173 vel
1084 2142 1251 2184 patiantur.
1296 2139 1410 2181 Neque
1422 2138 1503 2170 enim
1518 2137 1680 2179 putabam,

214 2206 287 2228 cum
301 2196 342 2227 ab
357 2195 447 2227 initio
462 2196 592 2228 dixisset
607 2203 710 2228 mente
725 2196 830 2228 omnia
845 2196 996 2233 exornari.
1011 2196 1113 2238 ipsum
1135 2195 1227 2226 aliam
1251 2198 1362 2236 postea
1385 2202 1510 2224 causam
1526 2192 1617 2223 rebus
1632 2200 1681 2222 as·

214 2249 420 2291 signaturum,
437 2254 641 2293 praeterquam
661 2251 747 2293 quod
770 2251 923 2293 optimum
949 2251 988 2281 sit
1013 2261 1066 2282 eas
1081 2250 1124 2281 ita
1141 2260 1186 2286 se,
1204 2253 1238 2280 ut
1252 2248 1379 2284 habent,
1396 2247 1520 2278 habere.
1565 2245 1678 2287 Itaque

214 2303 384 2335 arbitrabar
405 2315 476 2335 eum
500 2304 532 2335 in
554 2305 724 2336 reddendis
747 2310 812 2336 tum
836 2305 1026 2346 singulorum
1053 2308 1119 2334 tum
1146 2307 1329 2335 cunctorum
1344 2299 1550 2333 communiter
1565 2300 1679 2337 causis,

215 2357 345 2400 singulis
362 2358 490 2400 quidem
505 2358 674 2402 assignare,
690 2360 775 2402 quod
792 2359 961 2401 unicuique
977 2358 1142 2400 optimum,
1157 2356 1279 2388 cunctis
1292 2365 1363 2386 vero
1375 2364 1540 2387 commune
1552 2354 1681 2385 bonum.

215 2410 331 2453 Neque
347 2422 419 2444 vero
434 2423 506 2454 spes
520 2413 587 2455 ipse
603 2424 688 2444 meas
704 2413 792 2455 parvi
807 2413 972 2450 faciebam,
988 2412 1041 2443 sed
1058 2422 1176 2443 summo
1203 2410 1340 2452 quodam
1362 2408 1466 2440 studio
1482 2411 1629 2449 acceptos
1645 2406 1681 2438 li-

216 2465 300 2506 bros,
314 2476 406 2508 quam
422 2467 615 2499 velocissime
638 2473 779 2511 poteram
802 2467 952 2505 lectitavi,
968 2472 1002 2498 ut
1025 2466 1179 2503 ocissime,
1195 2464 1273 2506 quid
1295 2463 1447 2506 optimum
1471 2461 1584 2503 quidve
1609 2460 1678 2502 ejus

213 2520 400 2551 contrarium
412 2525 506 2562 esset,
519 2532 750 2563 cognoscerem.
794 2521 865 2553 Hac
880 2521 975 2563 igitur
996 2519 1127 2551 mirabili
1149 2528 1205 2559 spe
1220 2518 1345 2557 ductus,
1360 2526 1431 2548 cum
1447 2515 1549 2557 legere
1566 2524 1676 2556 pergo,

214 2574 306 2605 video
323 2574 479 2606 hominem
495 2580 599 2607 mente
613 2576 742 2618 quidem
758 2575 846 2607 nullo
869 2575 963 2606 modo
987 2579 1138 2611 utentem,
1163 2582 1222 2604 nec
1245 2581 1368 2603 causam
1394 2568 1486 2601 ullam
1509 2568 1548 2599 ad
1571 2568 1675 2608 ipsum

213 2638 313 2658 rerum
330 2634 472 2659 ornatum
492 2629 686 2666 referentem,
701 2630 755 2660 sed
772 2628 878 2661 aereas
894 2634 1019 2660 naturas
1034 2633 1066 2659 et
1090 2628 1240 2658 aethereas
1254 2634 1432 2667 aqueasque
1445 2627 1478 2654 et
1493 2621 1567 2653 talia
1580 2621 1677 2652 multa

214 2680 407 2712 incredibilia
425 2692 479 2724 pro
493 2692 593 2714 rerum
614 2683 716 2714 causis
730 2682 952 2724 assignantem.
998 2683 1071 2720 Qua
1086 2681 1212 2723 quidem
1228 2680 1262 2711 in
1278 2689 1310 2710 re
1326 2677 1378 2709 ille
1395 2677 1470 2708 mihi
1487 2676 1614 2717 perinde
1629 2675 1674 2705 vi-

214 2744 267 2766 sus
281 2739 329 2765 est
343 2745 446 2776 agere,
462 2745 498 2767 ac
513 2735 539 2766 si
553 2736 623 2777 quis
638 2736 768 2773 diceret,
783 2736 956 2776 Socratem,
970 2744 1166 2777 quaecunque
1181 2733 1267 2770 facit,
1290 2736 1394 2763 mente
1409 2731 1510 2762 facere
1525 2741 1532 2759 :
1558 2727 1674 2759 deinde

215 2788 324 2819 volens
339 2788 542 2830 singulorum,
557 2800 627 2831 quae
641 2789 740 2831 facio,
754 2799 864 2821 causas
878 2789 1043 2831 explicare,
1059 2788 1145 2820 dicat
1161 2787 1293 2828 primum
1308 2786 1435 2828 quidem
1453 2792 1535 2814 nnnc
1551 2792 1599 2813 me
1622 2781 1673 2813 hic

214 2847 379 2885 propterea
394 2843 513 2884 sedere,
527 2843 675 2885 quoniam
691 2853 803 2885 corpus
822 2854 922 2874 meum
939 2853 976 2874 ex
991 2842 1113 2874 ossibus
1129 2842 1291 2883 nervisque
1314 2838 1513 2880 componitur
1527 2848 1533 2867 :
1557 2840 1590 2866 et
1604 2845 1674 2866 ossa

213 2896 341 2936 quidem
358 2895 458 2927 solida
475 2901 547 2928 sunt
562 2902 594 2927 et
612 2896 828 2938 juncturarum
844 2896 1005 2927 intervalla
1032 2896 1112 2926 inter
1135 2906 1168 2926 se
1190 2895 1322 2926 babent:
1348 2891 1432 2923 nervi
1448 2895 1550 2922 autern
1567 2888 1610 2920 sic
1627 2888 1674 2919 in-

216 2949 330 2989 stituti,
347 2955 381 2982 ut
404 2955 435 2982 ct
459 2951 585 2983 extendi
608 2956 640 2983 et
662 2950 804 2984 contrahi
821 2950 955 2993 valcant,
969 2950 1216 2992 complectantur
1239 2958 1307 2980 ossa
1330 2957 1400 2978 cum
1423 2943 1564 2977 carnibus
1581 2946 1674 2984 atque
