1846 3268
236 246 316 297 172
598 249 602 252 ’
677 240 1229 290 ῚΝΟΕΒΤῙΑΗΟΤΟΚΙΞ
1364 286 1367 289 ,
1599 247 1704 307 [229

231 349 405 396 Delphica,
418 350 630 395 Cognosce-’te
646 352 764 395 ipsum,
784 352 995 392 Nihil'niinis,
1021 354 1055 387 et
1076 354 1197 398 reliqua
1210 354 1441 397 hujuscemodi,
1457 355 1512 388 sed
1527 354 1703 399 Hipparchi

233 411 404 451 praecepta
422 408 522 440 veluti
543 407 734 450 sapientiora
758 414 999 441 venerarentur:
1023 409 1141 442 deinde
1165 410 1224 442 hac
1250 415 1345 452 atque
1367 409 1442 443 illae
1466 412 1704 454 praetereunter,

232 473 270 495 ae
286 462 420 504 legendo
435 462 520 493 illius
535 461 720 503 sapientiam
745 462 962 504 degustantes,
986 474 1025 495 ex
1040 464 1121 506 agris
1135 469 1168 496 et
1182 464 1268 496 silvis
1283 465 1324 496 ad
1338 464 1458 507 reliqua
1478 465 1630 497 doctrinm
1653 465 1702 498 in-

231 516 344 548 stituta
358 517 542 559 pergebant.
586 515 684 546 Erant
702 520 808 547 autem
829 517 1054 559 epigrammata
1074 518 1138 549 duo
1165 518 1198 549 in
1221 518 1410 561 quibusdam
1423 519 1463 550 ad
1480 518 1634 551 sinistram
1647 530 1703 552 cuo

212 584 219 593 =
228 569 347 612 jusque
370 570 467 612 [229]
491 570 657 607 coluinnae,
683 580 754 612 quae
779 571 1006 603 inscribebatur
1031 572 1208 604 Mercurius
1233 573 1378 615 loquens,
1403 583 1514 615 quaeve
1537 573 1570 605 in
1596 574 1702 606 medio

231 626 366 656 urbisne
382 624 492 666 populi
505 625 643 657 extabat.
665 624 700 655 in
725 624 914 666 quibusdam
929 636 1002 656 vero
1028 627 1069 657 ad
1095 627 1249 668 dextram,
1274 631 1508 659 monumentum
1533 628 1594 660 hoc
1619 627 1703 670 Hip*-

231 677 366 720 parchi:
391 689 448 720 per
466 679 607 710 ordinem
631 689 738 720 perge,
759 678 847 721 justa
875 680 1030 722 cogitans.
1073 681 1156 712 Item
1178 686 1212 713 et
1236 681 1299 713 alia
1321 682 1460 713 carmina
1488 682 1578 724 plura
1605 688 1702 724 atque

231 732 382 775 praeclara
405 733 438 763 in
461 733 571 764 ceteris
598 733 754 765 columnis
780 730 898 766 intueri
917 735 1043 767 licebat.
1087 735 1150 767 Sed
1176 736 1210 766 in
1232 737 1286 768 via
1310 736 1442 768 Stiriaca
1463 736 1647 778 inscriptum
1667 737 1701 769 id

231 793 318 818 erat:
343 788 587 819 Monumentum
614 788 674 819 hoc
698 787 887 830 Hipparchi,
910 787 962 820 Ne
985 788 1119 820 amicum
1145 789 1299 832 decipias.
1345 791 1556 828 Quamobrem
1582 801 1643 832 ego
1669 796 1702 824 te

231 841 307 872 mihi
334 841 466 872 amicum
493 841 600 872 fallere
627 851 789 883 nunquam
813 841 973 880 auderem,
1001 847 1034 873 et
1053 842 1101 873 illi
1128 847 1216 876 tanto
1238 844 1304 875 viro
1327 855 1526 886 repugnare:
1550 855 1614 887 quo
1639 845 1705 877 vita

231 897 355 932 functo.
379 896 440 927 tres
456 906 555 926 annos
571 895 630 926 sub
655 895 746 927 fratre
769 895 855 927 illius
876 895 998 938 Hippia
1023 897 1191 940 tyrannide
1218 898 1315 941 pressi
1329 898 1542 931 Athenienses
1564 898 1704 931 suerunt.

232 950 308 992 Ipse
324 961 398 982 vero
412 950 452 981 ab
465 949 610 980 omnibus
625 949 798 981 senioribus
821 950 982 991 accepisti,
1006 951 1106 983 solum
1132 951 1166 983 id
1192 952 1359 984 triennium
1385 953 1418 983 in
1433 953 1492 984 hae
1505 953 1580 984 urbe
1596 957 1704 996 tyran-

233 1004 341 1036 nidem
355 1004 504 1046 viguisse.
526 1003 654 1045 reliquis
675 1009 780 1035 autem
796 1004 1001 1046 temporibus,
1015 1006 1127 1037 eodem
1144 1017 1234 1048 paene
1258 1008 1365 1044 modo,
1390 1017 1453 1048 quo
1477 1006 1611 1038 Saturno
1637 1017 1706 1050 reg·

232 1063 342 1095 nante,
366 1058 578 1090 Athenienses
593 1058 745 1089 vixerunt.
788 1058 934 1089 Traditur
947 1065 1053 1091 autem
1076 1061 1115 1091 ab
1138 1060 1381 1102 elegantioribus
1396 1061 1481 1098 viris,
1504 1062 1611 1093 mortis
1634 1060 1703 1103 ejus

233 1122 359 1145 causam
385 1112 539 1144 exetitisse
568 1123 632 1143 non
658 1123 739 1151 eam,
761 1123 834 1155 quae
856 1112 951 1155 vulgo
977 1113 1084 1151 fertur,
1110 1115 1222 1146 sororis
1248 1114 1368 1147 scilicet
1393 1114 1599 1157 Canephoriae
1628 1126 1704 1148 con·-

233 1167 412 1209 temptum':
437 1177 509 1198 nam
535 1167 566 1198 id
592 1167 718 1199 credere
734 1167 903 1198 absurdum
927 1171 986 1199 est.
1010 1169 1065 1199 sed
1093 1167 1300 1201 Harmodium
1325 1175 1462 1201 amatum
1485 1169 1705 1213 eruditumque

232 1222 276 1254 ab
304 1220 522 1263 Aristogitone
547 1221 645 1253 fuisse
674 1222 815 1262 tradunt,
847 1224 996 1264 magnum
1020 1223 1171 1265 quiddam
1195 1224 1333 1255 futurum
1359 1235 1398 1256 ex
1428 1225 1486 1256 hac
1515 1223 1705 1257 educatione

233 1282 394 1319 sperante.
417 1277 483 1307 fore
500 1287 636 1319 namque
651 1276 871 1318 Hipparchum
893 1277 1103 1308 adversarium
1120 1277 1335 1309 arbitrabatur.
1379 1278 1511 1310 Interim
1525 1278 1709 1321 contigisse,

234 1336 273 1362 ut
288 1331 479 1363 Harmodius
494 1331 632 1363 nobilem
647 1331 818 1373 quendam,
834 1331 925 1373 cujus
940 1342 1055 1364 nomen
1071 1343 1136 1363 non
1151 1333 1226 1364 satis
1239 1338 1346 1375 teneo,
1358 1337 1484 1364 amaret.
1507 1333 1563 1375 qui
1573 1333 1706 1375 primum

233 1385 440 1417 Harmodium
455 1391 489 1417 et
502 1385 752 1428 Aristogitonem
769 1386 866 1418 veluti
880 1386 1038 1428 sapientes
1053 1387 1275 1424 admirabatur,
1291 1398 1396 1419 verum
1412 1387 1530 1419 deinde
1544 1387 1704 1421 familiaris

231 1439 335 1471 sactus
358 1439 558 1482 Hipparcho,
583 1446 784 1472 contemnere
806 1441 876 1472 illos
899 1441 1017 1483 coepit:
1042 1452 1105 1483 quo
1118 1441 1167 1472 illi
1182 1436 1339 1484 indignati
1354 1441 1571 1484 Hipparchum
1586 1441 1702 1475 intere-v

227 1499 364 1526 merunt.
410 1494 494 1528 Hir.
515 1494 642 1527 Videris
652 1506 738 1537 ergo,
752 1506 771 1526 ο
787 1495 942 1532 Socrates,
958 1495 1006 1527 vel
1028 1495 1163 1527 amicum
1180 1506 1230 1527 me
1244 1506 1309 1527 nou
1326 1501 1434 1537 putare
1448 1507 1456 1527 τ
1481 1496 1542 1534 vel,
1558 1496 1585 1527 si
1605 1503 1699 1539 putas

233 1548 381 1586 amicum,
399 1548 583 1591 Hipparcho
606 1549 733 1580 minime
755 1550 892 1581 credere.
914 1560 973 1592 ego
996 1550 1080 1582 enim
1105 1561 1168 1592 quo
1195 1551 1290 1582 modo
1307 1561 1355 1582 me
1369 1561 1434 1582 non
1449 1550 1589 1593 decipias
1604 1551 1704 1584 disse·

231 1604 344 1640 tendo,
358 1604 541 1645 persuaderi
555 1604 610 1634 abs
626 1608 656 1635 te
671 1613 807 1645 nequem
851 1604 909 1637 So.
932 1603 1034 1646 Atqui
1048 1605 1121 1637 volo
1137 1605 1208 1646 tibi,
1222 1606 1351 1647 perinde
1367 1616 1403 1637 ac
1423 1605 1450 1637 si
1465 1605 1537 1637 talis
1551 1605 1703 1644 luderem,

234 1661 401 1689 retractare
416 1658 568 1699 quicquid
583 1668 622 1689 ex
632 1658 850 1700 ‘superiorIbus
866 1658 955 1700 libet,
978 1670 1019 1690 ne
1035 1664 1066 1691 te
1093 1660 1261 1702 deceptum
1287 1660 1457 1692 existimes.
1501 1659 1600 1692 Visne
1624 1660 1706 1694 illud

233 1710 404 1750 immutari,
430 1713 516 1753 quod
537 1711 686 1754 diximus,
725 1723 833 1744 omnes
862 1712 1006 1745 homines
1033 1714 1116 1745 bona
1141 1715 1316 1757 appetere?
1372 1715 1454 1748 Hir.
1490 1713 1588 1749 Noto.
1647 1715 1706 1748 So.

236 1765 324 1804 Quid
341 1777 414 1798 vero
430 1766 520 1805 illud,
535 1767 620 1808 quod
637 1767 802 1805 damnum,
817 1778 854 1799 ac
869 1769 985 1800 damno
1007 1768 1099 1807 affici,
1126 1769 1242 1800 malum
1257 1780 1326 1801 esse
1341 1768 1576 1802 concessimus?
1620 1769 1706 1804 Hir.

234 1819 352 1862 Neque
379 1821 412 1852 id
438 1821 550 1852 mutari
562 1821 647 1854 volo.
693 1822 751 1854 So.
774 1822 837 1853 Sed
853 1823 930 1865 quid
945 1823 1036 1862 illud,
1065 1824 1151 1866 quod
1176 1823 1295 1856 lucrum
1322 1829 1417 1866 atque
1443 1824 1566 1862 lucrari,
1587 1829 1622 1856 et
1644 1824 1707 1867 ipsi

233 1875 364 1914 damno,
380 1881 414 1908 et
427 1877 456 1907 ei
481 1877 569 1918 quod
590 1882 638 1908 est
659 1877 809 1908 damnum
836 1878 916 1919 pati,
942 1879 1097 1910 contraria
1118 1880 1213 1910 sunt?
1259 1879 1341 1912 Hm.
1363 1878 1478 1921 Neque
1500 1879 1598 1922 [23⁰]
1621 1879 1708 1912 istud

234 1930 375 1971 quidem.
419 1931 474 1963 So.
499 1930 546 1962 At
573 1931 652 1962 illud
681 1931 824 1970 forsitan,
852 1933 940 1974 quod
973 1933 1095 1971 lucrari,
1123 1938 1235 1975 utpote
1260 1933 1342 1965 malo
1363 1933 1563 1971 contrarium,
1588 1933 1706 1965 bonnm

232 1984 307 2015 est?
350 1984 435 2017 ΗΙΡ.
456 1984 572 2028 Neque
588 1985 620 2017 id
637 1991 794 2018 retractes.
837 1987 894 2018 So.
917 1987 1052 2019 Videtur
1067 1987 1162 2031 igitur
1189 1988 1258 2030 tibi,
1281 1993 1316 2019 ut
1339 1993 1483 2030 apparet,
1507 1987 1636 2030 aliquod
1657 1988 1707 2020 lu-

234 2048 321 2070 cmm
336 2038 454 2071 bonurn
470 2050 550 2078 esse,
574 2040 702 2083 aliquod
718 2051 792 2072 vero
817 2041 956 2072 malum?
1002 2042 1087 2074 Hrr.
1109 2042 1194 2074 Mihi
1209 2053 1295 2076 vero.
1340 2042 1400 2075 So.
1423 2041 1576 2074 Retracto
1596 2042 1707 2085 itaque

235 2091 295 2124 tibi
321 2093 393 2126 hoc.
437 2093 516 2126 Esto
538 2094 621 2126 enim
643 2095 764 2127 lucrum
780 2096 866 2127 aliud
888 2097 1018 2134 bunum,
1039 2097 1153 2128 malum
1179 2098 1282 2130 aliud:
1308 2097 1386 2129 nihil
1402 2101 1508 2130 tamen
1521 2098 1620 2139 magis
1632 2098 1707 2136 hoc,

233 2158 330 2190 quam
346 2148 437 2187 illud,
461 2149 582 2181 lucrum
597 2154 656 2181 est.
679 2151 804 2182 nonne?
851 2150 935 2183 Hir.
959 2151 1046 2188 Quid
1062 2152 1262 2194 interrogas?
1307 2152 1363 2184 So.
1387 2151 1515 2184 Dicam.
1560 2151 1659 2184 Cibus
1673 2157 1708 2184 et

233 2202 338 2235 bonus
351 2208 411 2242 est,
426 2207 460 2235 et
474 2204 585 2236 malus.
628 2203 713 2237 Hir.
736 2204 805 2236 Est.
839 2205 908 2237 .So.
931 2204 1030 2237 Estne
1042 2206 1140 2248 magis
1152 2206 1242 2238 cibus
1257 2206 1335 2238 alter
1357 2206 1478 2238 altero?
1501 2217 1543 2238 an
1564 2206 1707 2239 similiter

233 2257 301 2291 cibi
315 2264 389 2290 sunt
403 2259 510 2300 ambo,
525 2269 642 2301 neque,
666 2259 700 2290 in
725 2264 878 2302 quantum
897 2260 1000 2302 cibus,
1023 2271 1105 2292 unus
1120 2261 1160 2292 ab
1176 2261 1273 2292 altero
1289 2261 1395 2293 differt
1410 2272 1419 2292 ε
1434 2262 1490 2293 sed
1505 2261 1538 2292 in
1553 2266 1706 2303 quantum

234 2322 318 2344 unus
333 2313 463 2355 quidem
479 2313 592 2353 bonus,
605 2313 684 2345 alter
696 2323 770 2345 vero
785 2314 910 2346 malus?
954 2314 1038 2346 Hn‘.
1060 2314 1118 2346 Est
1134 2320 1169 2346 ut
1190 2314 1282 2347 dicis.
1328 2315 1384 2346 So.
1406 2314 1524 2347 Nonne
1547 2319 1581 2346 et
1602 2316 1708 2357 potus,

235 2372 271 2400 et
293 2368 415 2410 reliqua
444 2368 550 2400 omnia
577 2379 775 2411 quaecunque
801 2369 834 2400 in
864 2369 970 2412 specie
1001 2369 1112 2401 eadem
1140 2369 1306 2402 existentia
1326 2369 1403 2401 talia
1426 2373 1510 2407 sunt,
1533 2373 1570 2400 ut
1594 2369 1707 2410 partim

233 2423 332 2462 bona,
352 2423 466 2466 partim
492 2422 574 2454 mala
597 2423 684 2456 sint:
711 2424 788 2455 nihil
812 2423 895 2456 inter
918 2435 952 2456 se
979 2424 1130 2459 differunt
1155 2425 1329 2456 secundum
1356 2425 1389 2455 id
1405 2434 1468 2466 quo
1483 2424 1596 2456 eadem
1610 2429 1704 2455 sunt:

234 2478 502 2520 quemadmodum
528 2478 623 2509 homo
652 2477 781 2520 quidem
809 2489 892 2511 unus
918 2480 1032 2517 bonus,
1063 2479 1163 2511 malus
1192 2479 1295 2511 alius?
1341 2479 1425 2511 Hir.
1460 2478 1514 2510 Sic
1543 2482 1602 2511 est.
1647 2477 1706 2511 So.

235 2532 384 2565 Ceterum
399 2536 510 2563 neuter
522 2531 660 2570 illorum,
676 2537 711 2564 ut
727 2532 867 2572 arbitror,
885 2534 982 2576 magis
993 2538 1048 2566 aut
1070 2533 1173 2565 minus
1187 2534 1281 2566 homo
1296 2539 1354 2571 est,
1376 2544 1470 2576 quam
1490 2532 1582 2571 alius,
1603 2541 1708 2575 neque

234 2585 338 2618 bonus
352 2586 447 2623 malo,
474 2596 577 2629 neque
601 2588 685 2618 bono
711 2587 824 2621 malus.
870 2588 953 2622 Hir».
976 2588 1062 2621 Vera
1087 2589 1178 2620 dicis.
1224 2589 1281 2620 So.
1304 2588 1421 2620 Nonne
1445 2589 1487 2620 de
1511 2588 1598 2620 lucro
1621 2586 1708 2619 simi-

236 2639 309 2673 liter
325 2640 551 2683 judicabimus,
573 2643 659 2684 quod
681 2643 799 2685 pariter
821 2643 940 2676 lucrum
968 2648 1032 2676 tam
1048 2644 1165 2675 bonurn
1181 2654 1275 2687 quam
1292 2644 1406 2675 malum
1422 2643 1488 2675 sit?
1532 2642 1616 2675 Hn’.
1638 2641 1706 2675 Ne-

236 2707 324 2730 cesse
351 2702 411 2729 est.
456 2697 513 2728 So.
537 2696 593 2729 Nil
614 2698 709 2740 igitur
732 2698 832 2741 magis
860 2698 1007 2737 lucratur,
1042 2698 1098 2741 qui
1121 2699 1236 2730 bouum
1263 2699 1381 2731 lucrum
1405 2698 1590 2741 assequitur,
1611 2708 1707 2740 quam

237 2751 294 2793 qui
323 2751 460 2783 malum:
499 2761 603 2795 neque
634 2752 763 2784 istorum
799 2753 919 2795 aliquid
946 2752 1048 2795 majus
1074 2753 1194 2786 lucrum
1215 2758 1361 2797 apparet,
1384 2758 1421 2784 ut
1447 2752 1515 2795 jam
1544 2752 1705 2785 convenit.

241 2806 325 2839 Hir.
359 2806 521 2839 Profecto.
565 2806 622 2839 So.
646 2807 770 2839 Neutro
795 2807 879 2840 enim
902 2813 958 2840 aut
983 2809 1094 2851 magis,
1119 2807 1295 2840 autminus
1320 2807 1435 2840 adest?
1480 2806 1564 2838 Hn’.
1585 2805 1708 2839 Neutro

236 2860 291 2893 Sb.
311 2860 380 2893 Tali
397 2865 501 2893 autem
519 2872 561 2899 re,
585 2861 635 2893 cui
650 2867 794 2893 neutrum
821 2864 930 2894 horum
959 2862 1124 2906 competit,
1149 2864 1310 2907 quomodo
1335 2861 1406 2905 quis
1431 2860 1529 2903 magis
1540 2860 1589 2892 vel
1603 2860 1706 2892 minus

237 2912 357 2959 aliquid
373 2920 429 2948 aut
450 2914 567 2959 ageret,
594 2920 649 2947 aut
675 2915 769 2948 etiam
797 2918 975 2959 pateretur?
1021 2918 1104 2951 Hir.
1127 2917 1338 2961 Impossibile.
1382 2916 1438 2949 So.
1460 2915 1632 2958 Postquam
1656 2914 1707 2946 lu‘-

237 2975 289 3003 era
313 2975 346 3003 et
366 2967 455 3003 utilia
478 2975 553 3003 sunt
576 2970 717 3009 similiter
731 2971 836 3011 ambo,
857 2972 919 3006 hoe
946 2972 1101 3016 deinceps
1127 2971 1440 3005 animadvertendum
1459 2974 1565 3012 restat,
1581 2973 1708 3012 propter
