1846 3268
108 309 206 359 474]
720 304 982 344 GORGIAS.
1494 308 1568 345 201

105 410 184 443 titiae
198 410 342 443 dederit?
386 411 470 443 Por..
492 408 628 440 Minime
638 407 789 450 quidem:
812 407 909 439 immo
925 407 1122 441 miserrimus.
1167 408 1223 440 So.
1247 407 1293 441 At
1307 419 1380 440 vero
1396 408 1420 440 si
1437 408 1572 450 injustus

107 477 216 508 poenas
238 465 392 508 effugerit,
417 469 454 496 ut
477 464 545 506 ipse
569 463 627 503 ais,
655 463 765 494 beatus
792 462 862 494 erit.
918 462 1003 494 P01..
1026 462 1088 494 Aio
1111 463 1269 506 equidem.
1313 462 1368 494 So.
1393 462 1574 494 Secundum

104 531 177 552 vero
192 520 375 552 sententiam
388 529 498 556 meam,
514 529 533 549 ο
549 517 640 554 Pole‚
656 516 712 559 qui
728 515 894 558 injuriatur
905 516 1106 558 injustasque
1122 522 1181 554 est,
1198 517 1325 548 omnino
1337 522 1386 548 est
1401 521 1473 547 ante
1495 515 1573 548 alios

108 574 219 606 miser?
242 573 378 605 miserior
391 578 508 612 autem,
534 571 559 602 si
586 570 769 613 injuriarum
796 581 903 612 poenas
919 581 1079 612 nunquam
1097 571 1181 602 luat:
1206 571 1307 602 minus
1333 581 1404 601 vero
1430 569 1532 607 miser,
1549 569 1575 601 si

109 628 186 666 luat,
201 627 452 669 suppliciumque
474 625 596 667 justum
621 625 708 666 apud
732 625 810 656 deos
831 624 1040 666 hominesque
1064 629 1211 666 reportet.
1237 624 1334 666 [473]
1359 624 1446 656 P01..
1469 623 1574 661 Quam

107 682 240 713 absurda
256 681 360 714 dicere
374 680 483 720 audes,
500 689 519 710 ο
533 678 696 711 Socrates!
744 679 801 711 So.
826 678 922 709 Dabo
937 678 1086 719 equidem
1112 689 1251 720 operam,
1266 690 1285 709 ο
1310 678 1421 716 amice,
1444 683 1480 708 ut
1505 677 1575 719 ipse

107 746 233 778 quoque
247 746 369 767 mecum
385 734 512 766 sentias.
534 734 668 765 amicum
684 733 768 764 enim
784 743 854 764 esse
869 737 900 764 te
916 732 993 763 mihi
1010 737 1100 774 puto.
1145 732 1241 764 Nunc
1264 743 1337 774 ergo
1353 743 1390 763 ea
1405 732 1445 763 de
1460 730 1575 773 quibus

108 789 318 827 dissentimus,
334 788 490 831 ejusmodi
505 792 588 819 sunt.
612 788 741 819 attende
757 797 830 818 vero
845 791 878 818 et
894 791 940 817 tu.
984 786 1065 818 Dixi
1077 787 1223 829 equidem
1241 787 1273 817 in
1288 786 1510 828 superioribus,
1526 785 1575 816 in-

104 843 219 886 juriam
234 843 346 875 inferre
372 842 463 884 pejus
478 851 545 873 esse
560 851 653 883 quarn
670 841 747 882 pati.
793 840 875 872 Po1..
898 840 950 871 Ita
966 840 1085 872 dixisti.
1131 840 1188 872 So.
1210 840 1260 871 Tu
1275 850 1346 871 vero
1362 844 1485 880 contra,
1508 838 1576 880 pati

107 896 199 939 pejus
214 907 280 929 esse
295 907 389 939 quarn
403 896 517 928 facere.
562 896 647 927 Por..
671 895 786 927 Procul
810 894 920 926 dubio.
965 894 1020 927 So.
1043 895 1200 927 Praeterea
1225 905 1278 926 eos
1294 894 1349 937 qui
1364 893 1513 935 injuriam
1528 893 1576 924 fa-

107 951 208 989 ciunt,
222 962 282 993 ego
296 951 423 983 miseros
435 950 655 993 appellabam:
681 955 775 992 atque
791 960 810 981 a
825 954 855 981 te
871 950 1055 992 redargutus
1079 961 1158 982 sum.
1205 950 1285 982 Por..
1310 950 1361 980 lta
1376 959 1432 990 per
1445 947 1466 980 J
1469 958 1572 980 ovem.

107 1006 162 1039 So.
186 1006 234 1038 Ut
256 1010 303 1043 tu,
329 1005 421 1043 Pole‚
446 1011 548 1048 putas.
602 1004 687 1036 Pot..
710 1004 758 1036 Ac
785 1005 865 1036 sorte
895 1015 979 1036 vera.
1024 1005 1080 1037 So.
1101 1004 1150 1035 Tu
1180 1014 1252 1036 vero
1281 1003 1467 1045 injuriantes
1497 1007 1573 1034 tunc

106 1059 214 1092 felices
227 1070 294 1092 esse
310 1059 449 1097 dicebas,
463 1070 534 1091 cum
551 1069 659 1101 poenas
674 1059 802 1090 minime
819 1059 975 1091 dederint.
1022 1059 1108 1091 Por..
1131 1059 1175 1090 Et
1189 1058 1320 1090 maxime
1346 1057 1485 1100 quidem.
1517 1057 1576 1088 So.

108 1113 177 1155 Ego
189 1123 262 1145 vero
275 1113 354 1145 istos
368 1124 436 1146 esse
456 1114 530 1146 dico
545 1113 730 1144 miserrimos
743 1125 751 1144 :
775 1123 830 1145 eos
846 1118 949 1145 autern
966 1113 1021 1155 qui
1036 1112 1220 1155 puniantur,
1236 1113 1337 1145 minus
1353 1112 1478 1143 miseros
1494 1121 1574 1143 esse.

109 1167 207 1199 Visne
221 1167 255 1199 id
279 1178 405 1210 quoque
430 1167 592 1200 refellere?
637 1167 721 1200 Por..
745 1167 789 1198 At
815 1167 911 1205 istud,
929 1178 947 1199 o
969 1168 1124 1205 Socrates,
1145 1167 1302 1199 difficilius
1326 1167 1456 1208 insuper
1479 1174 1575 1207 quam

106 1221 185 1253 illud
201 1222 270 1264 quis
284 1222 459 1264 redarguet.
505 1222 561 1255 So.
583 1221 679 1253 Haud
695 1221 824 1253 difficile
839 1221 936 1259 istud,
952 1221 1048 1253 immo
1063 1221 1258 1263 impossibile
1269 1221 1414 1263 judicare
1430 1220 1539 1260 debes,
1554 1229 1574 1249 ο

108 1275 197 1307 Pole.
221 1277 306 1318 quod
333 1276 416 1307 enim
431 1286 538 1307 verum
563 1281 623 1317 est,
649 1275 749 1307 refelli
774 1285 935 1318 nunquam
963 1281 1078 1317 potest.
1124 1276 1208 1307 P01..
1232 1275 1320 1313 Quid
1345 1274 1411 1306 ais?
1456 1274 1488 1305 Si
1504 1273 1575 1315 quis

105 1330 303 1371 tyrannidem
320 1340 376 1372 per
390 1330 533 1373 injuriam
550 1330 650 1361 moliri
664 1331 878 1372 deprehensus
905 1330 1012 1367 fuerit,
1028 1334 1202 1372 captusque
1227 1333 1407 1371 torqueatur
1432 1326 1574 1360 excarni-

107 1383 290 1426 ficeturque‚
302 1385 396 1426 eique
411 1385 571 1416 inurantur
586 1384 681 1423 oculi,
697 1384 828 1426 aliisque
849 1384 965 1421 multis,
983 1384 1086 1422 variis,
1111 1384 1256 1426 gravibus
1278 1383 1381 1426 poenis
1402 1382 1575 1414 afficiatur:

108 1437 214 1470 videat
229 1444 377 1481 praeterea
392 1439 505 1470 liberos
520 1445 554 1470 et
569 1449 695 1470 uxorem
712 1439 820 1470 eadem
838 1438 919 1480 pati,
933 1443 966 1470 et
981 1439 1108 1470 tandem
1123 1439 1157 1470 in
1172 1449 1262 1470 cruce
1276 1442 1424 1480 ponatur,
1434 1440 1489 1467 aut
1502 1436 1575 1478 pice

106 1492 248 1524 adhibita
261 1494 478 1525 comburatur:
503 1504 542 1525 an
558 1494 626 1526 haec
639 1494 761 1536 patiens
775 1493 850 1525 felix
865 1492 946 1525 erit?
972 1494 1020 1525 vel
1036 1494 1142 1536 potius
1158 1494 1185 1525 si
1199 1492 1343 1530 evaserit,
1359 1491 1576 1536 tyrannidem-

108 1556 170 1588 que
182 1552 340 1579 assecutus
355 1548 502 1579 arbitratu
516 1548 602 1580 vivat
617 1559 687 1590 suo,
702 1549 783 1580 adeo
798 1553 832 1579 ut
847 1548 918 1579 vitae
936 1558 1000 1579 suae
1015 1554 1115 1579 status
1130 1548 1331 1590 exoptandus
1344 1546 1483 1588 felixque
1499 1555 1518 1576 a
1529 1545 1575 1577 ci-

104 1601 194 1632 vibus
209 1605 241 1632 et
255 1601 426 1644 peregrinis
441 1602 658 1634 existimetur?
703 1602 824 1634 Haecne
839 1602 919 1634 dicis
947 1603 1104 1634 confutari
1124 1613 1188 1634 non
1209 1602 1326 1644 posse?
1372 1601 1427 1632 So-
1451 1601 1575 1632 Perter-

105 1655 216 1687 refacis
239 1666 290 1687 me
316 1666 400 1688 nunc
421 1667 536 1698 rursus,
553 1667 572 1687 ο
599 1667 749 1699 generose
774 1656 874 1696 Pole;
897 1667 961 1688 non
987 1662 1091 1688 autern
1116 1657 1251 1688 refellis:
1278 1656 1373 1698 paulo
1399 1664 1472 1686 vero
1499 1658 1574 1685 ante

106 1710 311 1741 attestabaris.
356 1710 571 1742 Veruntamen
588 1711 694 1752 redige
709 1710 786 1742 mihi
803 1721 969 1752 parumper
984 1711 1016 1741 in
1034 1710 1223 1747 memoriam,
1235 1720 1275 1741 an
1288 1709 1404 1751 injuste
1413 1717 1576 1750 capessere

106 1763 304 1805 tyrannidem
328 1764 454 1796 dixeris.
499 1765 582 1797 P01..
616 1764 785 1807 Equidem.
830 1765 886 1796 So.
910 1764 1032 1796 Neuter·
1058 1775 1165 1796 eorum
1189 1764 1310 1796 felicior
1333 1773 1472 1804 unquam
1499 1761 1571 1798 erit,

103 1826 208 1859 neque
220 1818 275 1859 qui
290 1818 488 1860 tyrannidem
503 1818 620 1860 injuste
636 1820 769 1861 adeptus
785 1819 890 1856 fuerit,
907 1829 1010 1860 neque
1026 1819 1080 1861 qui
1103 1819 1314 1860 deprehensus
1339 1827 1447 1859 poenas
1474 1817 1573 1847 dede-

100 1872 151 1903 rit.
175 1882 289 1914 nempe
303 1882 320 1903 e
336 1872 458 1903 duobus
473 1872 592 1904 miseris
606 1878 717 1905 neuter
731 1874 829 1905 altero
841 1873 964 1904 felicior
978 1877 1027 1904 est
1041 1873 1195 1904 dicendus
1210 1884 1218 1903 z
1243 1872 1380 1903 miserior
1395 1876 1500 1902 tamen
1517 1870 1574 1911 qui

103 1925 224 1967 potitus
238 1926 406 1968 tyrannide
421 1926 611 1968 supplicium
628 1927 827 1958 devitaverit.
872 1927 959 1964 Quid
980 1927 1077 1967 rides,
1095 1937 1113 1957 o
1137 1926 1241 1958 Pele?
1286 1926 1360 1957 Alia
1381 1935 1484 1956 rursus
1506 1926 1575 1956 haec

106 1979 270 2011 refellendi
290 1980 410 2022 speeies
426 1985 484 2018 est,
500 1991 571 2013 curu
595 1981 664 2023 quis
688 1981 806 2023 aliquid
831 1981 918 2013 dicat
940 1981 1093 2022 deridere,
1109 1991 1172 2012 non
1188 1985 1292 2012 autem
1307 1990 1447 2022 arguere.
1491 1979 1576 2011 Por..

108 2033 155 2064 At
169 2043 233 2065 non
249 2038 340 2076 putas
355 2034 466 2072 refelli,
483 2045 501 2066 o
524 2035 679 2072 Socrates,
695 2045 767 2067 curn
789 2034 864 2067 talia
886 2035 986 2077 dieas,
999 2035 1106 2077 qualia
1127 2034 1232 2066 nullus
1254 2044 1393 2076 unquam
1413 2033 1575 2066 hominum

105 2088 246 2121 diceret?
292 2089 406 2127 Quaere
421 2089 460 2120 ab
476 2089 603 2120 istorum
615 2089 735 2132 aliquo.
781 2090 837 2122 So.
862 2089 890 2121 O
905 2089 994 2127 Pole‚
1007 2089 1154 2132 equidem
1169 2099 1232 2120 non
1242 2099 1309 2119 sum
1322 2099 1359 2120 ex
1370 2087 1420 2119 his
1431 2087 1528 2131 quiin
1545 2097 1577 2119 re

103 2142 232 2184 publica
245 2147 418 2175 versantur.
462 2143 504 2174 Et
525 2143 675 2185 superiori
695 2153 792 2186 anno,
806 2154 877 2176 cum
904 2144 1000 2175 tribus
1026 2152 1094 2175 mea
1117 2143 1355 2185 praerogativam
1380 2142 1520 2179 haberet,
1535 2151 1573 2173 ac

109 2202 190 2229 sorte
214 2201 371 2240 oporteret
395 2206 444 2228 me
467 2202 649 2240 computare
672 2198 818 2240 suffragia
843 2203 876 2230 et
898 2198 938 2230 ad
963 2197 1129 2230 consilium
1152 2198 1275 2234 referre,
1297 2196 1454 2228 concitavi
1468 2196 1575 2232 risum,

108 2251 206 2294 [4⁷4]
236 2251 311 2294 quia
322 2251 425 2283 facere
439 2252 472 2283 id
488 2253 617 2285 nescivi.
662 2252 739 2284 Noli
762 2263 836 2295 ergo
847 2252 972 2295 jubere,
988 2257 1023 2284 ut
1038 2253 1078 2284 ad
1094 2251 1260 2284 consilium
1276 2251 1475 2292 praesentium
1497 2250 1577 2281 refe-

109 2314 187 2339 ram.
229 2305 375 2337 Ceterum
392 2305 452 2337 nisi
469 2306 628 2338 meliorem
645 2307 797 2349 arguendi
810 2307 894 2338 viam
906 2307 1015 2350 habes,
1029 2307 1292 2348 quemadmodum
1304 2306 1399 2336 modo
1410 2304 1554 2336 dicebam
1568 2315 1577 2335 ι

108 2351 243 2391 vicissim
273 2359 357 2393 ,mihi
388 2361 540 2398 concede,
566 2364 661 2403 atque
686 2361 827 2403 experire
853 2361 977 2404 qualern
1001 2371 1060 2403 ego
1083 2360 1332 2402 redargutionem
1358 2369 1426 2391 esse
1450 2358 1580 2390 arbitror

108 2417 263 2455 oportere.
306 2413 375 2456 Ego
397 2413 480 2446 enim
501 2425 607 2446 eorum
631 2425 702 2457 quae
723 2415 808 2454 dico,
825 2426 923 2447 unum
947 2417 1121 2458 producere
1148 2420 1258 2446 testem
1275 2414 1352 2456 scio,
1366 2414 1454 2445 illum
1471 2413 1575 2455 ipsum

109 2466 236 2508 quicum
251 2467 326 2498 mihi
341 2478 440 2499 sermo
455 2474 502 2500 est
518 2469 702 2501 institutus:
727 2469 962 2501 multitudinem
978 2478 1083 2501 autem
1107 2469 1208 2506 mitto,
1224 2474 1256 2500 et
1270 2468 1363 2499 unius
1386 2467 1574 2499 sententiam

107 2529 216 2562 rogare
240 2520 318 2563 scio,
344 2522 539 2555 multitudini
552 2534 623 2554 vero
643 2534 684 2555 ne
699 2525 827 2556 verbum
849 2524 976 2566 quidem
1000 2524 1097 2556 facio.
1141 2523 1225 2555 Vide
1248 2523 1353 2565 igitur,
1369 2527 1471 2553 utrum
1495 2521 1573 2553 mihi

108 2574 244 2606 vicissim
260 2576 412 2617 arguendi
430 2577 532 2608 locum
547 2577 625 2610 velis
642 2579 830 2620 concedere,
844 2584 943 2620 tuque
959 2579 999 2610 ad
1011 2578 1176 2620 quaesitum
1191 2578 1391 2619 respondere.
1435 2575 1578 2607 Arbitror

108 2629 255 2671 equidem
267 2634 301 2660 et
315 2640 364 2661 me
379 2635 412 2661 et
426 2635 458 2661 te
479 2635 511 2662 et
526 2631 604 2663 alios
623 2632 764 2664 homines
784 2633 972 2670 existimare,
989 2632 1080 2675 pejus
1102 2642 1169 2664 esse
1192 2632 1294 2664 facere
1314 2630 1459 2673 injuriam
1481 2640 1575 2672 quam

109 2683 262 2724 θθθῖΡθΐθ,
288 2693 325 2715 ac
350 2694 469 2725 p0enas
492 2684 630 2728 effugere
654 2697 748 2728 quarn
772 2687 887 2719 subire.
931 2687 1016 2719 Por..
1040 2687 1109 2728 Ego
1132 2690 1236 2718 autem
1261 2696 1364 2728 neque
1393 2695 1442 2716 me
1471 2694 1577 2726 neque

109 2737 204 2769 alium
228 2747 354 2779 prorsus
377 2737 495 2769 ullum:
519 2740 774 2782 quandoquidem
795 2747 829 2773 tu
852 2742 936 2773 solus
956 2741 1102 2782 injuriam
1124 2739 1247 2783 perpeti
1264 2740 1384 2781 malles,
1409 2749 1503 2781 quam
1524 2739 1575 2770 iu-

109 2791 199 2825 ferre.
245 2791 300 2823 So.
323 2792 425 2823 Immo
441 2803 512 2824 vero
525 2798 560 2837 et
574 2799 608 2825 tu
630 2800 663 2825 et
684 2796 780 2827 ceteri
802 2806 919 2828 ornnes.
964 2796 1048 2827 Por..
1071 2795 1263 2827 Permultum
1286 2795 1385 2826 abest.
1406 2794 1502 2824 immo
1517 2802 1577 2824 nec

114 2855 176 2887 ego
197 2855 258 2878 nee
277 2851 311 2877 tu
331 2856 391 2878 nec
414 2847 494 2879 alius
515 2848 693 2890 quisquam.
737 2849 794 2882 S0.
817 2850 916 2882 Visne
941 2850 1153 2891 respondere?
1198 2849 1283 2881 Por..
1308 2849 1390 2880 Volo
1416 2847 1575 2890 equidem.

116 2899 211 2941 cupio
225 2900 320 2937 enirn,
336 2900 413 2942 quid
429 2901 557 2933 tandem
579 2902 718 2935 dicturus
741 2904 794 2946 sis,
808 2904 991 2946 intelligere.
1036 2904 1091 2935 So.
1114 2903 1288 2946 Responde
1309 2903 1416 2944 itaque
1438 2901 1527 2937 mihi,
1542 2904 1579 2930 ut

57 2965 60 2969 ·
115 2952 284 2995 intelligas,
308 2959 457 2997 tanquam
483 2956 509 2987 si
535 2966 554 2988 a
581 2957 736 2999 principio
758 2958 998 3000 interrogarem:
1023 2958 1135 2990 Utrum
1162 2963 1266 3000 putas,
1288 2969 1307 2989 o
1332 2957 1424 2998 Pole‚
1440 2954 1577 2986 deterius

116 3006 208 3038 esse?
230 3007 374 3039 facerene
398 3009 542 3051 injuriam
567 3021 606 3043 an
633 3012 779 3055 perpeti?
823 3012 910 3044 Por..
935 3012 1073 3055 Perpeti.
1116 3013 1172 3045 So.
1195 3012 1308 3044 Utrum
1333 3021 1404 3043 vero
1430 3008 1572 3050 turpius?

207 3061 293 3092 Plan.
321 3061 374 3094 Tr.
869 3067 897 3098 Ι,
1416 3067 1435 3095 2
1460 3063 1487 3093 C
