1846 3268
169 265 235 316 16]
718 262 1074 302 EUTHYPHRO.
1557 267 1633 305 105

164 368 287 400 adstare
302 375 498 409 nequaquam
513 364 652 397 verebor.
697 363 761 396 Sed
785 375 825 395 ne
850 375 900 396 me
914 370 1120 398 contemnas:
1143 365 1237 397 immo
1254 370 1388 398 mentem
1405 366 1530 409 penitus
1544 367 1634 399 adhi-

165 422 256 459 bens,
267 431 362 463 quarn
377 420 508 451 maxime
523 429 608 451 nunc
624 418 762 460 exprime
777 418 952 451 veritatem.
997 419 1093 451 Nosti
1108 420 1205 458 enim,
1230 420 1255 451 si
1269 420 1339 462 quis
1355 421 1513 452 hominum
1528 420 1607 452 alius
1624 432 1633 453 ε

164 486 268 517 neque
282 474 486 506 dimittendus
501 483 547 515 es,
561 472 826 515 quemadmodum
839 472 986 510 Proteus,
1002 473 1182 515 priusquam
1198 473 1321 506 dixeris.
1364 473 1449 505 Nam
1467 473 1528 505 nisi
1543 474 1634 515 liqui-

163 529 205 560 do
221 533 363 560 sanctum
388 538 425 560 ac
445 527 609 569 profanum
632 526 772 558 novisses
785 537 794 565 ;
819 537 981 568 nunquam
1008 528 1190 559 mercenarii
1212 527 1376 569 cujusdam
1401 527 1510 569 gratia,
1533 528 1631 558 virum

164 592 270 614 senem
285 587 318 613 et
332 586 465 623 patrem,
480 585 517 612 ut
530 590 617 612 reum
633 580 753 622 mortis,
776 581 924 623 persequi
948 582 1126 617 statuisses:
1150 580 1205 618 sed
1222 583 1298 613 deos
1314 574 1480 622 timuisses,
1499 592 1540 612 ne
1555 581 1635 612 forte

163 635 265 667 minus
280 635 314 667 id
329 640 413 667 recte
427 634 649 677 aggredereris,
663 638 759 676 atque
775 645 812 666 ex
828 634 989 666 hominum
999 639 1176 677 conspectu
1188 635 1373 668 erubuisses.
1418 634 1452 665 N
1455 645 1514 666 unc
1529 639 1634 666 autem
1651 653 1654 656 Δ

159 689 245 726 novi,
266 690 354 731 quod
370 690 464 731 plane
479 693 620 721 sanctum
637 693 669 720 et
684 690 848 730 profanum
871 700 1060 730 cognoscere
1087 689 1236 731 opinari&
1280 689 1344 720 Dic
1366 699 1454 731 erg0,
1481 699 1499 720 o
1515 688 1634 730 optime

163 742 388 786 Euthyphron‚
401 753 506 785 neque
520 753 578 775 nos
593 743 690 780 celes,
702 742 780 786 quid
794 743 900 785 ipsum
915 743 1086 776 existimes.
1129 742 1195 775 Eu.
1219 742 1323 783 Alias,
1338 754 1356 773 o
1372 743 1525 776 Socrates.
1547 753 1634 777 nunc

157 795 227 838 jam
241 795 303 827 aiio
319 806 452 838 propero
466 808 476 836 ;
500 797 576 828 hora
589 797 672 829 enim
688 801 747 834 est,
763 802 799 828 ut
814 797 936 830 abeam.
982 797 1038 829 80.
1062 796 1150 834 Quid
1167 796 1233 838 agis
1248 796 1346 828 amice
1359 796 1370 827 ?
1393 806 1505 838 magna
1520 796 1561 827 de
1576 807 1633 838 spe

162 860 212 881 me
225 860 308 882 nunc
324 851 435 885 abiens
449 850 607 892 dejecisti,
632 861 696 892 qua
709 852 885 893 sperabam.
907 852 962 883 abs
987 856 1019 883 te
1041 851 1118 893 quid
1134 855 1289 887 sanctum,
1305 850 1381 892 quid
1399 860 1461 883 uun
1477 854 1632 887 sanctum,

162 903 304 943 discere;
326 909 421 946 atque
435 904 482 935 ita
505 904 613 935 Meliti
635 905 869 936 accusationem
885 905 962 936 iiber
977 905 1120 942 evadere,
1146 905 1314 936 ostendens
1330 903 1388 944 illi,
1411 904 1497 946 quod
1513 904 1552 934 ab
1569 903 1634 934 Eu-

161 957 342 999 thyphrone
355 957 431 999 [16]
448 957 625 989 divinorum
640 958 826 999 sapientiam
851 959 984 1000 adeptus
999 959 1133 998 fuerim;
1155 968 1258 1000 neque
1280 957 1410 989 ulterius
1436 968 1474 989 ex
1497 967 1566 987 mea
1581 967 1632 987 ru-

162 1011 259 1054 dique
272 1012 429 1044 sententIa
442 1022 559 1043 novum
583 1012 701 1053 aliquid
714 1013 755 1043 de
770 1012 884 1045 divinis
899 1013 1084 1046 inducturus
1101 1011 1171 1055 sim,
1199 1012 1254 1044 sed
1277 1011 1429 1054 reliquum
1444 1021 1537 1048 omne
1552 1015 1631 1043 tern-

162 1075 224 1113 pus
239 1065 346 1101 melior
361 1065 531 1102 admodum
546 1065 604 1100 sim
621 1065 771 1100 victurus.

252 3008 341 3043 Plat.
359 3007 415 3041 Tr.
932 2999 962 3036 I.
