1846 3268
211 280 291 319 406
806 279 1074 321 PLATONIS
1580 287 1675 339 [187

212 386 354 429 quisquis
370 386 533 428 pulchrum
558 391 591 418 et
616 386 785 419 deformem
809 387 841 418 in
867 387 915 419 his
939 380 1073 421 amorem
1100 389 1261 429 discernit,
1283 390 1310 422 is
1333 395 1381 422 est
1404 391 1543 424 medicus
1558 393 1682 436 peritis·

210 440 325 473 simus:
349 441 443 484 quive
468 441 512 472 ita
539 446 713 483 permutare
738 442 806 474 haec
833 447 949 484 potest,
975 448 1014 475 ut
1038 454 1095 486 pro
1119 444 1217 476 altero
1231 455 1335 477 amore
1356 451 1500 478 nascatur
1514 446 1603 484 alter,
1626 452 1682 479 aut

209 495 324 538 quibus
349 496 437 527 abest
461 506 558 534 amor,
581 496 691 528 adesse
715 501 818 528 autem
841 502 976 540 oportet,
1001 498 1167 530 immittere
1192 499 1287 537 valet,
1312 505 1345 531 et
1367 500 1494 532 insitum
1515 500 1681 543 extirpare,

208 549 350 581 'eruditus
365 555 412 581 est
426 550 547 583 artifex.
593 550 692 583 Posse
714 557 819 584 autem
842 557 977 594 oportet,
1000 564 1072 595 quae
1098 553 1131 585 in
1154 564 1283 596 corpore
1298 554 1424 587 inimica
1439 555 1574 588 maxime
1595 561 1682 598 sunt,

208 602 387 641 conciliare,
403 609 437 635 et
451 615 586 636 amorem
602 604 663 636 illis
677 605 810 637 inserere
825 611 980 639 mutuum.
1025 607 1159 639 Inimica
1173 618 1245 639 vero
1269 609 1400 641 maxime
1415 614 1498 647 sunt,
1515 620 1586 652 quae
1601 620 1678 643 con·

205 657 297 688 traria
319 658 464 696 maxime,
486 659 633 700 frigidum
660 659 776 698 calido,
799 669 935 691 amarum
959 660 1058 700 dulci,
1084 661 1214 694 humido
1238 662 1366 704 siccum,
1387 668 1554 706 ceteraque
1567 663 1678 706 hujus·

206 711 304 744 modi.
349 712 430 744 Cum
446 723 581 745 amorem
605 713 654 746 his
669 719 811 746 mutuum
827 716 1089 759 concordiamque
1115 717 1249 748 inserere
1264 716 1357 749 sciret
1377 722 1482 749 noster
1495 718 1548 750 ille
1564 718 1676 761 proge-

206 764 290 797 nitor
305 766 519 809 AEsculapius‚
535 773 571 799 ut
585 768 618 799 hi
633 768 737 811 poetae
752 774 916 806 testantur,
931 770 1046 813 quibus
1061 776 1094 803 et
1109 771 1176 813 ipse
1190 771 1285 803 credo
1299 783 1308 811 3
1325 776 1422 803 artem
1438 777 1574 805 nostram
1589 783 1674 805 com-

205 820 323 861 posuit.
368 820 533 853 Medicina
546 822 653 864 itaque
676 823 776 855 omnis
791 834 829 855 ea
851 824 984 861 ratione,
1011 835 1074 866 qua
1096 825 1218 866 loquor,
1242 826 1281 857 ab
1304 825 1364 857 hoc
1388 822 1462 857 Deo
1476 826 1676 868 gubernatur.

204 874 352 906 Similiter
364 886 491 918 quoque
506 877 693 918 agricultura
707 882 803 920 atque
827 879 1036 921 gymnastica.
1062 878 1160 921 [187]
1183 879 1268 921 quod
1285 884 1389 911 autem
1404 881 1514 912 eadem
1531 879 1572 912 sit
1585 886 1618 912 et
1633 882 1674 913 de

204 929 324 960 musica
338 924 428 968 ratio,
444 931 643 972 perspicuum
661 943 729 964 esse
744 932 843 964 cuivis
859 938 976 975 potest,
993 933 1047 975 qui
1071 933 1117 966 vel
1135 934 1293 976 paulisper
1307 934 1452 966 advertit.
1497 934 1593 972 Quod
1609 935 1677 967 He·

203 981 329 1013 raclitus
344 983 473 1015 forsitan
489 986 595 1027 sentit,
610 986 710 1018 verbis
725 991 828 1018 tamen
846 997 954 1028 parum
970 988 1120 1030 explicat.
1171 989 1276 1020 Unum
1291 988 1426 1029 quidem,
1441 988 1557 1031 inquit,
1571 999 1676 1022 secum

202 1035 269 1077 ipso
284 1036 467 1079 discrepans
480 1041 658 1083 convenire,
672 1044 707 1073 ut
722 1041 887 1074 harmonia
902 1051 994 1074 arcus
1008 1045 1040 1074 et
1052 1043 1141 1085 lyroe.
1192 1041 1292 1084 Atqui
1305 1043 1471 1074 absurdum
1481 1039 1602 1075 dictum
1615 1049 1676 1083 est,

203 1090 396 1123 harmoniam
410 1093 587 1136 discrepare
602 1100 697 1137 atque
711 1106 750 1127 ex
774 1095 1037 1138 discrepantibus,
1063 1096 1213 1138 quamdiu
1239 1096 1416 1137 dissonant,
1431 1107 1498 1128 esse
1512 1108 1521 1128 ι
1544 1098 1598 1129 sed
1615 1098 1678 1131 hoc

203 1144 283 1176 forte
298 1145 473 1188 significare
487 1149 626 1187 volebat,
641 1150 727 1192 quod
740 1161 776 1181 ex
792 1150 852 1187 his,
864 1161 934 1192 quae
951 1150 1033 1192 prius
1045 1151 1278 1193 discrepabant,
1287 1150 1370 1193 gravi
1382 1150 1503 1183 scilicet
1516 1156 1549 1183 et
1563 1156 1671 1190 acuto,

203 1198 320 1231 deinde
336 1211 391 1243 per
406 1207 501 1234 artem
518 1204 667 1236 musicam
683 1205 929 1236 consonantibus
945 1206 1105 1237 harmonia
1127 1204 1303 1237 conficitur.
1347 1204 1519 1247 Nunquam
1533 1205 1616 1236 enim
1633 1216 1671 1238 ex

202 1253 288 1294 gravi
304 1259 337 1285 et
361 1260 467 1298 acuto,
482 1257 556 1288 dum
580 1257 770 1300 discrepant,
795 1258 956 1290 harmonia
977 1258 1140 1290 conflatur.
1164 1258 1325 1290 harmonia
1347 1268 1482 1300 namque
1497 1265 1670 1292 concentus

200 1311 248 1338 est
262 1320 270 1339 ε
293 1314 466 1341 concentus
481 1321 554 1342 vero
569 1313 736 1344 concordia
751 1313 908 1354 quaedam.
930 1313 1099 1344 concordia
1114 1317 1219 1344 autem
1235 1323 1272 1343 ex
1289 1312 1551 1354 discrepantibus,
1565 1314 1668 1346 donec

199 1361 390 1404 discrepant,
406 1364 473 1395 fieri
486 1375 646 1407 nunquam
662 1370 781 1408 potest.
805 1366 890 1408 quod
906 1376 979 1398 vero
994 1367 1154 1408 discrepat
1169 1377 1272 1408 neque
1286 1372 1335 1398 est
1344 1377 1485 1404 concors,
1501 1367 1668 1400 concinere

199 1415 332 1457 nequit:
357 1419 622 1459 quemadmodum
637 1421 802 1462 rhythmus
816 1431 854 1451 ex
869 1419 970 1452 veloci
985 1425 1018 1451 et
1043 1421 1143 1462 tardo,
1164 1425 1256 1452 antea
1278 1421 1540 1463 discrepantibus,
1556 1427 1668 1464 postet

200 1480 274 1501 vero
285 1471 535 1511 concinentibus,
546 1474 756 1507 constituitur.
779 1478 812 1505 et
821 1475 1086 1516 quemadmodum
1096 1474 1277 1506 humoribus
1289 1475 1443 1506 medicina
1454 1476 1666 1514 concordiam,

200 1524 244 1555 ita
261 1525 390 1557 vocibus
407 1526 525 1559 musica
541 1528 777 1560 consonantiam
805 1528 955 1566 tribuens,
971 1539 1105 1560 amorem
1120 1538 1372 1571 consensumque
1388 1534 1530 1560 mutuum
1555 1530 1668 1572 gignit.

199 1579 287 1621 atqui
304 1585 351 1611 est
364 1585 396 1612 et
412 1581 529 1614 musica
544 1581 675 1614 scientia
689 1582 772 1615 circa
786 1582 976 1614 harmoniam
992 1572 1026 1614 et
1039 1583 1233 1625 rhythmum,
1247 1583 1379 1615 affectus
1395 1583 1561 1614 amatorios
1575 1583 1670 1615 vires-

201 1643 262 1674 que
287 1633 477 1676 dijudicans.
523 1637 607 1668 Sane
629 1636 663 1668 in
687 1637 757 1680 ipsa
782 1637 952 1669 harmoniae
976 1643 1009 1669 et
1033 1637 1172 1680 rhythmi
1195 1637 1425 1680 compositione
1449 1637 1495 1668 vis
1518 1638 1670 1670 amatoria

199 1687 293 1719 facile
319 1690 438 1732 percipi
464 1695 579 1733 potest.
603 1702 709 1724 verum
735 1692 878 1734 geminus
904 1702 990 1723 amor
1013 1692 1154 1723 nondum
1180 1691 1232 1723 hic
1260 1691 1481 1733 distinguitur:
1504 1691 1560 1724 sed
1590 1697 1668 1724 tunc

201 1741 340 1781 demum,
355 1754 425 1775 cum
442 1745 482 1776 ad
498 1745 576 1777 alios
589 1746 736 1789 rhythmo
752 1751 785 1778 et
799 1746 959 1778 harmonia
975 1751 1023 1777 est
1037 1746 1204 1788 utendum,
1218 1746 1268 1778 vel
1284 1746 1444 1787 fingendo,
1459 1755 1552 1788 quam
1569 1746 1667 1778 melo-

198 1795 259 1827 ‹tiae
275 1797 434 1830 fictionem
449 1804 585 1840 vocant;
602 1800 650 1832 vel
667 1801 785 1832 utendo
799 1805 883 1832 recte
896 1800 957 1843 his,
970 1810 1041 1843 quae
1053 1800 1136 1832 sacta
1147 1806 1234 1842 sunt,
1245 1800 1388 1831 melodiis
1400 1805 1433 1831 et
1444 1801 1560 1839 metris,
1572 1811 1667 1843 quam

197 1851 395 1894 disciplinam
411 1854 584 1888 nominant.
607 1855 661 1887 ubi
677 1855 812 1887 difficilis
826 1855 1003 1886 observatio
1018 1860 1077 1893 est,
1093 1859 1126 1886 et
1141 1855 1241 1897 perito
1261 1859 1309 1886 est
1323 1865 1404 1896 opus
1417 1854 1547 1886 artifice.
1591 1855 1667 1887 Huc

193 1905 260 1947 jam
284 1907 424 1949 superior
444 1908 498 1940 ille
520 1920 620 1941 sermo
646 1910 819 1948 revertitur,
834 1910 920 1952 quod
936 1910 1083 1941 videlicet
1097 1910 1246 1941 modestis
1271 1909 1450 1941 hominibus
1472 1915 1506 1941 et
1525 1910 1587 1948 his,
1609 1909 1665 1953 qui

198 1961 340 1992 nondum
356 1962 431 1994 satis
456 1964 589 1995 modesti
604 1970 688 2006 suut,
711 1970 746 1996 ut
761 1965 852 2006 fiant,
868 1964 1118 2006 gratificandum,
1134 1965 1306 2006 horumque
1321 1964 1491 1996 servandus
1504 1969 1554 1996 est
1566 1975 1664 1998 amor.

198 2013 306 2058 Atque
321 2016 372 2048 hic
387 2022 435 2048 est
449 2018 581 2049 decorus
595 2018 662 2060 ipse
677 2024 710 2050 et
722 2019 856 2051 coelestis
872 2019 999 2050 Uraniae
1021 2019 1125 2050 Musae
1141 2029 1226 2050 anior
1239 2030 1246 2049 ε
1271 2018 1449 2061 Polymniae
1465 2029 1536 2050 vero
1559 2019 1664 2050 Musas

195 2069 350 2111 vulgaris:
377 2071 428 2103 cui
442 2083 561 2104 summa
583 2074 730 2105 cautione
756 2073 982 2115 indulgendum
1008 2077 1068 2110 est,
1093 2077 1128 2103 ut
1152 2072 1344 2114 voluptatem
1369 2071 1495 2114 quidem
1522 2072 1664 2104 homines

195 2123 350 2163 hauriant,
372 2125 631 2159 incontinentiam
649 2138 721 2160 vero
737 2127 891 2160 devitent.
912 2127 994 2159 sicut
1009 2128 1040 2158 in
1057 2132 1124 2159 arte
1145 2132 1249 2158 nostra
1263 2127 1393 2157 arduum
1417 2132 1466 2158 est
1480 2126 1666 2167 cupiditati-

194 2178 264 2220 bus,
287 2189 358 2221 quae
384 2181 424 2211 ad
451 2191 562 2213 suaves
582 2192 753 2224 coquorum
779 2181 888 2224 epulas
910 2191 969 2212 nos
995 2181 1149 2222 alliciunt,
1178 2186 1262 2213 recte
1284 2180 1340 2218 uti,
1369 2181 1449 2212 adeo
1480 2186 1515 2212 ut
1543 2181 1662 2223 absque

197 2232 289 2263 bonae
315 2234 503 2266 valetudinis
528 2234 715 2267 detrimento
741 2236 876 2267 suaviter
906 2235 952 2266 his
976 2246 1147 2267 vescamur.
1193 2235 1405 2273 Quamobrem
1434 2240 1468 2266 et
1489 2235 1522 2266 in
1545 2233 1664 2266 musica

196 2291 228 2318 ct
243 2287 273 2317 in
290 2289 447 2320 medicina
469 2290 549 2321 etin
565 2290 633 2322 aliis
649 2290 807 2331 omnibus,
831 2296 893 2320 tam
909 2290 1053 2321 humanis
1076 2300 1169 2332 quarn
1186 2289 1311 2326 divinis,
1337 2294 1501 2330 utrumque
1516 2293 1669 2330 amorem,

195 2341 248 2381 qui
265 2343 409 2374 omnibus
423 2344 518 2387 inest,
542 2356 598 2386 pro
621 2345 737 2376 viribus
751 2346 913 2376 observare
927 2345 1088 2376 debemus.
1115 2344 1212 2386 [188]
1237 2344 1322 2381 Quin
1338 2343 1432 2374 etiam
1447 2342 1523 2374 anni
1538 2348 1664 2384 tompo-

193 2405 260 2426 rum
275 2398 457 2429 constitutio
472 2399 611 2441 utrisque
626 2400 673 2431 his
690 2400 781 2441 plena
797 2405 856 2431 cst.
878 2410 948 2430 nam
965 2399 1111 2441 quotiens
1126 2399 1191 2439 illa,
1204 2409 1275 2440 quae
1287 2398 1380 2428 modo
1391 2397 1547 2432 dicebam,
1557 2395 1662 2428 calida

191 2454 223 2479 et
238 2449 363 2491 frigida,
388 2452 471 2484 sicca
495 2459 528 2484 et
550 2454 689 2492 humida,
713 2465 883 2496 congruum
908 2454 988 2484 inter
1002 2463 1035 2484 se
1060 2453 1231 2483 sortiuntur
1245 2462 1379 2482 amorem
1406 2456 1439 2482 et
1465 2450 1658 2482 harmoniam

192 2505 437 2548 temperiemque
454 2514 662 2549 opportunam
679 2508 866 2550 suscipiunt,
881 2507 1035 2539 salubrem
1051 2511 1084 2538 et
1097 2506 1229 2537 fertilem
1254 2516 1370 2536 annum
1386 2504 1578 2542 hominibus,
1591 2503 1663 2535 ani-

192 2558 347 2590 mantibus
362 2561 506 2593 omnibus
521 2567 616 2604 atque
631 2563 748 2604 plantis
762 2563 909 2604 afferunt,
924 2572 1026 2603 neque
1043 2561 1211 2602 quicquam
1228 2560 1358 2591 laedunt.
1381 2565 1490 2591 contra
1505 2569 1579 2590 vero
1588 2569 1660 2590 cum

190 2611 334 2651 petulans
349 2619 381 2645 ct
395 2617 639 2648 contumeliosus
663 2617 762 2648 Amor
785 2617 817 2648 in
840 2616 914 2647 anni
938 2616 1130 2657 temporibus
1154 2614 1312 2656 praevalet‚
1335 2612 1449 2655 injuria
1471 2613 1569 2644 multa
1590 2623 1661 2645 cor·
1695 2612 1697 2615 ’

189 2666 315 2707 rumpit.
361 2668 470 2701 Pestes
486 2670 640 2712 siquidem
657 2683 693 2703 ex
709 2671 757 2702 his
780 2670 851 2702 oriri
867 2674 1108 2707 consueverunt,
1123 2667 1239 2710 aliique
1263 2667 1361 2699 morbi
1377 2665 1523 2710 permulti
1538 2671 1570 2698 et
1585 2667 1662 2702 varii

188 2720 286 2752 brutis
301 2732 338 2754 ac
353 2723 469 2765 plantis
484 2725 615 2757 innasci.
639 2726 786 2768 quoniam
805 2725 926 2767 pruina,
943 2724 1071 2766 glacies,
1092 2723 1210 2765 grando
1227 2727 1431 2764 segetumque
1453 2720 1611 2762 rubigines
1625 2725 1659 2752 ct

188 2776 371 2815 putredines
386 2789 423 2810 ex
440 2779 642 2811 immoderato
658 2786 690 2812 et
705 2780 876 2812 excedente
889 2779 1074 2821 qualitatum
1092 2787 1194 2809 amore
1205 2776 1396 2819 proveniunt
1410 2787 1418 2806 :
1441 2776 1613 2817 horumque
1624 2779 1659 2806 et

187 2830 257 2860 coeli
283 2837 385 2863 motus
399 2838 432 2864 et
447 2833 520 2865 anni
537 2839 711 2876 temporum
728 2834 860 2867 scientia
883 2833 1084 2865 Astronomia
1108 2836 1218 2864 vocata
1234 2835 1293 2862 est.
1337 2830 1492 2862 Praeterea
1507 2827 1659 2860 sacrificia

188 2885 306 2927 omnia,
323 2892 355 2918 et
368 2887 434 2929 illa,
448 2888 561 2930 quibus
575 2889 756 2920 vaticinium
773 2895 897 2931 praeest,
913 2887 1148 2920 communiones
1164 2885 1311 2917 videlicet
1325 2883 1464 2915 Deorum
1484 2882 1663 2913 hominum-

189 2949 250 2980 que
274 2940 419 2980 iuviccm,
435 2943 517 2974 circa
532 2943 608 2974 nihil
625 2943 712 2975 aliud
730 2948 900 2981 versantur,
916 2953 1009 2986 quam
1025 2942 1136 2974 amoris
1151 2940 1342 2973 curationem
1358 2943 1453 2979 atquc
1469 2935 1660 2970 custodiam.

186 2994 288 3026 erunis
304 2995 387 3028 euim
403 2996 548 3039 impietas
565 3003 638 3031 tunc
654 2998 782 3037 accidit,
798 2998 926 3041 quando
942 2997 1012 3041 quis
1035 2996 1176 3029 modesto
1200 2993 1295 3028 amori
1318 2992 1400 3025 haud
1416 2990 1573 3033 indulget.
1596 3000 1656 3023 ¹³0⁸
