1846 3268
189 259 267 299 164
661 251 885 298 INCERTI
915 251 1188 292 AUCToms
1557 255 1656 308 [367

189 361 274 395 Hir.
296 360 436 392 Maxime
453 358 604 391 omnium.
649 357 707 389 So.
731 355 850 398 Siquis
865 366 939 401 ergo
957 360 988 388 te
1004 361 1217 398 percontetur,
1234 361 1279 388 ter
1293 356 1497 400 septingenta
1511 363 1664 399 quantum

189 415 371 458 compleant
396 423 571 450 numerum,
597 422 716 448 nonne,
744 411 839 442 modo
863 410 953 448 velis,
979 411 1120 442 omnium
1145 421 1240 454 quarn
1262 411 1405 443 ocissime
1420 417 1515 454 atque
1531 412 1665 445 maxime

173 480 264 502 ,vera
277 470 327 510 *de
353 469 409 510 his>
426 467 656 510 respondebis?
704 465 785 497 Huv.
810 464 951 510 Prorsus.
995 465 1049 497 So.
1072 465 1229 508 Nunquid
1252 477 1289 497 ex
1318 477 1356 498 eo
1378 467 1466 509 quod
1494 466 1577 499 circa
1606 467 1666 499 ista

190 523 432 566 potentissimus
448 527 481 554 et
495 520 748 563 sapientissimus
763 530 796 552 es
813 520 824 550 ?
869 518 955 551 Hn‘.
978 518 1117 562 Nempe.
1163 520 1220 551 So.
1243 519 1355 552 Utrum
1371 519 1619 562 sapientissimus
1633 531 1668 552 es

191 587 228 610 ac
246 577 482 619 potentissimus
497 575 676 607 duntaxat?
700 584 742 605 an
757 575 851 606 etiam
869 573 954 606 circa
968 573 1079 605 eadem
1104 574 1256 616 optimus,
1282 574 1364 606 circa
1380 585 1450 616 quae
1465 575 1621 617 sapientia
1636 580 1669 607 et

191 631 337 674 potentia
353 635 494 673 praestas,
520 630 582 662 hoc
605 634 666 667 est,
691 629 723 660 in
743 629 880 660 numeris
903 628 1150 670 computandis?
1196 628 1280 660 Hu’.
1306 627 1346 659 Et
1373 629 1511 670 optimus
1526 617 1668 671 insuper,

192 686 350 718 Socrates.
395 684 452 716 So.
474 683 558 716 Vera
573 683 679 726 itaque
704 683 744 714 de
772 683 819 714 his
843 693 907 725 prae
931 683 1043 714 ceteris
1066 682 1199 714 maxime
1225 681 1331 714 dicere
1355 683 1484 725 posses?
1507 693 1548 714 nn
1578 684 1668 714 non?

194 739 279 772 Hn’.
302 738 390 771 Reor
406 738 566 780 equidem.
612 738 670 769 So.
692 736 747 768 An
763 741 796 768 et
817 737 895 768 salsa
919 737 1002 769 circa
1025 736 1160 768 eadem?
1205 735 1278 778 Age
1298 746 1396 777 nunc,
1420 736 1551 779 Hippia,
1576 742 1612 768 ut
1637 742 1670 768 et

193 805 302 837 supra,
317 804 467 836 generose
482 793 712 835 magnificeque
726 792 894 834 responde.
940 791 975 823 Si
987 791 1057 834 quis
1071 795 1203 834 quaerat,
1218 795 1264 822 ter
1277 791 1478 833 septingenta
1491 795 1569 834 quot
1583 795 1669 828 sunt,

194 855 298 882 utrum
314 850 383 891 ipse
400 848 531 880 maxime
547 848 588 879 de
603 847 651 878 his
663 847 836 884 mentieris,
860 856 897 879 ac
921 856 1046 888 semper
1060 846 1234 877 secundum
1250 846 1361 877 eadem
1376 845 1455 877 falsa
1476 845 1517 876 de
1532 844 1581 876 his
1596 855 1669 887 pro-

194 904 369 942 nuntiabis,
385 896 510 935 mentiri
526 902 634 933 volens
659 907 691 932 et
717 910 878 943 nunquam
894 911 968 932 vera
992 900 1158 942 proferre?
1182 910 1222 931 an
1247 899 1302 942 qui
1327 909 1526 931 numerorum
1541 898 1669 941 ignarus

193 963 254 995 est,
269 957 386 1000 poterit
398 957 498 998 magis
512 956 634 988 mentiri
650 966 745 997 quam
757 960 804 992 tu,
828 954 927 997 [367]
951 955 1026 985 dum
1054 953 1180 986 mentiri
1194 953 1305 985 voles?
1327 953 1377 984 vel
1394 953 1500 995 potius
1522 953 1671 995 ignorans

194 1023 280 1054 saepe
306 1012 381 1043 dum
396 1011 483 1042 volet
507 1010 585 1042 salsa
610 1009 761 1052 proferre,
783 1019 856 1040 vera
881 1009 962 1040 forte
985 1013 1097 1050 praeter
1120 1007 1308 1039 sententiam
1333 1007 1481 1049 proferet,
1505 1006 1582 1048 quia
1605 1017 1670 1038 rem

194 1066 295 1108 ipsam
310 1066 434 1108 ignoret
448 1076 456 1096 :
479 1070 514 1096 tu
530 1074 602 1096 vero
618 1069 689 1096 curn
706 1063 833 1105 sapiens
846 1062 900 1100 sis,
917 1072 1040 1104 semper
1052 1062 1138 1101 Vdum
1163 1060 1288 1093 mentiri
1302 1060 1400 1098 voles,
1427 1060 1568 1092 similiter
1583 1071 1672 1092 men-

191 1120 305 1152 tieris?
350 1119 433 1151 Hm.
457 1118 516 1150 Est
531 1124 565 1150 ut
575 1118 669 1150 dicis.
713 1117 772 1150 So.
796 1117 940 1149 Mendax
955 1117 1064 1159 itaque
1081 1123 1183 1147 utrum
1200 1115 1359 1148 circassalia
1375 1115 1509 1147 mendax
1523 1120 1584 1154 est,
1605 1125 1671 1147 non

195 1179 302 1206 tamen
317 1173 401 1206 circa
417 1183 574 1210 numeros,
590 1182 695 1215 neque
710 1173 751 1204 de
766 1182 897 1204 numero
913 1171 1104 1204 mentietur?
1150 1169 1233 1203 Hn».
1258 1170 1360 1202 Immo
1370 1174 1405 1201 et
1418 1169 1501 1202 circa
1515 1179 1675 1204 nmneros.

194 1229 252 1261 So.
277 1228 438 1259 Ponamus
453 1228 548 1269 igitur
562 1228 635 1264 hoe,
650 1227 785 1268 Hippia,
799 1227 883 1258 circa
899 1225 1170 1268 computationem
1196 1235 1233 1257 ac
1258 1235 1420 1256 numerum
1445 1224 1584 1267 aliquem
1604 1235 1672 1257 esse

194 1283 396 1315 mendacem.
442 1280 527 1314 Hu’.
549 1281 654 1314 Certe.
700 1282 756 1314 So.
779 1281 862 1319 Quis
875 1280 973 1323 igitur
988 1280 1040 1313 hic
1055 1279 1134 1312 erit?
1159 1290 1288 1311 necesse
1302 1284 1351 1311 est
1365 1283 1402 1310 ut
1422 1279 1543 1312 mentiri
1559 1279 1674 1321 possit,

194 1341 233 1367 ut
246 1337 315 1378 ipse
329 1336 471 1373 dicebas,
497 1336 522 1367 si
537 1336 673 1368 mendax
688 1335 810 1368 futurus
825 1341 886 1368 est.
930 1334 1058 1378 Nempe
1073 1335 1176 1366 abste
1203 1334 1324 1366 dictum
1347 1338 1411 1374 est,
1437 1333 1462 1365 si
1487 1333 1671 1371 recordaris,

195 1402 269 1422 eum
283 1392 341 1434 qui
354 1390 478 1423 mentiri
493 1396 642 1433 nequeat,
658 1401 721 1422 non
738 1401 806 1422 esse
821 1391 1017 1422 mendacem.
1061 1388 1143 1420 Hrr’.
1167 1388 1333 1420 Recordor
1343 1388 1504 1429 equidem,
1519 1393 1615 1429 atque
1627 1387 1672 1419 ita

196 1445 329 1478 dictum.
375 1446 432 1477 So.
456 1444 573 1477 Nonne
584 1445 682 1487 paulo
698 1450 772 1477 ante
788 1445 944 1486 constitit,
960 1449 992 1475 te
1007 1453 1076 1475 esse
1091 1443 1132 1474 ad
1158 1442 1374 1474 mentiendum
1398 1443 1431 1473 in
1450 1442 1675 1484 computandis

194 1499 333 1531 numeris
348 1499 598 1542 potentissimum
612 1500 623 1530 ?
669 1499 752 1531 Hn’.
774 1499 825 1531 Ita
840 1499 961 1531 dictum
978 1498 1038 1530 fuit
1053 1503 1085 1531 et
1095 1497 1192 1530 istud.
1238 1497 1297 1530 So.
1324 1496 1408 1528 Num
1423 1501 1456 1529 et
1469 1507 1564 1539 quam
1585 1507 1673 1528 max·

196 1554 259 1586 ime
275 1565 308 1586 es
324 1554 363 1586 ad
380 1565 452 1585 vera
467 1554 655 1596 proferenda
681 1554 722 1586 de
746 1554 885 1586 numeris
909 1553 1021 1585 iisdem
1047 1552 1184 1595 potens?
1230 1551 1312 1584 Hu’.
1338 1550 1456 1583 Valde.
1498 1550 1557 1582 So.
1580 1550 1672 1582 Idem

195 1619 271 1650 ergo
300 1608 565 1650 potestmaxime
589 1609 622 1640 in
644 1609 860 1651 computando
877 1618 949 1640 vera
970 1606 1059 1650 loqui
1085 1612 1181 1649 atque
1205 1605 1340 1638 mentiri.
1364 1605 1390 1637 is
1414 1610 1519 1637 autem
1546 1610 1596 1637 est
1617 1605 1675 1648 qui

196 1663 300 1694 bonus
316 1668 364 1694 est
382 1663 415 1694 in
434 1663 584 1700 numeris,
600 1663 750 1694 videlicet
773 1667 984 1704 computator.
1029 1661 1113 1693 Hu’.
1135 1662 1189 1694 Sic
1215 1661 1357 1693 omnino.
1401 1660 1458 1693 So.
1481 1659 1563 1697 Quis
1577 1659 1674 1702 igitur

196 1716 291 1754 alius,
305 1716 438 1759 Hippia,
454 1717 486 1748 in
502 1718 719 1759 computando
731 1717 768 1748 fit
783 1718 929 1759 mendax,
945 1716 1007 1748 nisi
1019 1715 1074 1759 qui
1090 1717 1129 1748 ad
1145 1716 1230 1747 idern
1244 1715 1367 1747 bonus?
1384 1714 1436 1747 hic
1450 1714 1534 1746 enim
1547 1719 1675 1756 potens,

196 1770 250 1803 hic
265 1776 298 1803 et
311 1782 412 1805 verax.
458 1771 540 1804 ΗΠ).
563 1771 723 1815 Apparet.
765 1772 822 1804 SO.
846 1772 958 1804 Cernis
973 1772 1111 1803 eundem
1128 1781 1268 1802 veracem
1286 1780 1354 1802 esse
1368 1769 1402 1801 in
1417 1769 1466 1802 his
1481 1774 1576 1812 atque
1585 1779 1674 1801 men·

199 1825 324 1864 dacem,
347 1830 381 1857 et
396 1825 495 1857 nihilo
511 1826 670 1858 meliorem
686 1826 838 1859 mendace
853 1827 923 1869 ipso
939 1837 1081 1859 veracem
1097 1836 1175 1859 esse.
1197 1825 1291 1857 iidem
1308 1834 1444 1866 namque
1471 1829 1556 1864 sunt,
1569 1833 1674 1866 neque

198 1880 293 1911 valde
309 1880 470 1918 contrarii,
494 1885 532 1912 ut
555 1885 590 1911 tu
616 1891 719 1923 nuper
744 1880 957 1913 existimabas.
1002 1880 1085 1913 Hn‘.
1109 1880 1206 1912 Haud
1222 1883 1306 1912 certe
1321 1879 1454 1911 nuncin
1468 1878 1518 1910 his
1530 1883 1675 1921 apparet.

198 1935 256 1966 So.
279 1934 379 1966 Visne
403 1934 436 1966 in
458 1934 528 1966 aliis
553 1945 682 1977 quoque
705 1935 963 1967 consideremus?
1009 1935 1092 1966 Hrr.
1126 1934 1174 1966 Ut.
1203 1934 1302 1965 lubet.
1347 1931 1400 1966 So.
1435 1931 1554 1964 Nonne
1579 1942 1614 1964 es
1640 1936 1675 1964 et

198 1989 379 2031 geometriae
395 1989 512 2032 peritus
528 1989 540 2021 Ξ
585 1989 668 2020 Hn’.
692 1989 781 2022 Sum.
827 1989 884 2020 So.
909 1988 962 2020 An
977 1999 1041 2020 non
1050 1988 1135 2020 idem
1144 1987 1180 2019 in
1194 1986 1367 2030 geometria
1380 1986 1558 2028 contingit?
1580 1996 1674 2028 porro

198 2042 285 2074 idem
302 2043 380 2074 falsa
405 2054 501 2085 quam
526 2044 660 2076 maxime
684 2044 725 2075 de
748 2043 855 2085 figuris
881 2043 1084 2085 pronuntiare
1106 2047 1224 2084 potest,
1239 2043 1343 2084 quiet
1357 2052 1440 2074 vera.
1463 2046 1512 2074 est
1526 2046 1632 2073 autem
1647 2041 1674 2074 is

200 2102 373 2138 geometra.
416 2097 500 2130 ΗΠ).
523 2098 681 2131 Profecto,
727 2098 784 2131 So.
807 2097 861 2130 An
886 2098 965 2130 alius
989 2098 1030 2129 ad
1056 2098 1125 2130 haec
1154 2102 1267 2139 praeter
1295 2098 1380 2129 hunc
1409 2096 1534 2128 bonus?
1587 2095 1675 2129 Hir.

199 2151 276 2183 Non
301 2152 394 2186 alius.
439 2153 496 2198 So.
519 2153 636 2184 Nonne
651 2153 753 2184 bonus
767 2163 804 2188 ac
820 2152 945 2195 sapiens
960 2157 1119 2195 geometra
1133 2157 1265 2194 utraque
1280 2156 1386 2194 potest
1399 2151 1410 2182 ?
1433 2156 1468 2184 et
1480 2151 1507 2183 si
1517 2150 1676 2193 quisalius

200 2206 235 2237 in
250 2206 358 2248 figuris
373 2208 520 2246 mendax,
536 2207 563 2240 is
580 2207 714 2239 maxime
726 2207 782 2250 qui
797 2207 829 2239 in
842 2208 953 2239 iisdem
969 2211 1018 2239 est
1033 2207 1145 2239 bonus.
1169 2207 1221 2239 bic
1245 2207 1400 2249 siquidem
1425 2211 1551 2248 potens.
1573 2205 1675 2238 malus

200 2266 306 2293 autem
316 2262 356 2294 ad
371 2262 589 2294 mentiendum
603 2262 763 2305 impotens
777 2274 784 2293 :
808 2272 912 2304 neque
927 2272 1066 2305 unquam
1082 2262 1118 2293 fit
1134 2262 1267 2294 mendax
1283 2261 1339 2304 qui
1354 2266 1402 2292 est
1415 2261 1575 2303 impotem
1586 2269 1675 2292 men-

199 2316 312 2353 tiendi,
324 2321 360 2347 ut
374 2322 422 2348 est
437 2327 632 2350 concessum.
677 2316 760 2349 Hu’.
785 2317 868 2349 Sunt
880 2318 949 2348 haec
964 2327 1047 2348 vera.
1090 2317 1147 2350 So.
1170 2316 1312 2348 Tertium
1325 2316 1455 2357 insuper
1469 2315 1674 2357 inspicimus

201 2374 433 2402 astronomum:
456 2382 551 2414 quarn
566 2372 636 2414 ipse
652 2376 748 2403 artem
764 2371 862 2413 magis
877 2371 973 2403 etiarn
996 2381 1091 2414 quam
1120 2370 1218 2413 [368]
1243 2370 1418 2412 superiores
1431 2369 1526 2407 soles,
1540 2368 1675 2411 Hippia,

200 2424 352 2466 profiteri.
375 2425 485 2457 sicne?
530 2425 619 2458 ΗΠ».
642 2425 695 2458 Sic
711 2431 806 2458 certe.
851 2426 907 2458 So.
930 2425 985 2457 An
1001 2436 1064 2457 non
1073 2426 1184 2457 eadem
1199 2425 1231 2456 in
1249 2424 1451 2456 Astronomia
1465 2422 1674 2466 contingunt?

200 2478 284 2509 ΗΠ).
308 2478 566 2511 Consentaneum
591 2486 651 2518 est,
677 2491 696 2512 o
722 2481 877 2514 Socrates.
921 2479 976 2514 So.
1001 2480 1106 2518 Quare
1131 2486 1164 2512 et
1185 2479 1219 2511 in
1242 2479 1431 2511 astronomia
1453 2478 1571 2521 siquis
1594 2477 1675 2510 alius

201 2532 349 2571 mendax,
364 2533 391 2564 is
406 2533 466 2565 erit
480 2535 624 2572 maxime,
639 2535 694 2578 qui
710 2536 811 2567 bonus
826 2540 1033 2569 astronomus.
1077 2535 1160 2569 Hn‘.
1182 2535 1215 2566 Is
1231 2545 1366 2577 namque
1389 2534 1515 2566 mentiri
1537 2543 1675 2566 summo-.-

201 2597 276 2628 pere
292 2592 407 2629 potest.
430 2598 536 2631 neque
550 2589 634 2621 enim
650 2590 706 2632 qui
720 2589 879 2632 impotens
893 2594 961 2622 est:
985 2590 1013 2621 is
1030 2590 1114 2622 enim
1129 2589 1248 2621 inscius
1263 2594 1323 2622 est.
1368 2588 1424 2620 So.
1447 2588 1538 2620 Idem
1550 2598 1627 2631 ergo
1641 2593 1676 2620 et

199 2639 234 2672 in
250 2642 440 2673 astronomia
456 2653 546 2675 verax
561 2644 620 2676 erit
633 2649 667 2676 et
681 2645 830 2678 mendax.
874 2644 957 2677 ΗιΡ.
981 2644 1127 2676 Videtur.
1172 2644 1229 2676 So.
1253 2644 1334 2686 Age,
1350 2643 1483 2686 Hippia,
1499 2642 1614 2685 passim
1629 2641 1674 2674 its

201 2705 258 2737 per
273 2706 382 2727 omnes
397 2697 546 2729 scientias
561 2698 679 2741 cogita,
690 2710 767 2731 num
782 2700 827 2731 ita
843 2699 884 2732 sit
898 2709 939 2731 an
952 2699 1052 2731 aliter.
1075 2710 1148 2730 nam
1162 2704 1236 2730 ante
1252 2698 1331 2730 alios
1346 2708 1454 2730 omnes
1470 2696 1611 2740 plurimis
1624 2706 1674 2728 ar·

200 2749 285 2781 tibus
299 2761 332 2782 es
348 2755 496 2783 ornatus:
522 2754 789 2794 quemadmodum
809 2765 870 2796 ego
896 2759 927 2786 te
944 2754 1136 2796 quandoque
1155 2753 1329 2795 jactantem
1352 2751 1471 2790 audivi,
1487 2751 1572 2794 quod
1588 2750 1674 2793 sapi·

201 2804 287 2835 entia
301 2806 400 2836 multa
413 2807 655 2850 exoptandaque
669 2818 732 2850 praa
748 2809 859 2840 ceteris
875 2809 1063 2850 abundares,
1075 2814 1107 2840 et
1123 2809 1154 2839 in
1171 2809 1238 2839 foro
1251 2808 1331 2839 inter
1344 2816 1463 2838 mensas
1478 2805 1673 2847 disputando

201 2857 468 2893 deambulantem.
493 2861 638 2903 adjecisti
654 2868 817 2906 praeterea,
831 2869 863 2896 te
878 2865 1039 2906 quondam
1056 2863 1262 2906 Olympicum
1279 2861 1394 2894 adiisse
1408 2865 1579 2898 certamen.
1603 2870 1674 2892 cor·

202 2912 286 2954 poris
313 2919 424 2947 ornatu
445 2917 674 2958 spectandum3
699 2923 732 2949 et
757 2919 863 2950 omnia
888 2919 1026 2961 corporis
1052 2922 1236 2950 ornamenta
1253 2916 1382 2959 propriis
1397 2915 1540 2947 manibus
1564 2914 1673 2946 confe-

199 2967 287 3000 cisse.
334 2968 438 3010 'fi-imp
461 2970 591 3014 quidem
618 2971 747 3006 anulum
769 2984 863 3016 quern
890 2974 1040 3013 habebas,
1063 2972 1156 3017 (hinc
1179 2971 1262 3004 enim
1290 2969 1443 3013 coepisti‚)
1466 2974 1553 3003 tuum
1579 2968 1674 3005 sulm
