1846 3268
224 259 304 299 354.
820 255 1085 296 PLATONIS
1586 257 1688 311 [244

224 362 356 394 rendum
370 371 493 401 censes,
509 360 586 403 quid
609 358 742 391 maxime
768 359 942 401 significare
957 359 1058 391 veiint
1083 359 1139 402 qui
1166 359 1246 390 iliud
1272 359 1460 390 enuntiant?
1506 358 1695 399 HQPlane

225 415 421 456 intellexisti,
445 415 618 447 Theaetete.
643 414 692 445 aio
715 413 876 456 equidem,
891 414 936 444 ita
961 422 1020 444 nos
1041 414 1203 455 disputare
1227 414 1354 452 debere,
1370 424 1406 446 ac
1434 414 1462 445 si
1476 413 1700 455 adessentilii,

226 474 322 511 atque
334 469 378 500 ita
393 469 582 511 interrogare
596 480 603 499 ε
628 468 658 499 Ο
683 478 752 509 vos,
766 467 948 510 quicunque
972 467 1110 499 calidum
1132 473 1166 499 et
1187 467 1336 509 frigidum
1352 472 1407 499 aut
1422 468 1526 510 aliqua
1540 468 1605 499 duo
1620 467 1697 499 talia

226 527 343 554 cuncta
356 533 423 554 esse
439 521 633 559 asseveratis,
648 521 726 564 quid
746 522 808 552 hoc
833 521 867 551 in
889 520 1041 552 ambobus
1056 521 1189 552 existere
1205 521 1312 558 vultis,
1327 521 1475 563 quotiens
1489 521 1583 552 ambo
1602 525 1700 562 atque

227 580 386 618 utrunque
411 586 479 607 esse
501 576 702 618 praedicatis?
725 575 786 607 hoe
806 575 909 616 ipsum
936 574 1027 615 Esse,
1041 574 1119 617 quid
1144 585 1164 606 a
1177 575 1268 606 nobis
1283 575 1417 617 intelligi
1433 576 1541 616 debet,
1555 585 1627 607 cum
1643 585 1701 607 vos

228 629 373 672 profertis
386 629 398 660 ?
420 635 523 661 utrum
536 630 660 661 tertium
676 629 828 671 quiddam
843 633 955 670 praeter
971 628 1026 659 illa
1040 629 1106 660 duo
1119 628 1131 660 ?
1155 629 1242 671 quod
1258 628 1282 660 si
1297 628 1343 661 ita
1357 634 1417 668 est,
1432 629 1492 660 tria
1506 638 1618 671 genera
1627 627 1697 670 jam

228 684 400 715 secundum
415 694 484 725 vos,
499 694 567 716 non
581 684 783 715 duotantum
801 682 948 724 ponenda
964 681 1122 714 videntur.
1145 683 1194 714 sin
1209 687 1314 714 autem
1330 682 1461 714 aiterum
1475 692 1494 714 e
1508 682 1633 714 duobus
1647 682 1698 724 ip-

227 747 296 768 sum
312 748 368 769 ens
383 737 515 776 vocatis,
530 738 614 770 haud
637 737 779 768 similiter
802 741 933 778 utraque
955 747 1023 767 esse
1045 735 1172 768 dicetis.
1195 741 1361 778 utrumque
1385 736 1469 768 enim
1490 747 1588 768 unum
1603 740 1698 773 esset,

228 801 294 822 non
319 791 396 823 duo.
439 791 529 824 Tru-2.
550 791 636 822 Vera
658 789 806 832 loqueris.
850 789 919 821 Ηο.
941 789 1098 831 Nunquid
1123 790 1215 821 ambo
1238 800 1293 821 ens
1319 800 1432 822 vocare
1447 789 1564 822 vultis?
1606 789 1696 822 Tut-

229 845 384 878 Forsitan.
429 845 495 878 Ho.
519 844 565 876 At
578 855 635 876 nos
647 844 687 876 ad
703 854 769 882 eos,
784 855 804 875 ο
819 842 925 880 amici,
940 843 1093 880 dicemus.
1118 843 1216 886 [244]
1239 845 1300 876 boc
1309 854 1436 886 quoque
1449 844 1541 876 modo
1552 844 1617 875 duo
1627 844 1697 874 haec

228 909 326 931 unum
342 899 541 933 affirmamus.
586 898 673 931 Tun.
696 898 800 930 Recte
823 897 928 928 infers.
973 896 1040 929 Ηο.
1064 897 1238 940 Postquam
1261 898 1354 939 igitur
1380 909 1439 929 nos
1454 897 1487 929 in
1502 898 1563 929 hoc
1577 896 1698 929 defeci-

229 964 311 994 mus,
323 964 380 985 vos
394 954 505 985 saltem
525 952 616 984 nobis
637 952 678 983 ad
700 950 917 983 sufficientiam
940 950 1110 993 declarate,
1123 951 1202 993 quid
1227 951 1289 983 hoc
1304 951 1430 982 nomine
1453 962 1509 982 ens
1523 951 1699 993 significare

230 1007 337 1044 vultis,
349 1017 420 1038 cum
435 1007 469 1039 id
484 1006 706 1049 pronuntiatis.
728 1010 853 1038 constat
867 1005 950 1036 enim
967 1015 1022 1036 vos
1039 1004 1163 1046 jamdiu
1181 1005 1304 1036 novisse
1318 1016 1325 1036 :
1350 1015 1408 1036 nos
1423 1010 1527 1037 autem
1545 1005 1702 1036 hactenns

232 1059 311 1092 scire
326 1061 518 1102 putavimus,
539 1071 623 1092 nunc
646 1059 848 1091 haesitamus:
873 1059 1076 1101 quamobrem
1100 1059 1160 1090 hoc
1186 1069 1243 1090 nos
1258 1058 1290 1089 in
1306 1057 1413 1100 primis
1427 1059 1553 1097 docete,
1567 1069 1608 1090 ne
1622 1058 1700 1090 dum

230 1125 303 1157 quae
317 1115 450 1152 traditis,
464 1115 584 1147 discere
599 1115 776 1156 opinamur,
786 1124 845 1145 nos
859 1113 969 1155 opinio
984 1113 1083 1144 fallat.
1127 1113 1161 1144 Si
1173 1113 1240 1144 haec
1251 1112 1411 1154 exigamus
1425 1117 1488 1144 tam
1503 1111 1591 1144 abiis
1605 1122 1700 1154 quam

231 1169 272 1199 ab
295 1167 375 1206 aliis,
395 1168 448 1210 qui
476 1168 546 1210 plus
570 1179 662 1210 quam
689 1178 784 1199 unum
807 1167 911 1209 ipsum
937 1177 1030 1198 omne
1054 1171 1190 1209 ponunt,
1205 1166 1350 1209 nunquid
1376 1167 1569 1198 errabimus?
1611 1166 1699 1198 Tan.

231 1222 370 1254 Minime
384 1222 536 1254 omnium.
580 1222 647 1254 Ηο.
671 1222 758 1260 Quid
774 1222 813 1253 ad
830 1233 897 1263 eos,
910 1221 967 1263 qui
989 1232 1082 1253 omne
1105 1232 1202 1252 unum
1227 1231 1294 1252 esse
1321 1220 1471 1252 tradunt?
1492 1230 1599 1252 nonne
1613 1230 1702 1263 quo-

232 1276 365 1308 rendum
382 1286 437 1317 pro
453 1275 583 1317 viribus,
604 1276 681 1318 quid
697 1286 752 1307 ens
767 1276 870 1317 ipsum
886 1275 1018 1308 dicant?
1062 1274 1150 1308 Tira.
1173 1274 1238 1307 Cur
1251 1274 1341 1305 non?
1386 1274 1454 1306 Ho.
1475 1273 1528 1306 Ad
1543 1275 1611 1306 haee
1625 1283 1702 1316 ergo

234 1329 459 1371 respondeant,
476 1329 584 1362 Unum
597 1329 704 1361 dicitis
719 1340 786 1361 csse
801 1329 902 1360 solum
915 1330 926 1360 ἓ
971 1328 1132 1370 Dicimus,
1145 1329 1392 1371 respondebunt.
1415 1338 1457 1360 an
1482 1327 1570 1359 non?
1612 1327 1702 1359 Trin-

234 1383 297 1416 Ita.
341 1382 407 1415 Ηο.
431 1383 496 1415 Ens
521 1383 640 1425 aliquid
656 1384 799 1415 vocatis?
842 1384 930 1415 Tun.
956 1383 1061 1415 Certe.
1105 1383 1173 1416 Ηο.
1194 1383 1349 1425 Nunquid
1371 1383 1455 1414 idem
1478 1382 1565 1425 quod
1591 1392 1703 1419 unum,

235 1436 415 1468 nominibus
437 1439 476 1468 ad
493 1437 575 1469 idem
589 1437 714 1468 duobus
729 1442 853 1468 utentes
866 1437 877 1467 ?
902 1447 941 1467 an
957 1436 1042 1467 aliud
1055 1437 1066 1467 ?
1111 1436 1197 1468 Tnn.
1221 1437 1310 1474 Quid
1326 1437 1366 1468 ad
1381 1437 1462 1474 haec,
1475 1437 1602 1478 hospes,
1618 1435 1639 1466 ii
1656 1445 1703 1467 re·

236 1490 439 1532 spondebunt
454 1490 465 1521 ?
511 1490 579 1522 Ηο.
603 1490 708 1527 Patet,
724 1500 743 1521 o
757 1490 931 1527 Theoetete,
948 1489 1046 1527 illum,
1062 1489 1116 1531 qui
1132 1491 1192 1521 hoc
1205 1489 1382 1532 supposuit,
1393 1501 1458 1522 non
1470 1489 1564 1522 facile
1574 1490 1614 1520 ad
1629 1489 1707 1520 istas

237 1545 378 1586 aliasque
391 1544 587 1586 objectiones
602 1543 785 1587 hujusmodi
800 1554 1031 1586 responsurum.
1073 1543 1160 1576 Tur-2.
1183 1543 1256 1581 Qua
1271 1544 1412 1575 ratione?
1457 1543 1525 1576 Ηο.
1547 1543 1623 1575 Duo
1635 1543 1708 1585 qui-

237 1599 312 1630 dem
327 1599 455 1630 nomina
470 1598 626 1637 confiteri,
640 1609 711 1630 cum
727 1609 825 1630 unum
841 1598 995 1630 duntaxat
1009 1603 1155 1640 ponatur,
1170 1598 1337 1630 absurdum
1350 1603 1410 1630 est.
1450 1597 1539 1630 Tun.
1559 1596 1680 1635 Quidni
1693 1597 1706 1627 ἓ

238 1652 307 1684 Ηο.
331 1652 420 1691 Quin
443 1652 537 1684 etiam
563 1653 691 1684 dicente
713 1653 832 1695 aliquo,
848 1653 934 1695 quod
956 1662 1072 1683 nomen
1097 1652 1227 1694 aiiquod
1244 1657 1304 1689 est,
1320 1651 1484 1683 admittere
1500 1650 1708 1682 temerarium.

235 1706 327 1740 Tan.
351 1706 425 1744 Quo
441 1707 560 1748 pacto?
605 1706 674 1740 Ηο.
696 1706 761 1744 Qui
785 1706 877 1748 ponit
899 1717 1015 1738 nornen
1039 1716 1058 1737 a
1079 1717 1112 1737 re
1137 1706 1305 1743 diversum,
1321 1706 1386 1737 duo
1405 1705 1549 1748 quoedam
1572 1702 1709 1736 inducit.

235 1759 324 1792 Trnz.
345 1759 450 1792 Patet.
494 1760 562 1792 Ηο.
584 1761 739 1792 Praeterea
762 1760 788 1791 si
811 1761 894 1791 idem
910 1771 981 1792 cum
997 1771 1030 1792 re
1048 1770 1163 1792 nomen
1178 1771 1244 1792 esse
1260 1760 1420 1797 concedit,
1432 1763 1560 1802 cogetur
1572 1757 1620 1789 vel
1635 1756 1707 1788 nui-

237 1813 298 1846 lius
313 1825 381 1847 esse
395 1825 533 1846 nomen:
557 1815 607 1846 vei
634 1814 660 1845 si
681 1814 827 1857 alicujus,
843 1814 979 1846 nominis
1001 1826 1115 1846 nomen
1141 1825 1209 1846 esse
1230 1814 1334 1852 fateri,
1348 1813 1475 1845 alterius
1489 1823 1562 1844 vero
1586 1821 1706 1854 nequa-

237 1878 345 1910 quam.
401 1868 488 1900 Tun.
510 1869 564 1900 Sic
586 1873 645 1900 est.
698 1868 766 1900 Ηο.
788 1868 832 1900 Et
855 1880 950 1900 unum
974 1869 1067 1900 unius
1089 1880 1145 1900 ens
1168 1868 1288 1900 solum:
1309 1873 1342 1900 et
1364 1869 1424 1899 hoc
1445 1866 1580 1898 nominis
1601 1866 1707 1908 ipsum

237 1933 335 1954 unum
350 1932 419 1953 ens.
460 1922 548 1955 Tra.
571 1922 710 1954 Necesse
726 1927 785 1955 est.
830 1922 897 1954 Ho.
920 1922 1008 1959 Quid
1026 1933 1129 1964 porro,
1145 1927 1246 1953 totum
1261 1923 1302 1953 ab
1317 1926 1390 1953 ente
1405 1932 1469 1952 uno
1482 1921 1651 1958 diversum,
1665 1930 1707 1951 an

237 1976 323 2007 idem
350 1975 481 2007 dicent?
524 1976 612 2009 Tmz.
634 1975 700 2008 Cur
724 1987 790 2007 non
811 1975 947 2008 dixerint
966 1977 978 2007 ?
1001 1976 1113 2008 dicunt
1134 1976 1230 2009 enim.
1275 1976 1342 2007 Ηο.
1365 1975 1399 2007 Si
1422 1986 1496 2017 ergo
1521 1980 1624 2007 totum
1647 1979 1709 2011 est,

238 2030 505 2073 quemadmodum
528 2029 633 2071 inquit
656 2030 882 2062 Parmenides:
907 2030 1054 2072 AEqualis
1081 2031 1224 2073 undique
1254 2031 1383 2072 sphaerae
1407 2029 1484 2060 moli
1507 2028 1665 2072 persimile
1688 2038 1708 2060 a

239 2083 346 2115 medio
360 2083 400 2115 ad
412 2084 692 2116 circumferentiam
704 2085 831 2126 penitus
841 2095 932 2127 aeque
943 2085 1061 2116 distans
1074 2096 1082 2115 :
1105 2095 1145 2116 eo
1157 2095 1294 2127 namque
1310 2094 1413 2126 neque
1424 2083 1526 2125 majus
1539 2082 1709 2125 quicquam

238 2147 344 2179 neque
358 2137 520 2179 potentius
534 2143 603 2168 est=
626 2137 835 2169 necessarium
849 2143 910 2176 est,
925 2138 966 2169 ob
982 2138 1076 2169 talem
1090 2137 1370 2170 circumferentiam
1385 2138 1487 2179 ipsum
1499 2147 1556 2169 ens
1570 2137 1710 2168 medium

240 2195 417 2222 extremave
432 2190 604 2228 lrabere,et
626 2190 743 2223 iccirco
767 2191 907 2233 partibus
929 2202 1057 2234 quoque
1079 2196 1236 2224 constare.
1280 2191 1369 2225 Tun.
1393 2191 1446 2223 Sic
1461 2195 1598 2234 oportet.
1641 2190 1710 2229 HQ.

240 2244 341 2286 [2⁴5]
363 2243 463 2286 Atqui
478 2244 557 2275 nihil
574 2244 732 2287 prohibet,
752 2244 857 2286 ipsum
881 2245 1017 2277 divisum
1044 2245 1077 2276 in
1103 2245 1243 2288 partibus
1269 2245 1413 2277 omnibus
1427 2245 1605 2288 passionem
1619 2245 1714 2277 unius

242 2298 420 2337 admittere,
433 2303 528 2341 atque
554 2299 615 2331 hoc
637 2300 733 2330 modo
747 2304 780 2330 et
795 2309 887 2330 omne
903 2309 960 2330 ens
975 2304 1008 2331 et
1022 2304 1123 2330 totum
1140 2310 1236 2330 unum
1252 2299 1395 2331 existere.
1437 2299 1524 2332 Trut-
1546 2298 1636 2331 Nihil
1652 2309 1712 2341 pe-

243 2353 340 2386 nitus.
385 2352 452 2386 Ηο.
475 2353 574 2392 Quod
589 2358 694 2384 autem
710 2354 778 2385 haec
793 2353 924 2395 patitur,
939 2364 978 2385 an
995 2364 1058 2385 non
1074 2353 1268 2396 impossibile
1284 2358 1333 2385 est
1352 2353 1384 2384 id
1401 2353 1502 2395 ipsum
1517 2363 1614 2384 unum
1629 2363 1710 2385 esse.

241 2407 331 2440 Tun.
351 2407 482 2445 Quare?
526 2407 594 2440 Ho.
618 2407 704 2444 Quia
725 2408 898 2439 secundum
913 2417 1016 2439 veram
1044 2407 1196 2438 rationem
1223 2407 1412 2449 impartibile
1436 2407 1565 2438 omnino
1591 2417 1622 2446 rc
1637 2416 1712 2439 vera

244 2472 342 2493 unum
352 2465 401 2493 est
415 2461 610 2503 ponendum.
656 2461 744 2494 Tun.
769 2461 906 2504 Oportet
931 2471 1018 2494 sane.
1064 2461 1132 2493 Ho.
1157 2461 1254 2499 Quod
1272 2471 1343 2492 vero
1359 2461 1422 2493 tale
1436 2466 1495 2499 est,
1510 2466 1547 2492 ut
1560 2471 1598 2492 ex
1614 2459 1710 2502 pluri·

244 2515 304 2547 bus
318 2515 460 2558 partibus
471 2520 679 2557 construatur,
693 2526 765 2547 cum
782 2515 923 2547 universa
933 2515 1053 2547 ratione
1063 2515 1189 2547 minime
1202 2515 1398 2547 consonabit.
1442 2515 1492 2546 Tri
1498 2525 1530 2548 Β.
1551 2514 1715 2557 Intelligo.

244 2569 311 2602 Ηο.
333 2569 446 2600 Utrum
473 2573 573 2601 totum
593 2569 695 2612 ipsum
719 2569 813 2602 unius
836 2569 992 2612 recipiens
1016 2569 1208 2612 passionem,
1222 2570 1269 2601 ita
1291 2574 1324 2600 et
1345 2579 1443 2600 unum
1467 2573 1501 2600 et
1514 2573 1616 2600 totum
1629 2568 1712 2600 erit?

244 2622 296 2654 vel
309 2622 437 2654 omnino
453 2633 518 2654 non
533 2623 668 2656 dicimus
682 2624 786 2666 ipsum
802 2635 899 2656 unum
916 2628 1016 2655 totum
1031 2623 1186 2655 existere?
1230 2623 1318 2656 Tris.
1344 2623 1514 2666 Optionem
1536 2613 1714 2664 ambiguam

247 2676 452 2719 proposuisti.
497 2676 564 2711 Ηο.
588 2677 674 2710 vera
687 2689 805 2710 narras.
826 2689 961 2720 cumque
986 2688 1044 2709 ens
1067 2689 1166 2710 unum
1190 2688 1258 2710 csse
1280 2677 1437 2715 admittat,
1452 2687 1508 2709 cur
1531 2687 1595 2708 non
1610 2686 1667 2708 ens
1681 2681 1715 2708 et

247 2741 346 2762 unum
374 2730 460 2762 idem
482 2736 626 2773 apparet,
651 2737 685 2763 et
706 2732 797 2774 plura
823 2733 942 2769 onmia.
966 2743 1060 2775 quam
1089 2743 1199 2773 unum,
1229 2732 1342 2764 erunt?
1385 2732 1471 2764 Tus.
1494 2731 1600 2764 Certe.
1644 2730 1712 2763 Ηο.

249 2784 347 2821 Quod
364 2784 390 2815 si
403 2795 460 2817 ens
475 2784 515 2815 sit
526 2773 599 2816 non‘
607 2790 719 2822 toturn.
734 2796 772 2817 ex
787 2796 826 2817 eo
842 2787 927 2828 quod
943 2786 1027 2817 illius
1050 2785 1220 2828 susceperit
1235 2784 1424 2827 passionem,
1439 2785 1480 2815 sit
1491 2789 1595 2816 nutem
1609 2783 1713 2825 ipsum

249 2843 364 2880 totum,
379 2838 523 2880 indigum
533 2849 589 2870 ens
599 2839 647 2870 sui
660 2840 758 2881 ipsius
772 2840 915 2874 efficitur.
959 2840 1048 2872 Tun.
1071 2840 1224 2874 Maxime.
1269 2840 1336 2871 Ηο.
1361 2838 1526 2870 Enimvero
1541 2837 1714 2871 secundum

249 2893 337 2935 hunc
362 2902 532 2924 sermonem
556 2903 627 2923 cum
653 2893 756 2935 scipso
784 2894 932 2935 privetur,
960 2905 1022 2925 non
1046 2905 1102 2926 ens
1126 2894 1185 2926 erit
1208 2904 1263 2926 ens
1288 2894 1401 2936 ipsum.
1444 2892 1532 2923 Tun.
1554 2890 1714 2931 Sequitur.

253 2945 321 2979 Ηο.
346 2946 454 2989 Atque
469 2947 511 2978 ita
535 2956 638 2978 rursus
656 2948 760 2979 omnia
778 2947 866 2990 plura
881 2958 975 2991 quam
991 2959 1087 2981 unum
1100 2948 1246 2990 existent,
1263 2958 1333 2980 cum
1358 2951 1419 2978 tam
1437 2956 1493 2978 ens
1508 2955 1599 2990 quam
1615 2949 1716 2978 totum
1748 2976 1753 2981 ,
