1846 3268
187 267 265 305 386
787 265 1051 307 PLAT0N1s
1558 270 1652 324 [291

188 370 281 401 tant?
327 369 385 401 So.
406 369 496 407 Quos
512 369 606 411 dicis,
628 374 661 400 et
684 378 815 411 quarum
839 380 939 402 rerum
963 371 1236 413 suppeditatores?
1282 372 1387 406 Hosiv.
1411 372 1522 405 Genus
1537 383 1655 416 proeco-

188 433 263 454 num
280 423 420 466 inquam,
435 429 468 455 et
481 434 599 460 eorum,
615 423 670 464 qui
681 422 838 465 sapienter
849 424 932 456 circa
945 425 1088 466 publicas
1099 426 1204 458 literas
1215 426 1462 468 subministrant,
1470 427 1655 461 nonnullos*

187 488 251 519 que
286 478 363 509 alios
387 478 515 509 solertes
541 487 641 508 rerum
666 477 706 508 ad
735 478 916 520 principum
947 478 1151 512 ministerium
1183 481 1405 523 pertinentium
1436 480 1656 514 elaboratores.

188 531 274 569 Quid
292 532 333 564 de
348 532 395 563 his
408 532 590 569 dicendum,
617 532 782 563 Socrates?
827 532 885 564 So.
909 532 1005 570 Quod
1021 538 1054 564 et
1069 534 1136 576 ipse
1152 535 1290 573 dicebas,
1306 535 1462 566 ministros
1488 545 1566 572 esse,
1589 545 1656 568 non

186 585 345 627 principes
357 585 531 618 civitatum.
576 585 685 616 HosP.
707 584 803 616 Haud
817 585 856 616 ab
869 596 913 626 re,
928 591 965 617 ut
977 586 1116 624 arbitror,
1127 588 1161 618 in
1175 589 1383 630 superioribus
1395 589 1460 621 dixi
1475 589 1656 622 inventuros

186 641 320 672 noallac
338 640 460 671 ratione
476 640 640 682 plerosque
655 640 696 671 de
720 639 804 671 civili
828 641 990 672 curatione
1015 641 1217 674 vehementes
1239 648 1488 675 concertatores:
1513 643 1655 686 quamvis

186 694 354 725 absurdum
370 694 465 726 alicui
489 693 587 726 videri
610 693 720 736 possit,
745 705 799 725 eos
825 694 858 725 in
885 695 1093 726 ministrorum
1120 706 1249 728 numero
1279 708 1427 739 quaerere.
1471 697 1526 730 So.
1551 697 1656 729 Valde

187 747 328 788 quidem.
373 748 482 781 HosP.
505 747 703 780 Accedamus
720 753 868 790 praeterea
885 749 1013 792 propius
1028 750 1067 781 ad
1084 761 1149 788 eos,
1163 751 1217 793 qui
1235 752 1374 782 nondum
1388 751 1555 783 examinati
1571 756 1657 782 sunt.

187 802 221 832 hi
243 812 316 834 vero
338 808 422 840 suut,
445 803 501 845 qui
525 803 608 834 circa
623 803 802 835 vaticinium
830 803 948 834 habent
974 804 1114 836 scientiae
1137 805 1270 847 alicujus
1292 805 1439 837 ministrae
1462 805 1656 847 particulam.

187 856 485 898 Interpretes'enim
500 857 675 888 divinorum
701 857 741 888 ad
757 857 900 888 homines
922 858 954 888 hi
981 864 1158 892 censentur.
1203 859 1260 891 So.
1285 859 1390 892 Certe.
1435 859 1542 891 HosP.
1567 859 1656 897 Quin

189 910 283 942 etiam
300 911 496 943 sacerdotum
521 921 630 952 genus,
647 915 682 942 ut
706 911 776 953 lege
801 912 944 949 liabetur¹
965 912 1114 954 iutelligit
1140 913 1309 956 docetque,
1331 924 1394 955 quo
1417 918 1510 955 pacto
1526 913 1658 944 donaria

189 964 251 995 diis
266 970 299 996 et
313 975 399 997 sacra
414 965 477 996 sint
498 965 660 996 offerenda
674 975 683 996 t
708 965 782 996 item
798 975 862 1007 qua
876 965 997 997 ratione
1013 967 1190 998 vovendum
1206 966 1257 1006 sit,
1282 967 1398 1007 quidve
1421 966 1494 997 boni
1509 966 1550 997 sit
1563 976 1583 997 a
1597 966 1657 998 diis

178 1019 373 1059 petendum.
397 1019 477 1050 Haec
493 1024 596 1050 autem
613 1019 705 1050 ambo
722 1018 951 1057 ministratoriae
965 1019 1038 1050 artis
1052 1025 1155 1060 partes
1167 1025 1252 1052 sunt.
1297 1019 1354 1052 So.
1378 1019 1522 1051 Videtur.
1545 1019 1656 1051 Hos».

188 1071 260 1103 Jam
277 1072 371 1114 igitur
385 1073 550 1115 vestigium
566 1073 726 1115 quoddam
743 1072 826 1115 ejus,
850 1073 935 1115 quod
958 1072 1195 1115 investigamus,
1218 1073 1371 1116 attingere
1385 1073 1536 1107 videmur.
1559 1073 1657 1115 figura

189 1136 325 1168 namque
339 1127 535 1158 sacerdotum
551 1131 583 1156 et
599 1131 704 1156 vatum
721 1125 976 1167 magnanimitate
1003 1125 1272 1169 intelligentiaque
1294 1131 1327 1158 et
1349 1127 1489 1159 claritate
1505 1127 1658 1165 abundat,

187 1185 318 1221 propter
331 1190 439 1211 eorum
455 1189 525 1221 quae
541 1179 768 1220 aggrediuntur
783 1179 1061 1221 magnificentiam.
1086 1180 1288 1222 Quapropter
1303 1181 1387 1222 apud
1409 1181 1578 1223 AEgyptios
1593 1191 1658 1212 non

188 1233 264 1265 licet
280 1244 383 1276 regem
399 1234 517 1275 absque
532 1233 706 1264 sacerdotio
726 1231 888 1274 imperare.
911 1232 988 1275 quin
1012 1233 1122 1274 immo,
1139 1233 1165 1264 si
1179 1245 1216 1265 ex
1237 1234 1299 1265 alio
1319 1245 1432 1276 genere
1448 1234 1603 1277 quispiam
1627 1234 1658 1266 vi

188 1298 319 1329 regnum
346 1292 486 1330 usurpet,
514 1287 637 1328 cogitur
663 1291 734 1328 post
748 1287 838 1329 regni
865 1287 1110 1328 assumptionem
1134 1288 1227 1319 sacris
1240 1287 1369 1326 initiari,
1392 1294 1427 1319 ut
1453 1299 1504 1320 rex
1519 1288 1658 1331 denique

187 1342 230 1374 sit
244 1347 277 1373 et
286 1342 446 1374 sacerdos.
492 1341 647 1373 Praeterea
671 1341 702 1372 in
720 1341 862 1383 plurimis
879 1341 1060 1373 Graecorum
1087 1342 1280 1381 civitatibus,
1297 1343 1383 1385 apud
1401 1353 1454 1374 vos
1477 1342 1658 1385 praesertim,-

188 1397 323 1442 reperies
337 1396 497 1438 praecipua
518 1405 602 1426 sacra
618 1405 636 1426 a
653 1394 882 1437 magistratibus
905 1396 1032 1427 summis
1061 1395 1194 1428 institui.
1218 1407 1290 1428 nam
1314 1402 1347 1428 et
1372 1398 1458 1439 apud
1481 1407 1536 1428 vos
1550 1396 1656 1433 fertur,

189 1456 295 1483 creato
308 1451 374 1493 regi
390 1451 489 1492 patria
512 1455 544 1481 et
566 1450 730 1481 sollemnia
757 1460 842 1482 sacra
865 1450 1008 1487 maxima,
1032 1455 1065 1482 et
1087 1450 1252 1493 purissima
1275 1451 1405 1483 aliorum
1429 1451 1567 1484 omniurn
1591 1461 1659 1483 esse

189 1505 316 1536 tributa.
361 1505 416 1538 So.
440 1504 482 1535 Et
508 1504 642 1536 maxime
666 1505 806 1546 quidem.
851 1505 958 1538 Hosr.
980 1505 1050 1536 Hos
1072 1505 1168 1548 [291]
1191 1506 1298 1548 itaque
1324 1511 1406 1538 sorte
1430 1511 1550 1538 creatos
1571 1515 1660 1547 reges

190 1560 443 1601 sacerdotesque,
458 1563 490 1590 et
504 1569 611 1590 eorum
626 1558 796 1595 ministros,
813 1570 872 1590 nec
888 1569 952 1590 non
968 1559 1059 1590 aliam
1076 1561 1235 1601 quandam
1247 1560 1440 1602 frequentem
1450 1561 1571 1591 turbam
1583 1569 1659 1591 con-

192 1612 327 1646 siderare
342 1614 507 1650 debemus,
521 1621 593 1654 quae
609 1622 710 1654 nuper
724 1612 852 1643 semotis
876 1612 1086 1655 superioribus
1100 1613 1135 1644 in
1152 1613 1253 1645 lucem
1276 1613 1373 1646 venit.
1417 1614 1474 1646 So.
1499 1613 1588 1651 Quos
1610 1613 1660 1644 in·-

191 1667 286 1709 quis?
333 1667 442 1699 Hosr.
465 1667 567 1698 Miros
589 1667 742 1708 quosdam
767 1666 907 1708 inquam.
953 1667 1009 1700 So.
1033 1667 1269 1706 Quamobrem?
1314 1667 1422 1700 Hosl’.
1445 1668 1548 1699 Modo
1573 1666 1662 1709 cogi·

189 1722 271 1753 tanti
283 1722 359 1753 mihi
374 1721 562 1753 multiforme
579 1722 688 1752 horum
713 1732 812 1763 genus
828 1726 970 1764 apparet.
1017 1721 1116 1753 Multi
1140 1733 1178 1753 ex
1193 1722 1264 1753 viris
1280 1721 1406 1754 leonum
1432 1721 1548 1753 similes
1569 1721 1660 1759 fiunt,

189 1781 473 1818 centaurorumque
489 1776 682 1817 aliorumque
705 1775 910 1817 hujusmodi:
936 1775 1059 1818 plurimi
1081 1776 1177 1808 etiam
1200 1781 1373 1819 satyrorum
1396 1775 1661 1817 imbecilliumque

190 1835 223 1862 et
237 1830 472 1862 multiformium
498 1830 686 1862 bestiarum:
713 1830 840 1872 citoque
865 1835 1074 1862 transmutant
1100 1839 1132 1862 et
1147 1831 1301 1863 alternant
1316 1831 1451 1863 invicem
1465 1830 1551 1862 ideas
1566 1834 1661 1872 atque

190 1884 361 1926 potentias.
405 1884 573 1916 Enimvero
599 1895 684 1916 nunc
701 1885 837 1926 primum
864 1884 1020 1926 ejusmodi
1044 1885 1137 1923 viros,
1161 1896 1179 1916 ο
1203 1885 1357 1923 Socrates,
1379 1885 1572 1927 excogitasse
1587 1883 1663 1915 mihi

190 1938 309 1970 videor.
353 1938 410 1972 So.
431 1938 508 1977 Dic,
534 1940 678 1970 obsecro.
699 1939 816 1970 videris
839 1938 923 1970 enirn
953 1940 1063 1970 mirum
1090 1939 1240 1981 quiddam
1269 1951 1354 1971 nunc
1382 1939 1509 1972 intueri.
1554 1938 1663 1972 Hosn-

190 1992 350 2025 Profecto.
396 1992 480 2024 Nam
496 1997 532 2024 ut
544 1993 655 2024 mirum
671 1992 793 2034 aliquid
809 1993 972 2035 contingat
986 1994 1088 2030 nobis,
1105 1993 1259 2035 ignoratio
1271 2003 1393 2035 semper
1412 1993 1519 2024 efficit.
1564 1992 1663 2034 Atqui
1687 1985 1690 1988 ’

190 2046 266 2077 mihi
285 2047 378 2078 modo
395 2047 478 2078 idem
502 2047 649 2089 contigit.
673 2051 803 2089 repente
826 2057 962 2089 namque
978 2052 1014 2078 ut
1029 2047 1217 2088 ambigerem
1233 2047 1361 2089 accidit,
1376 2057 1447 2078 cum
1463 2046 1591 2078 chorum
1605 2053 1662 2078 nc-

192 2101 347 2142 gotiorum
362 2100 500 2133 civilium
515 2101 664 2133 intuerer.
710 2101 766 2132 So.
790 2101 893 2138 Quem
906 2102 922 2132 ?·
963 2101 1069 2132 Hosr.
1093 2101 1268 2132 Maximum
1285 2100 1498 2143 Sopliistarnm
1523 2100 1662 2132 omnium

190 2155 460 2197 praestigiatorem,
476 2155 633 2197 hujusque
647 2155 720 2185 artis
735 2165 800 2196 prae
825 2155 936 2187 ceteris
962 2155 1182 2196 peritissimum
1197 2167 1204 2186 :
1229 2165 1326 2198 quem
1349 2155 1522 2187 discernere
1537 2154 1630 2186 decet
1643 2164 1664 2186 a

191 2209 265 2240 viris
281 2219 312 2240 re
327 2219 400 2240 vera
415 2209 509 2250 regiis
524 2213 620 2250 atque
635 2208 791 2246 civilibus,
807 2209 949 2250 quamvis
963 2209 1095 2240 arduum
1122 2209 1154 2240 id
1170 2209 1223 2246 sit,
1240 2209 1266 2239 si
1282 2209 1376 2239 modo
1392 2209 1478 2251 quod
1493 2207 1663 2251 quaerimus

191 2263 358 2305 perspicue
373 2273 562 2305 cognoscere
578 2261 733 2296 volumus.
778 2262 835 2294 So.
858 2262 958 2294 Nullo
982 2263 1077 2294 modo
1093 2264 1152 2294 hoc
1176 2262 1409 2294 dimittendum.
1453 2262 1563 2294 Hosr.
1586 2261 1663 2293 Non

192 2321 291 2357 certe,
305 2321 341 2347 ut
356 2316 496 2348 arbitror.
541 2315 591 2347 Ac
607 2315 685 2347 mihi
699 2316 798 2348 dicas.
845 2317 900 2348 An
917 2327 981 2347 non
1007 2317 1199 2354 monarchia,
1216 2316 1249 2348 id
1271 2321 1319 2348 est
1345 2315 1537 2358 principatus
1559 2314 1664 2354 unius,

193 2380 257 2401 una
272 2371 416 2412 quaedam
433 2375 480 2402 est
494 2370 754 2412 gubernationum
770 2370 907 2402 civilium
920 2371 931 2402 ?
976 2370 1033 2402 So.
1057 2371 1126 2403 Est.
1172 2370 1281 2404 Hosr.
1303 2370 1381 2401 Post
1395 2370 1476 2401 hanc
1491 2375 1662 2411 paucorum

193 2424 367 2466 potentiam
385 2435 502 2466 ponere
517 2435 691 2466 possumus.
724 2425 780 2457 So.
804 2425 898 2458 Sane.
928 2424 1036 2457 Hosr.
1057 2425 1193 2456 Tertiam
1205 2434 1276 2456 vcro
1290 2423 1499 2455 multitudinis
1511 2423 1664 2465 guberna·

194 2477 326 2516 tionem,
341 2489 434 2520 quam
451 2479 633 2521 popularem
650 2485 776 2512 vocant.
821 2479 878 2512 So.
902 2478 1042 2511 Prorsus.
1087 2478 1196 2511 Hosr.
1219 2478 1337 2510 Nonne
1351 2483 1410 2509 tres
1427 2477 1495 2509 istae
1511 2477 1664 2520 quodam-

195 2532 292 2564 modo
315 2533 456 2575 quinque
483 2533 574 2570 fiunt,
602 2543 674 2565 curu
698 2534 762 2565 duo
789 2534 918 2566 nomina
941 2545 978 2565 ex
1007 2544 1040 2565 se
1065 2533 1192 2575 insuper
1215 2533 1360 2575 pariant?
1406 2531 1462 2563 So.
1486 2531 1665 2570 Quaenam?

196 2586 302 2618 How.
325 2587 406 2620 Cum
423 2587 672 2619 animadvertant
686 2587 813 2630 plurimi
829 2587 935 2620 invitis
951 2588 998 2620 vel
1015 2587 1194 2619 volentibus
1206 2586 1349 2629 imperari
1367 2596 1470 2628 posse,
1485 2589 1519 2617 et
1533 2585 1602 2627 lege
1616 2580 1669 2617 vel*

196 2640 324 2672 arbitrio
340 2640 506 2683 praesidere
524 2642 699 2684 contingat,
715 2647 748 2674 et
763 2653 919 2685 pauperes
933 2653 1000 2675 esse
1015 2641 1070 2684 qui
1086 2646 1225 2684 praesunt
1247 2641 1296 2672 vel
1312 2640 1429 2672 divitiis
1443 2639 1483 2670 ad
1499 2638 1663 2681 imperium

196 2694 300 2732 evehi,
315 2695 394 2726 duas
408 2694 440 2725 in
456 2694 578 2736 species
593 2700 656 2726 tam
681 2695 773 2727 unius
788 2707 880 2738 quam
897 2705 1066 2739 paucorum
1084 2695 1234 2726 dividunt
1249 2695 1471 2737 principatum.
1515 2692 1560 2724 Et
1574 2691 1666 2724 unius

197 2749 325 2791 quidem
342 2748 552 2791 principatum
578 2749 611 2780 in
628 2761 755 2792 regnum
779 2756 812 2782 et
835 2751 1034 2793 tyrannidem
1061 2750 1252 2792 partiuntur.
1296 2749 1351 2782 So.
1377 2747 1509 2790 Utique.
1554 2745 1664 2779 Hosi’.

198 2802 468 2835 Gubernationem
483 2813 567 2840 vero,
591 2813 662 2846 quae
678 2805 787 2846 paucis
802 2805 916 2847 agitur,
932 2805 964 2837 in
980 2815 1149 2847 paucorum
1174 2803 1346 2845 potentiam
1362 2807 1396 2834 et
1420 2801 1592 2844 potentiam
1607 2810 1667 2843 op·

199 2857 354 2891 timatum.
386 2857 443 2889 So.
468 2856 618 2891 Omnino.
651 2857 758 2891 Hosp-
782 2859 947 2902 Popularia
963 2870 1034 2891 vero
1053 2857 1286 2901 gubernationis
1301 2866 1415 2888 nomen
1440 2855 1544 2887 nullus
1559 2854 1667 2897 utique

202 2915 320 2943 mutare
336 2911 505 2954 aliquando
521 2912 696 2948 consuevit.
711 2913 777 2945 sive
793 2919 908 2955 sponte
923 2924 978 2946 seu
995 2914 1025 2945 vi
1041 2913 1178 2956 populus
1193 2911 1343 2944 divitibus
1358 2909 1543 2953 quibusdam
1567 2908 1665 2951 [292]

200 2965 377 3005 pra‘sideat,
394 2966 458 2997 sive
476 2966 547 3008 lege
564 2977 616 2998 seu
642 2968 766 2998 arbitrio
782 2974 878 3009 regat.
926 2969 980 2999 So.
1007 2969 1087 3000 Vera
1106 2977 1219 3000 narras.
1266 2965 1373 2998 llosr.
1397 2962 1667 3004 Nunqnidexisti·
