1846 3268
171 301 240 352 34]
614 294 896 337 APOLOGIA
924 295 1207 337 SOCRATIS.
1557 303 1629 343 141

173 407 268 435 testes
290 401 378 434 vobis
401 404 494 434 erunt
519 398 676 442 permiti.
722 397 776 430 An
798 409 872 440 ergo
893 398 1023 440 putatis,
1046 404 1092 431 tot
1115 410 1214 433 annos
1230 409 1279 433 me
1295 400 1448 435 victurum
1475 403 1582 442 fuisse,
1606 406 1635 438 si

172 456 300 499 publica
315 455 535 490 tractavissem,
552 453 689 494 bonique
702 452 758 483 viri
773 451 876 483 officio
893 451 1043 493 fungens,
1061 453 1194 495 justitioe
1209 455 1393 496 suffragatus
1408 467 1518 496 essem,
1531 464 1638 501 atque,

175 516 211 542 ut
232 513 366 551 oportet,
389 519 486 539 unum
511 507 545 538 id
570 507 706 538 officium
743 506 889 537 omnibus
913 507 1143 547 praetulissem?
1188 508 1381 544 Permultum
1403 511 1502 549 abest,
1531 523 1551 543 o
1580 514 1640 547 viri

173 563 402 601 Athenienses:
426 573 530 603 neque
551 562 635 592 enim
658 561 737 595 alius
753 561 921 602 quisquam
937 561 1096 595 hominum
1111 562 1155 592 ita
1171 573 1205 593 se
1228 573 1349 602 gerens,
1370 564 1425 596 diu
1446 565 1549 597 salvus
1570 577 1637 599 esse

174 618 338 660 potuisset.
362 616 437 658 [33]
461 615 506 649 At
521 624 580 657 ego
603 626 659 657 per
682 625 807 646 omnem
823 615 929 652 vitam,
955 614 1057 646 sicubi
1080 616 1207 657 publica
1229 617 1360 648 tractavi
1382 619 1522 662 negotia,
1545 620 1640 652 talem

173 681 223 704 me
246 670 388 713 praestiti,
411 675 445 704 et
468 669 611 711 privatim
635 669 718 700 idem
745 669 826 710 ipse,
853 668 971 699 nemini
995 679 1132 709 unquam
1155 675 1267 711 praeter
1289 671 1322 702 id
1338 672 1422 713 quod
1435 672 1556 713 justum
1579 680 1639 713 est,

173 726 362 763 concedens,
374 725 424 756 vel
440 724 521 762 aliis,
536 724 584 755 vel
602 725 710 754 horum
726 722 832 760 alicui,
848 733 927 764 quos
942 722 976 760 ii,
1002 723 1059 764 qui
1075 734 1123 754 me
1145 724 1359 763 criminantur,
1383 736 1468 758 meos
1488 727 1643 759 affirmant

155 779 241 813 'esse
254 778 440 821 discipulos.
485 778 554 820 Ego
568 783 673 810 autem
689 777 805 808 nullius
823 787 958 818 unquam
974 781 1150 818 praeceptor
1168 777 1225 809 fui.
1269 778 1330 810 Sed
1348 780 1374 810 si
1396 780 1466 821 quis
1481 782 1641 814 dicentem

174 844 224 866 me
238 844 361 865 ac’mea
375 837 560 864 tractantem
575 832 683 863 audire
698 830 899 868 desideravit,
915 831 979 862 sive
990 830 1108 872 junior,
1132 832 1198 863 sive
1215 832 1328 870 senior,
1354 833 1432 864 nulli
1454 845 1591 876 unquam
1606 837 1640 868 id

171 888 296 930 negavi.
341 887 454 929 Neque
470 897 542 918 vero
557 886 583 917 is
598 897 657 928 ego
673 896 753 923 sum,
767 885 822 927 qui
837 885 981 927 pecuniis
997 885 1136 927 acceptis
1149 886 1317 927 disputem,
1333 897 1397 918 non
1413 888 1551 930 acceptis
1566 900 1640 921 vero

173 946 312 974 taceam:
336 942 391 973 sed
403 941 518 983 pariter
532 940 623 972 diviti
637 945 733 982 atque
755 938 887 981 pauperi
910 939 1162 980 interrogandum
1186 950 1235 971 me
1256 941 1405 982 praebeo3
1428 952 1465 973 ac
1485 943 1591 982 etiam,
1615 944 1642 976 si

171 995 242 1038 quis
258 996 477 1037 respondendo
492 995 600 1027 audire
617 994 705 1032 velit,
727 1005 797 1036 quae
819 994 905 1028 dico.
950 993 992 1025 Et
1013 993 1038 1024 si
1058 993 1128 1036 quis
1152 995 1261 1025 horum
1285 995 1399 1035 probus
1415 995 1482 1033 fiat,
1497 998 1545 1028 vel
1562 1008 1639 1036 non,

171 1050 256 1084 haud
266 1049 355 1092 juste
377 1050 495 1082 crimen
521 1049 674 1081 subirem:
699 1048 820 1091 quippe
841 1059 914 1080 cum
936 1047 1016 1079 nulli
1036 1059 1172 1090 unquam
1198 1048 1372 1079 doctrinam
1386 1049 1436 1080 vel
1460 1046 1641 1083 tradiderim

172 1105 282 1144 ullam,
297 1104 346 1136 vel
363 1103 563 1146 promiserim.
603 1103 699 1141 Quod
715 1103 740 1133 si
753 1102 824 1145 quis
839 1102 962 1139 dixerit,
979 1103 1122 1143 privatim
1137 1112 1157 1134 a
1171 1113 1220 1134 me
1235 1103 1407 1145 quidquam
1419 1104 1466 1136 vel
1481 1105 1640 1142 didicisse,

174 1158 222 1190 vel
247 1158 383 1196 audisse,
407 1158 493 1199 quod
519 1167 578 1189 nec
603 1157 674 1189 aliis
699 1156 846 1188 omnibus
870 1167 1037 1189 commune
1059 1156 1199 1194 fecerim,
1226 1167 1291 1188 non
1311 1149 1417 1189 verum
1443 1158 1532 1192 dicit.
1576 1161 1641 1192 Sed

173 1222 267 1254 quam
282 1213 323 1243 ob
338 1222 463 1244 causam
479 1211 608 1253 quidam
625 1221 694 1243 mea
709 1210 940 1242 consuetudine
957 1209 1166 1248 oblectentur,
1182 1221 1201 1241 ο
1216 1210 1273 1241 viri
1289 1210 1510 1250 Athenienses,
1522 1213 1641 1245 audite.

174 1265 312 1297 Omnino
327 1276 433 1297 verum
447 1271 507 1303 est,
521 1266 610 1307 quod
625 1266 714 1296 vobis
728 1275 821 1307 supra
836 1264 994 1300 dicebam,
1010 1263 1160 1295 delectari
1174 1264 1329 1302 homines,
1344 1275 1415 1296 cum
1430 1267 1642 1308 redargutioni

170 1330 278 1352 eorum
293 1320 419 1357 adsunt,
434 1319 489 1361 qui
503 1329 548 1357 se,
563 1330 634 1351 cum
657 1329 722 1350 non
737 1319 810 1355 sint,
826 1318 1005 1350 existimant
1020 1318 1188 1359 sapienteS.
1236 1318 1293 1349 Est
1307 1318 1390 1350 enim
1406 1330 1452 1351 res
1467 1330 1530 1351 non
1555 1321 1642 1364 inju-

171 1373 296 1406 cunda:
321 1373 399 1404 mihi
415 1382 498 1409 vero,
521 1377 556 1403 ut
570 1371 647 1409 dixi,
672 1382 690 1404 a
705 1371 777 1403 Deo
793 1371 936 1412 injuncta
951 1377 983 1402 et
999 1381 1053 1412 per
1067 1371 1226 1409 vaticinia,
1252 1377 1283 1403 et
1299 1383 1354 1414 per
1375 1374 1507 1412 somnia,
1531 1379 1563 1406 et
1585 1386 1641 1417 per

172 1437 296 1460 omnem
313 1426 452 1463 modum,
483 1436 536 1467 per
551 1436 645 1467 quem
661 1426 767 1467 aliqua
783 1425 845 1457 alis
857 1435 922 1457 sors
937 1425 1043 1456 divina
1059 1425 1178 1456 homini
1192 1425 1362 1467 quidquam
1379 1428 1533 1459 mandarit
1545 1440 1640 1471 agena-

170 1481 259 1514 dum.
305 1480 396 1519 Haec,
421 1491 441 1511 ο
457 1479 516 1512 viri
537 1479 760 1517 Athenienses,
783 1485 816 1511 et
830 1490 902 1510 vers
917 1484 1003 1516 sunt,
1029 1484 1063 1510 et
1084 1479 1176 1511 facile
1197 1481 1368 1521 arguenda.
1413 1481 1591 1521 Enimvero,
1614 1485 1643 1516 si

170 1545 230 1576 ego
242 1533 395 1576 juvenum
408 1534 486 1567 alios
501 1534 630 1576 quidem
645 1544 729 1565 nunc
744 1543 922 1574 corrumpo,
937 1532 1016 1564 alios
1028 1542 1100 1565 vero
1107 1533 1231 1575 jamdiu
1244 1535 1380 1576 corrupi,
1395 1541 1641 1569 consentaneum

170 1594 263 1625 esset,
279 1593 315 1620 ut
328 1599 412 1621 nunc
427 1588 551 1620 illorum
566 1587 664 1631 aliqui
685 1587 822 1619 seniores
845 1585 934 1625 facti,
957 1587 1106 1628 quoniam
1129 1587 1352 1630 intelligerent,
1376 1599 1424 1620 me
1451 1589 1511 1621 sibi
1532 1591 1641 1623 adole-

171 1643 331 1677 scentibus
350 1642 429 1674 male
450 1641 657 1682 consuluisse,
681 1647 789 1674 contra
814 1651 865 1673 me
890 1641 1098 1683 insurgerent,
1120 1652 1157 1674 ac
1181 1652 1287 1683 poenas
1311 1643 1528 1684 deposcerent.
1557 1650 1591 1676 at
1614 1645 1642 1681 si

171 1697 232 1739 ipsi
247 1697 379 1734 nollent,
393 1697 502 1728 saltem
519 1697 708 1729 necessarios
723 1696 847 1728 illorum
863 1696 998 1738 aliquos,
1013 1701 1115 1736 patres
1131 1700 1164 1727 et
1185 1695 1304 1733 fratres,
1329 1701 1362 1727 et
1386 1696 1464 1728 alios
1478 1703 1642 1739 cognatos,

173 1751 199 1782 si
213 1751 292 1792 quid
308 1751 381 1784 mali
405 1761 424 1783 a
449 1761 498 1782 me
522 1761 629 1782 eorum
651 1749 816 1782 necessarii
836 1749 919 1791 passi
943 1749 1086 1786 fuissent,
1109 1759 1350 1781 commemorare
1373 1761 1457 1782 nunc
1480 1756 1513 1784 et
1534 1763 1643 1794 poenas

173 1805 308 1846 exigere.
351 1805 415 1838 Sed
440 1804 554 1835 adsunt
579 1804 641 1842 hic,
663 1815 743 1846 quos
763 1814 870 1844 cerno,
894 1803 1018 1835 illorum
1046 1803 1205 1845 permulti.
1249 1804 1389 1837 Primum
1412 1805 1539 1847 quidem
1554 1807 1643 1839 Crito

170 1859 242 1895 iste,
268 1858 398 1901 aequalis
427 1869 513 1890 meus
539 1863 636 1900 atque
668 1858 862 1895 contribulis,
908 1857 1064 1890 Critobuli
1088 1856 1182 1899 hujus
1207 1862 1305 1899 pater.
1337 1858 1454 1891 deinde
1486 1860 1642 1903 Lysaniae

173 1913 348 1955 Sphettius,
374 1913 519 1944 AEschini
545 1911 638 1954 hujus
663 1917 762 1955 pater.
786 1917 938 1954 praeterea
963 1910 1108 1953 Antipho
1133 1911 1334 1954 Cephisiens,
1363 1918 1453 1955 pater
1478 1913 1642 1956 Epigenis.

170 1966 304 2002 ‚Adsunt
317 1972 350 1998 et
368 1966 434 2004 alii,
459 1977 590 2008 quorum
613 1966 721 1999 fratres
736 1966 930 1999 familiariter
943 1977 994 1998 me
1010 1966 1158 2004 us1sunt,
1183 1965 1395 2005 Nicostratus,
1420 1968 1524 1999 Zotidi
1546 1969 1642 2007 filius,

171 2021 328 2053 Theodoti
342 2022 446 2059 frater,
461 2020 511 2063 (et
524 2021 708 2053 Theodotus
721 2021 849 2063 quidem
862 2020 1031 2052 defunctus
1042 2025 1101 2058 est,
1116 2025 1152 2052 ut
1165 2020 1289 2053 fratrem
1304 2021 1423 2063 precari
1436 2032 1499 2053 non
1515 2022 1643 2065 possit,)

171 2080 206 2108 et
218 2075 348 2107 Paralus
361 2075 424 2113 hic,
440 2075 524 2106 filius
540 2075 732 2113 Demodoci,
746 2075 838 2116 cujus
860 2074 1005 2116 Theages
1028 2075 1121 2107 frater
1140 2079 1226 2106 erat:
1253 2075 1328 2117 [34]
1350 2075 1539 2109 Adimantus
1563 2087 1642 2118 quo-

172 2140 245 2172 que,
261 2129 345 2161 filius
360 2129 529 2166 Aristonis,
545 2128 636 2171 cujus
652 2129 745 2160 frater
760 2136 808 2160 est
823 2129 882 2160 iste
898 2129 991 2160 Plato
1006 2140 1013 2160 ε
1039 2129 1178 2172 denique
1192 2129 1421 2166 AEantodorus,
1437 2129 1527 2171 cujus
1542 2129 1642 2171 Apol-

172 2183 298 2216 lodorus
319 2184 371 2216 hie-
391 2188 438 2216 est
452 2183 556 2215 frater.
600 2182 690 2215 Alios
716 2183 889 2225 permultos
915 2183 1026 2214 referre
1057 2193 1196 2224 possum,
1217 2193 1347 2224 quorum
1373 2194 1469 2214 unum
1492 2184 1641 2226 aliquem,

172 2237 342 2279 prasertim
356 2237 391 2268 in
412 2237 481 2279 ejus
503 2237 656 2275 oratione,
680 2237 821 2278 oportuit
847 2247 866 2268 n
891 2237 1007 2269 Melito
1031 2242 1141 2269 testem
1166 2237 1310 2279 produci.
1353 2236 1398 2268 At
1410 2248 1499 2275 vero,
1523 2238 1549 2269 si
1564 2243 1640 2271 tunc

171 2291 288 2323 oblitus
302 2297 361 2328 est,
386 2302 471 2323 nunc
496 2292 606 2324 saltem
627 2292 802 2334 producat:
826 2302 888 2333 ego
907 2291 1096 2333 permittam.
1118 2291 1239 2328 afferat,
1258 2291 1401 2332 inquam,
1427 2291 1454 2322 si
1476 2292 1553 2333 quid
1577 2293 1641 2324 tale

170 2346 278 2383 habet,
303 2346 336 2378 in
352 2346 502 2378 medium.
546 2347 609 2378 Sed
630 2351 739 2378 contra
754 2346 884 2378 omnino
910 2356 943 2377 se
969 2357 1015 2377 res
1039 2346 1144 2383 habet,
1171 2356 1190 2376 o
1205 2345 1264 2376 viri
1287 2345 1507 2377 Athenienses.
1531 2356 1640 2378 omnes

171 2399 268 2437 enim,
293 2405 331 2430 ut
350 2400 475 2439 videtis,
499 2405 714 2434 convenerunt
738 2401 871 2432 libenter
896 2401 935 2431 ad
963 2411 1056 2442 opem
1081 2399 1159 2432 mihi
1184 2399 1356 2436 ferendam,
1383 2399 1438 2441 qui
1464 2400 1640 2442 corrupisse

173 2464 279 2485 eorum
292 2455 483 2487 necessarios
507 2455 791 2497 detrimentumque
816 2455 971 2492 attulisse,
991 2465 1010 2486 a
1028 2454 1143 2485 Melito
1158 2453 1335 2496 Anytoque
1358 2464 1498 2487 accusor.
1542 2454 1640 2491 Quod

173 2507 200 2538 si
216 2507 290 2549 ipsi,
313 2508 368 2549 qui
385 2509 545 2549 depravati
573 2514 657 2546 sunt,
685 2509 761 2541 mihi
784 2509 1025 2550 opitularentur,
1048 2508 1126 2539 nihil
1153 2508 1263 2538 mirum
1288 2512 1393 2540 esset:
1416 2513 1449 2539 at
1469 2508 1639 2550 propinqui

172 2571 292 2598 eorum,
307 2561 443 2595 seniores
459 2572 477 2593 a
492 2572 541 2593 me
555 2573 717 2604 nunquam
740 2562 916 2605 depravati,
940 2573 1003 2604 qua
1025 2563 1151 2593 tandem
1174 2562 1295 2593 ratione
1321 2562 1397 2592 mihi
1421 2562 1639 2603 suffragantur,

173 2615 234 2647 nisi
249 2620 333 2647 recta
355 2616 490 2656 quadam
517 2621 549 2647 et
565 2616 677 2658 justa?
701 2617 822 2658 quippe
845 2627 916 2648 cum
940 2622 972 2647 et
995 2616 1143 2647 Melitum
1167 2615 1302 2653 mentiri,
1324 2620 1358 2647 et
1379 2626 1428 2646 me
1444 2626 1516 2646 vera
1540 2615 1640 2657 loqui,

170 2673 377 2710 cognoscant·
420 2668 500 2706 Quae
514 2669 610 2711 igitur
625 2680 681 2711 pro
696 2670 880 2702 defensione
896 2680 978 2707 mea,
993 2680 1011 2701 o
1027 2669 1083 2700 viri
1099 2668 1321 2706 Athenienses,
1333 2670 1445 2706 habeo,
1460 2669 1556 2701 ferme
1571 2671 1639 2701 haec

176 2728 262 2763 sunt,
279 2728 311 2755 et
326 2722 387 2754 alia
401 2723 482 2754 forte
504 2723 626 2755 similia.
671 2725 736 2756 Sed
751 2725 853 2756 forsan
869 2729 1003 2756 vestrum
1019 2724 1142 2766 aliquis,
1164 2725 1204 2755 ad
1230 2734 1263 2755 se
1285 2734 1449 2765 moresque
1473 2723 1580 2755 solitos
1606 2734 1639 2754 se

173 2777 342 2819 recipiens,
359 2777 491 2818 graviter
503 2776 594 2814 ferat,
610 2779 708 2819 quod,
722 2789 792 2810 cum
809 2778 977 2810 levioribus
999 2778 1093 2809 etiarn
1116 2778 1148 2808 in
1170 2778 1273 2809 causis
1294 2788 1363 2811 reus
1390 2778 1495 2809 multis
1509 2788 1579 2808 cum
1595 2777 1639 2808 la-

174 2831 288 2873 crymis
301 2831 401 2861 soleat
412 2831 584 2872 deprecari,
598 2836 694 2873 atque
709 2832 897 2874 supplicare,
924 2842 961 2863 ac
977 2832 1057 2863 filios
1070 2831 1104 2863 in
1125 2831 1281 2873 judicium
1297 2831 1481 2873 producere,
1505 2836 1540 2861 ut
1554 2841 1638 2862 com-

174 2885 402 2917 miserationem
430 2890 660 2923 commoveant,
683 2891 715 2917 et
739 2886 817 2918 alios
843 2886 1083 2918 domesticorum
1107 2886 1339 2928 amicorumque
1361 2885 1554 2927 permultos:
1578 2893 1638 2924 ego

173 2939 255 2970 nihil
279 2939 389 2970 horum
409 2938 534 2976 faciam,
557 2940 699 2981 quamvis
724 2939 758 2975 in
780 2944 930 2978 extremo,
953 2944 988 2971 ut
1003 2940 1137 2978 videtur,
1161 2940 1340 2972 discrimine
1366 2939 1565 2971 constitutus.
1588 2937 1638 2968 his

175 3002 250 3034 ergo
265 2992 402 3026 offensus
415 2993 529 3037 aliquis
543 2998 651 3026 contra
666 3005 715 3027 me
740 2994 930 3037 pertinacius
952 2994 1098 3034 irritetur,
1120 2998 1215 3038 atque
1239 2994 1308 3037 ipss
1329 2994 1362 3026 in
1383 2993 1428 3025 ira
1453 2990 1636 3025 sententiam
