1846 3268
212 268 310 319 219]
658 260 925 303 PLATONIS
955 259 1234 302 SOPHISTA.
1593 258 1667 301 341

211 372 286 403 dum
301 379 418 407 senem,
431 367 628 409 rationesque
641 365 860 408 pulcherrimas
871 363 1063 397 afferentem.
1089 363 1158 396 Ho.
1180 363 1214 395 Si
1226 361 1317 395 facile
1327 362 1398 404 quis
1405 366 1439 394 et
1452 366 1527 404 apte
1542 371 1671 405 respon-

211 425 297 466 deat,
312 422 434 455 facilius
448 426 497 455 est
511 431 580 453 cum
593 420 655 452 alio
669 419 888 461 interrogando
904 417 1052 451 disserere
1066 429 1074 450 ι
1100 419 1147 450 sin
1164 422 1284 454 contra,
1300 425 1356 459 per
1378 416 1516 459 seipsum
1536 416 1670 459 quisque

210 477 333 510 facilius
347 477 497 518 disputat.
542 474 598 507 So.
621 474 712 506 Licet
727 473 833 515 igitur,
847 482 1067 515 quemcunque
1083 472 1141 514 vis,
1154 483 1192 503 ex
1213 471 1280 503 istis
1304 470 1430 513 eligere.
1454 480 1562 501 omnes
1583 470 1669 502 enim

211 531 412 564 libentissime
425 530 645 571 obsequentur.
688 527 757 569 Ego
773 538 846 559 vero
862 526 920 559 tibi
936 527 1078 564 consulo,
1094 531 1130 558 ut
1141 526 1291 568 juvenem
1304 524 1482 567 quempiam
1497 523 1605 566 eligas,
1619 524 1670 556 vel

210 586 295 616 hunc
310 584 520 623 Theaetetum,
535 582 584 614 vel
601 581 709 619 alium,
724 579 906 623 quicunque
922 580 980 611 tibi
995 579 1098 622 aptior
1112 579 1268 611 videatur.
1313 578 1380 610 Ηο.
1403 577 1512 610 Pudor·
1531 577 1672 620 quidam,

210 649 230 671 o
245 639 400 675 Socrates,
415 647 464 668 me
477 641 510 668 et
524 636 713 668 verecundia
728 635 865 675 detinet,
878 645 950 666 cum
965 643 1050 666 nunc
1072 633 1207 676 primum
1221 632 1384 666 vobiscum
1406 632 1528 674 loquar,
1541 640 1605 662 non
1621 631 1670 663 vi-

205 692 310 724 cissim
324 691 449 723 verbum
464 688 558 722 verbo
573 690 713 727 reddere,
729 689 784 721 sed
798 688 951 731 prolixum
967 697 1140 720 sermonem
1156 687 1331 729 inceptare,
1345 686 1412 718 sive
1427 686 1512 716 solus
1525 685 1593 726 ipse
1614 693 1671 726 per

208 756 270 783 me,
287 745 352 776 sive
367 754 439 776 cum
455 743 517 775 alio
534 743 756 784 respondente,
769 741 1043 773 demonstrationis
1053 741 1153 780 gratia
1169 740 1340 783 disputem.
1364 738 1461 776 Quod
1476 738 1560 770 enim
1575 737 1671 769 mo'do

208 798 374 842 quaesitum
395 801 454 835 est,
476 806 569 828 nemo
591 795 701 827 leviter
722 793 871 836 explicari
892 802 984 834 posse
1007 791 1159 827 confidat.
1181 793 1276 834 longa
1298 801 1434 833 namque
1456 789 1671 832 disputatione

208 853 342 894 indiget.
386 850 504 883 contra
518 859 604 886 vero,
619 849 645 880 si
667 848 726 879 tibi
752 852 784 879 et
808 846 890 883 istis,
906 844 1076 888 praesertim
1101 854 1173 876 cum
1187 849 1252 876 tam
1268 845 1409 876 modeste
1423 843 1590 886 rogaveris,
1605 854 1671 876 non

209 907 434 947 obtemperem,
457 903 578 945 agreste
592 902 742 945 quiddam
758 905 791 933 et
805 901 844 932 ab
859 899 991 942 hospitis
1005 898 1245 930 mansuetudine
1261 898 1400 930 alienum
1414 899 1490 930 mihi
1505 899 1571 929 fore
1582 897 1671 930 vide-

207 965 277 991 tur:
300 957 419 1001 quippe
433 967 504 989 cum
520 955 742 999 disputationis
757 954 904 987 comitem
917 953 1116 985 Theaetetum
1140 952 1239 995 [218]
1262 953 1346 984 hunc
1361 963 1400 984 ex
1415 952 1463 984 bis
1477 962 1548 995 quas
1563 957 1596 984 et
1610 961 1670 994 ego

207 1012 352 1044 dicebam
374 1015 407 1042 et
427 1015 462 1042 tu
485 1010 579 1041 modo
597 1009 731 1051 jussisti,
745 1009 802 1041 sim
825 1008 997 1040 habiturus.
1043 1007 1133 1040 Trrn.
1157 1007 1207 1038 Ita
1233 1011 1329 1049 certe,
1344 1017 1363 1038 o
1378 1007 1503 1048 hospes,
1518 1007 1671 1048 quemad-

208 1066 334 1097 modum
359 1064 464 1106 inquit
487 1063 642 1106 Socrates,
658 1063 780 1095 cunctis
806 1061 1039 1104 gratificaberis.
1082 1061 1151 1094 Ho.
1173 1060 1264 1092 Nihil
1286 1061 1432 1092 adversus
1446 1061 1514 1093 haec
1530 1060 1670 1100 ulterius,

207 1119 379 1156 Theaetete,
395 1117 577 1152 dicendum.
600 1122 702 1149 tecum
718 1117 870 1159 deinceps
896 1117 1052 1158 agendum
1077 1115 1165 1147 mihi.
1190 1115 1275 1157 quod
1298 1115 1324 1146 si
1338 1114 1418 1146 forte
1433 1113 1582 1146 sermonis
1597 1123 1668 1156 pro-

207 1173 311 1204 lixitas
339 1171 397 1203 tibi
419 1171 584 1203 fastidiosa
605 1171 769 1213 continget
790 1175 823 1202 et
846 1170 950 1202 labore
973 1169 1160 1213 gravaberis,
1175 1179 1239 1200 non
1263 1179 1324 1206 me,
1339 1169 1480 1206 obsecro,
1496 1168 1551 1199 sed
1572 1168 1667 1199 hosce

207 1229 278 1257 tuos
293 1225 469 1263 familiares,
485 1225 539 1267 qui
560 1225 595 1256 in
621 1235 716 1256 causa
739 1229 825 1263 sunt,
841 1229 1000 1257 accusato.
1044 1223 1133 1256 Tan.
1155 1220 1245 1254 Nihil
1259 1223 1422 1254 molestum
1437 1221 1504 1254 sore
1526 1221 1665 1253 arbitror.

206 1290 278 1311 nam
295 1280 320 1311 si
335 1280 414 1312 forte
428 1289 478 1311 me
498 1278 664 1321 defatigari
680 1278 858 1321 contigerit,
881 1279 965 1310 hunc
985 1278 1144 1310 Socratem
1162 1276 1390 1314 adhibebimus,
1404 1275 1524 1308 Socrati
1538 1276 1666 1318 quidem

204 1333 238 1364 in
254 1333 380 1364 nomine
393 1332 537 1374 similem,
551 1331 628 1363 mihi
645 1332 677 1363 in
692 1331 917 1364 exercitatione
932 1331 1063 1372 socium,
1077 1335 1110 1362 et
1125 1330 1289 1373 aequalem,
1304 1331 1359 1372 qui
1375 1340 1496 1362 mecum
1511 1329 1667 1362 laboriosa

203 1387 304 1418 multa
318 1396 464 1428 peragere
477 1386 651 1418 consuevit.
697 1386 766 1418 Ho.
789 1385 892 1417 Probe
914 1385 1062 1427 loqueris.
1085 1389 1118 1416 et
1140 1385 1180 1416 de
1195 1384 1243 1416 his
1255 1384 1381 1427 quidem
1398 1383 1589 1426 procedente
1604 1393 1667 1415 ser-

203 1450 299 1473 mone
314 1444 417 1471 tecum
432 1439 500 1481 ipse
516 1439 714 1472 deliberabis.
738 1439 946 1471 communiter
960 1447 1033 1471 vero
1056 1449 1177 1471 mecum
1204 1438 1261 1470 tibi
1282 1447 1368 1470 nunc
1393 1438 1666 1475 considerandum,

202 1492 493 1535 incipiendumque,
503 1497 541 1524 ut
555 1493 632 1524 mihi
645 1493 780 1532 videtur,
797 1494 836 1525 ab
852 1493 922 1536 ipso
938 1493 1100 1535 Sophiste,
1116 1498 1149 1524 et
1163 1493 1239 1535 quid
1262 1497 1320 1533 est,
1332 1492 1368 1524 in
1392 1492 1498 1534 primis
1512 1491 1665 1524 delinien-

202 1547 290 1579 dum.
312 1548 344 1579 in
361 1547 527 1589 praesentia
541 1558 634 1590 porro
649 1553 696 1586 tu,
711 1548 803 1579 simul
818 1558 854 1580 ac
869 1557 941 1590 ego,
956 1546 1051 1589 hujus
1065 1553 1231 1580 commune
1245 1547 1344 1578 solum
1358 1555 1475 1578 nomen
1489 1546 1639 1577 habemus
1655 1555 1663 1577 :

202 1611 265 1633 rem
292 1611 365 1632 vero
387 1601 500 1642 ipsam,
527 1611 598 1643 quae
622 1601 750 1633 nomine
776 1602 969 1644 designatur,
996 1601 1085 1633 aliter
1106 1601 1186 1633 forte
1209 1605 1340 1642 uterque
1365 1604 1503 1631 nostrum
1532 1599 1663 1642 cogitat.

203 1655 337 1687 Praestat
359 1660 462 1686 autem
488 1654 521 1685 in
545 1655 675 1696 singulis
695 1665 760 1687 rem
781 1655 881 1696 ipsam
905 1665 976 1686 cum
991 1654 1177 1695 rationibus,
1192 1664 1285 1696 quam
1302 1663 1416 1685 nomen
1431 1653 1531 1685 solum
1546 1653 1663 1695 absque

201 1708 322 1739 ratione
339 1708 523 1750 perspicere.
569 1708 665 1745 Quod
681 1709 823 1750 profecto
839 1719 923 1741 nunc
948 1707 1142 1749 inquirimus,
1166 1707 1322 1750 Sophistae
1346 1717 1456 1749 genus,
1472 1708 1555 1739 haud
1571 1707 1664 1739 facile

201 1760 324 1793 deliniri
340 1767 454 1803 potest.
500 1761 603 1794 Vetus
620 1766 667 1793 est
681 1761 885 1804 omniumque
901 1760 1075 1792 communis
1090 1761 1259 1798 sententia,
1273 1761 1298 1792 si
1312 1761 1382 1802 quis
1397 1771 1447 1802 ea,
1463 1767 1533 1803 quae
1549 1771 1662 1804 magna

201 1820 285 1852 sunt,
300 1820 383 1847 recte
402 1815 569 1857 transigere
585 1816 671 1853 velit,
685 1816 718 1846 in
731 1815 833 1857 parvis
849 1816 1035 1857 quibusdam
1052 1815 1137 1857 prius
1161 1815 1215 1847 illa
1237 1815 1504 1857 facilioribusque,
1519 1825 1613 1857 quam
1628 1816 1661 1847 in

200 1869 351 1907 maximis,
367 1869 561 1901 considerare
587 1870 713 1901 debere.
759 1869 916 1911 Equidem
938 1870 1095 1911 Sophistae
1118 1875 1216 1911 genus
1237 1869 1401 1900 arbitratus
1426 1869 1554 1902 difficile
1568 1879 1662 1912 posse

200 1923 434 1964 comprehendi,
449 1923 551 1960 nobi»,
567 1934 586 1954 o
601 1923 774 1961 Theaetete‚
789 1923 935 1964 consulo,
949 1929 986 1954 ut
1007 1928 1079 1955 ante
1102 1923 1135 1954 in
1158 1923 1264 1965 aliquo
1286 1923 1423 1965 quodam
1442 1923 1573 1955 faciliori
1590 1935 1661 1966 pro-

199 1987 335 2018 gressum
357 1976 439 2008 illius
462 1977 721 2019 praemeditemur.
745 1977 806 2009 nisi
833 1982 866 2008 tu
892 1977 971 2009 forte
996 1977 1239 2009 commodiorem
1265 1976 1347 2008 viam
1371 1978 1527 2009 ostendas.
1571 1978 1658 2013 ΤΗΕ.

198 2029 327 2061 Nullam
348 2030 449 2061 habeo
475 2030 726 2062 commodiorem.
770 2030 839 2063 Ho.
862 2031 958 2062 Visne
985 2031 1131 2072 exiguum
1157 2030 1307 2072 quiddam
1332 2035 1364 2062 et
1378 2031 1440 2062 vile
1463 2031 1496 2062 in
1522 2032 1659 2064 medium

198 2084 403 2126 adducamus,
420 2083 543 2126 majoris
559 2084 656 2126 ipsius
672 2085 874 2128 exemplum?
919 2085 1007 2116 Tun.
1030 2083 1126 2117 Volo.
1172 2085 1242 2118 Ho.
1265 2084 1319 2116 An
1335 2095 1399 2116 non
1418 2087 1658 2127 proponendum

197 2141 307 2168 notum
323 2137 472 2179 quiddam
488 2143 582 2180 atque
598 2138 690 2176 exile,
706 2139 790 2181 quod
807 2139 1010 2170 nihilominus
1025 2139 1065 2170 ad
1082 2138 1232 2180 majorum
1242 2138 1480 2181 intelligentiam
1496 2141 1660 2172 conferat?

198 2190 301 2233 qualis
312 2191 404 2222 hamo
418 2191 554 2232 piscator
564 2196 622 2225 est.
638 2193 706 2224 leve
723 2193 804 2224 enim
819 2193 969 2234 quiddam
993 2197 1083 2224 estet
1094 2192 1185 2224 exile.
1228 2191 1315 2224 Tru-z.
1339 2192 1444 2224 Certe.
1472 2193 1538 2226 Ho.
1564 2193 1658 2225 Viam

198 2248 302 2276 tamen
310 2249 344 2275 et
360 2244 457 2287 [219]
474 2245 625 2277 rationem
634 2247 673 2277 ad
685 2246 729 2282 id,
741 2247 781 2278 de
793 2257 856 2288 quo
869 2246 1001 2288 agimus,
1012 2250 1119 2288 aptam
1133 2245 1248 2277 habere-
1261 2246 1393 2279 videtur.
1423 2246 1510 2279 Tne.
1529 2247 1658 2289 Optime

196 2296 243 2328 ita
257 2307 290 2329 se
305 2308 351 2329 res
362 2299 499 2330 haberet.
544 2299 609 2331 Ho.
634 2299 720 2341 Age,
731 2300 807 2331 hinc
818 2300 1023 2331 exordiamur.
1040 2300 1103 2336 dic,
1116 2304 1216 2330 utrum
1230 2299 1331 2341 ipsum
1344 2305 1493 2342 tanquam
1510 2301 1656 2334 artificio-

198 2360 278 2393 sum,
288 2361 328 2383 an
338 2352 411 2383 artis
420 2358 590 2395 expertem,
599 2353 724 2385 alterius
735 2365 807 2386 vero
820 2354 971 2396 potentiae
981 2353 1145 2395 cujusdam
1154 2353 1338 2395 participem
1351 2363 1466 2396 ponere
1476 2355 1657 2388 debeamus.

197 2404 286 2437 Tne.
313 2405 412 2438 Nullo
428 2407 522 2438 modo
538 2407 611 2439 artis
626 2413 797 2450 expertem.
843 2408 911 2442 Ho.
937 2408 1062 2440 Artium
1077 2408 1173 2439 ferme
1189 2408 1326 2439 omnium
1343 2408 1466 2450 species
1482 2409 1554 2440 duae
1572 2415 1655 2441 sunt.

197 2458 285 2490 Tua.
308 2459 389 2496 Quae
402 2459 414 2490 ?
458 2460 526 2492 Ηο.
549 2459 750 2502 Agricultura
775 2466 809 2493 et
831 2461 1001 2503 cujuslibet
1026 2462 1163 2493 mortalis
1192 2461 1329 2504 corporis
1354 2473 1439 2500 cura,
1463 2467 1496 2494 et
1522 2463 1655 2495 facultas

199 2511 311 2549 omnis,
325 2522 395 2554 quae
410 2513 492 2545 circa
506 2515 712 2557 compositum
728 2516 894 2558 quodlibet
914 2516 1061 2549 fictumve
1075 2520 1223 2553 versatur,
1239 2525 1309 2558 quae
1332 2516 1539 2548 communiter
1552 2517 1658 2558 supel-

201 2564 320 2597 lectilia
334 2566 492 2608 dicuntur,
507 2572 540 2599 et
561 2577 631 2610 quae
645 2569 713 2600 haec
728 2569 885 2601 imitatur:
908 2570 1064 2607 universa,
1079 2570 1217 2612 inquam,
1240 2570 1372 2601 facultas
1387 2569 1567 2612 hujusmodi
1592 2581 1656 2602 uno

199 2620 335 2661 quodam
351 2621 509 2652 communi
520 2622 647 2654 nomine
661 2623 837 2665 nuncupari
851 2625 957 2657 debet.
979 2624 1065 2655 Tnn.
1089 2624 1234 2662 Quonam
1248 2624 1366 2666 pacto?
1382 2628 1414 2655 et
1428 2634 1492 2666 quo
1507 2624 1656 2656 nomine?

197 2673 267 2705 Ho.
290 2673 445 2711 Quotiens
459 2675 543 2716 quod
560 2679 652 2707 antea
664 2686 728 2708 non
744 2682 821 2715 erat,
836 2678 869 2708 in
879 2688 946 2710 esse
956 2677 1027 2721 quis
1036 2678 1152 2710 deinde
1162 2677 1307 2720 perducit
1320 2688 1329 2710 :
1346 2678 1431 2720 quod
1442 2678 1518 2720 agit,
1529 2678 1632 2710 facere
1646 2689 1656 2717 3

196 2727 283 2769 quod
300 2727 412 2769 agitur,
429 2727 495 2760 fieri
510 2728 654 2761 dicimus.
697 2730 787 2763 Tun.
810 2731 924 2764 Recte.
968 2731 1035 2764 Ho.
1059 2732 1193 2768 Cuncta,
1207 2740 1279 2774 quae
1293 2732 1388 2774 paulo
1401 2736 1473 2763 ante
1484 2731 1655 2768 retulimus,

197 2782 236 2812 ad
252 2782 313 2813 hoc
328 2782 390 2813 vim
405 2781 535 2814 habent.
578 2783 668 2816 Tan.
691 2784 820 2816 Habent
842 2789 938 2818 certe.
981 2785 1049 2818 Ho.
1073 2786 1256 2817 summatim
1270 2785 1376 2828 itaque
1398 2785 1452 2816 illa
1467 2785 1654 2817 effectricem

196 2835 377 2867 facultatem
393 2836 640 2869 denominemus.
683 2838 770 2871 Tnz.
794 2836 883 2871 Esto.
906 2839 972 2872 Ho.
996 2839 1183 2881 Disciplinae
1199 2849 1271 2872 vero
1287 2843 1320 2871 et
1332 2838 1520 2881 cognitionis
1535 2838 1654 2879 species

197 2889 353 2931 universa,
368 2894 401 2920 et
426 2894 562 2931 quaestus
587 2890 827 2934 certaminisque
849 2901 886 2925 ac
908 2893 1043 2924 venandi
1068 2893 1191 2936 peritia,
1213 2903 1261 2925 ars
1283 2892 1464 2935 acquirendi
1479 2892 1653 2923 summatim

199 2943 339 2976 vocanda
356 2942 498 2976 videtur:
523 2944 643 2988 quippe
658 2955 729 2978 cum
754 2944 832 2978 nihil
847 2955 885 2978 ex
911 2946 977 2979 istis
991 2946 1159 2991 quicquam
1181 2946 1312 2979 fabricet
1323 2957 1333 2988 5
1355 2950 1425 2988 quae
1441 2955 1512 2977 vero
1527 2950 1599 2976 sunt
1622 2950 1655 2977 et
