<?xml version="1.0" encoding="UTF-8"?>
<!DOCTYPE html PUBLIC "-//W3C//DTD XHTML 1.0 Transitional//EN"
    "http://www.w3.org/TR/xhtml1/DTD/xhtml1-transitional.dtd">
<html xmlns="http://www.w3.org/1999/xhtml" xml:lang="en" lang="en">
 <head>
  <title>
</title>
<meta http-equiv="Content-Type" content="text/html;charset=utf-8" />
  <meta name='ocr-system' content='tesseract 3.04.00' />
  <meta name='ocr-capabilities' content='ocr_page ocr_carea ocr_par ocr_line ocrx_word'/>
</head>
<body>
  <div class='ocr_page' id='page_1' title='image "./platonisetquaeve10plat_0077.png"; bbox 0 0 1846 3268; ppageno 0'>
   <div class='ocr_carea' id='block_1_1' title="bbox 216 253 1679 306">
    <p class='ocr_par' dir='ltr' id='par_1_1' title="bbox 216 253 1679 306">
     <span class='ocr_line' id='line_1_1' title="bbox 216 253 1679 306; baseline -0.002 -10"><span class='ocrx_word' id='word_1_1' title='bbox 216 254 311 306; x_wconf 83' lang='lat'>359]</span> <span class='ocrx_word' id='word_1_2' title='bbox 791 253 1173 294; x_wconf 83' lang='lat' dir='ltr'>PROTAGORAS.</span> <span class='ocrx_word' id='word_1_3' title='bbox 1630 261 1679 298; x_wconf 80' lang='lat'>67</span> 
     </span>
    </p>
   </div>
   <div class='ocr_carea' id='block_1_2' title="bbox 156 350 1680 2986">
    <p class='ocr_par' dir='ltr' id='par_1_2' title="bbox 156 350 1680 2986">
     <span class='ocr_line' id='line_1_2' title="bbox 217 350 1679 394; baseline 0.002 -11"><span class='ocrx_word' id='word_1_4' title='bbox 217 351 307 383; x_wconf 82' lang='lat' dir='ltr'>aliter</span> <span class='ocrx_word' id='word_1_5' title='bbox 322 351 474 393; x_wconf 82' lang='lat' dir='ltr'>nomines,</span> <span class='ocrx_word' id='word_1_6' title='bbox 489 351 607 394; x_wconf 86' lang='lat' dir='ltr'>optime</span> <span class='ocrx_word' id='word_1_7' title='bbox 621 350 764 388; x_wconf 85' lang='lat' dir='ltr'>Prodice,</span> <span class='ocrx_word' id='word_1_8' title='bbox 781 351 841 387; x_wconf 82' lang='lat' dir='ltr'>hoc</span> <span class='ocrx_word' id='word_1_9' title='bbox 858 350 932 382; x_wconf 83' lang='lat' dir='ltr'>milri</span> <span class='ocrx_word' id='word_1_10' title='bbox 955 361 1040 383; x_wconf 87' lang='lat' dir='ltr'>nunc</span> <span class='ocrx_word' id='word_1_11' title='bbox 1063 351 1102 383; x_wconf 84' lang='lat' dir='ltr'>ad</span> <span class='ocrx_word' id='word_1_12' title='bbox 1125 352 1212 394; x_wconf 87' lang='lat' dir='ltr'>quod</span> <span class='ocrx_word' id='word_1_13' title='bbox 1229 351 1300 383; x_wconf 89' lang='lat' dir='ltr'>volo</span> <span class='ocrx_word' id='word_1_14' title='bbox 1322 352 1524 394; x_wconf 69' lang='lat' dir='ltr'>respondeas.</span> <span class='ocrx_word' id='word_1_15' title='bbox 1572 355 1679 386; x_wconf 82' lang='lat' dir='ltr'>Subri-</span> 
     </span>
     <span class='ocr_line' id='line_1_3' title="bbox 217 404 1679 448; baseline 0.002 -12"><span class='ocrx_word' id='word_1_16' title='bbox 217 406 295 437; x_wconf 88' lang='lat' dir='ltr'>dens</span> <span class='ocrx_word' id='word_1_17' title='bbox 311 405 462 437; x_wconf 86' lang='lat' dir='ltr'>Prodicus</span> <span class='ocrx_word' id='word_1_18' title='bbox 477 405 619 437; x_wconf 72' lang='lat' dir='ltr'>assensus</span> <span class='ocrx_word' id='word_1_19' title='bbox 633 410 681 437; x_wconf 83' lang='lat' dir='ltr'>est</span> <span class='ocrx_word' id='word_1_20' title='bbox 694 405 756 437; x_wconf 69' lang='lat' dir='ltr'>:et</span> <span class='ocrx_word' id='word_1_21' title='bbox 773 404 827 436; x_wconf 86' lang='lat' dir='ltr'>alii</span> <span class='ocrx_word' id='word_1_22' title='bbox 842 404 956 447; x_wconf 85' lang='lat' dir='ltr'>pariter</span> <span class='ocrx_word' id='word_1_23' title='bbox 970 410 1206 438; x_wconf 86' lang='lat' dir='ltr'>consenserunt.</span> <span class='ocrx_word' id='word_1_24' title='bbox 1250 405 1329 437; x_wconf 85' lang='lat' dir='ltr'>Tum</span> <span class='ocrx_word' id='word_1_25' title='bbox 1347 417 1419 448; x_wconf 83' lang='lat' dir='ltr'>ego,</span> <span class='ocrx_word' id='word_1_26' title='bbox 1446 407 1533 443; x_wconf 82' lang='lat' dir='ltr'><strong>Quid</strong></span> <span class='ocrx_word' id='word_1_27' title='bbox 1549 409 1589 439; x_wconf 81' lang='lat' dir='ltr'>ad</span> <span class='ocrx_word' id='word_1_28' title='bbox 1607 409 1679 445; x_wconf 82' lang='lat' dir='ltr'>hoc¹</span> 
     </span>
     <span class='ocr_line' id='line_1_4' title="bbox 216 458 1679 502; baseline 0.002 -13"><span class='ocrx_word' id='word_1_29' title='bbox 216 469 236 490; x_wconf 91' lang='lat' dir='ltr'>o</span> <span class='ocrx_word' id='word_1_30' title='bbox 261 459 341 490; x_wconf 81' lang='lat' dir='ltr'>viri?</span> <span class='ocrx_word' id='word_1_31' title='bbox 362 459 500 491; x_wconf 79' lang='lat' dir='ltr'>actiones</span> <span class='ocrx_word' id='word_1_32' title='bbox 526 458 645 498; x_wconf 81' lang='lat' dir='ltr'>omnes,</span> <span class='ocrx_word' id='word_1_33' title='bbox 675 469 746 502; x_wconf 85' lang='lat' dir='ltr'>quae</span> <span class='ocrx_word' id='word_1_34' title='bbox 771 459 811 490; x_wconf 84' lang='lat' dir='ltr'>ad</span> <span class='ocrx_word' id='word_1_35' title='bbox 834 458 978 500; x_wconf 90' lang='lat' dir='ltr'>jucunde</span> <span class='ocrx_word' id='word_1_36' title='bbox 1002 464 1035 490; x_wconf 90' lang='lat' dir='ltr'>et</span> <span class='ocrx_word' id='word_1_37' title='bbox 1063 460 1129 491; x_wconf 87' lang='lat' dir='ltr'>sine</span> <span class='ocrx_word' id='word_1_38' title='bbox 1159 459 1302 491; x_wconf 81' lang='lat' dir='ltr'>molestia</span> <span class='ocrx_word' id='word_1_39' title='bbox 1331 459 1499 491; x_wconf 87' lang='lat' dir='ltr'>vivendum</span> <span class='ocrx_word' id='word_1_40' title='bbox 1530 462 1679 498; x_wconf 87' lang='lat' dir='ltr'>tendunt,</span> 
     </span>
     <span class='ocr_line' id='line_1_5' title="bbox 214 506 1678 555; baseline 0.002 -12"><span class='ocrx_word' id='word_1_41' title='bbox 214 523 320 544; x_wconf 86' lang='lat' dir='ltr'>nonne</span> <span class='ocrx_word' id='word_1_42' title='bbox 336 506 475 544; x_wconf 76' lang='lat' dir='ltr'>honestae</span> <span class='ocrx_word' id='word_1_43' title='bbox 490 518 523 545; x_wconf 90' lang='lat' dir='ltr'>et</span> <span class='ocrx_word' id='word_1_44' title='bbox 545 513 660 545; x_wconf 82' lang='lat' dir='ltr'>utiles?</span> <span class='ocrx_word' id='word_1_45' title='bbox 683 514 913 554; x_wconf 84' lang='lat' dir='ltr'>honestumque</span> <span class='ocrx_word' id='word_1_46' title='bbox 936 523 1027 555; x_wconf 87' lang='lat' dir='ltr'>opus,</span> <span class='ocrx_word' id='word_1_47' title='bbox 1050 514 1167 545; x_wconf 83' lang='lat' dir='ltr'>bonurn</span> <span class='ocrx_word' id='word_1_48' title='bbox 1195 518 1229 545; x_wconf 89' lang='lat' dir='ltr'>et</span> <span class='ocrx_word' id='word_1_49' title='bbox 1250 514 1354 545; x_wconf 85' lang='lat' dir='ltr'>utile?</span> <span class='ocrx_word' id='word_1_50' title='bbox 1399 513 1598 546; x_wconf 84' lang='lat' dir='ltr'>Annuerunt.</span> <span class='ocrx_word' id='word_1_51' title='bbox 1644 516 1678 546; x_wconf 91' lang='lat' dir='ltr'>Si</span> 
     </span>
     <span class='ocr_line' id='line_1_6' title="bbox 213 565 1680 609; baseline 0.003 -13"><span class='ocrx_word' id='word_1_52' title='bbox 213 576 287 607; x_wconf 85' lang='lat' dir='ltr'>ergo</span> <span class='ocrx_word' id='word_1_53' title='bbox 309 565 485 608; x_wconf 81' lang='lat' dir='ltr'>jucundum</span> <span class='ocrx_word' id='word_1_54' title='bbox 510 567 614 609; x_wconf 81' lang='lat' dir='ltr'>ipsum</span> <span class='ocrx_word' id='word_1_55' title='bbox 634 568 749 599; x_wconf 87' lang='lat' dir='ltr'>bonum</span> <span class='ocrx_word' id='word_1_56' title='bbox 773 572 832 606; x_wconf 85' lang='lat' dir='ltr'>est,</span> <span class='ocrx_word' id='word_1_57' title='bbox 853 577 945 598; x_wconf 86' lang='lat' dir='ltr'>nemo</span> <span class='ocrx_word' id='word_1_58' title='bbox 971 568 1020 599; x_wconf 87' lang='lat' dir='ltr'>vel</span> <span class='ocrx_word' id='word_1_59' title='bbox 1049 568 1162 606; x_wconf 89' lang='lat' dir='ltr'>sciens,</span> <span class='ocrx_word' id='word_1_60' title='bbox 1187 568 1236 599; x_wconf 88' lang='lat' dir='ltr'>vel</span> <span class='ocrx_word' id='word_1_61' title='bbox 1261 567 1442 599; x_wconf 77' lang='lat' dir='ltr'>existimans</span> <span class='ocrx_word' id='word_1_62' title='bbox 1467 568 1528 599; x_wconf 82' lang='lat' dir='ltr'>alia</span> <span class='ocrx_word' id='word_1_63' title='bbox 1553 568 1680 600; x_wconf 82' lang='lat' dir='ltr'>meliora</span> 
     </span>
     <span class='ocr_line' id='line_1_7' title="bbox 214 619 1679 664; baseline 0.001 -12"><span class='ocrx_word' id='word_1_64' title='bbox 214 629 281 652; x_wconf 86' lang='lat' dir='ltr'>esse</span> <span class='ocrx_word' id='word_1_65' title='bbox 296 619 344 651; x_wconf 79' lang='lat' dir='ltr'>his</span> <span class='ocrx_word' id='word_1_66' title='bbox 358 631 429 662; x_wconf 86' lang='lat' dir='ltr'>quae</span> <span class='ocrx_word' id='word_1_67' title='bbox 444 621 519 652; x_wconf 85' lang='lat' dir='ltr'>fecit</span> <span class='ocrx_word' id='word_1_68' title='bbox 531 631 567 653; x_wconf 88' lang='lat' dir='ltr'>ac</span> <span class='ocrx_word' id='word_1_69' title='bbox 583 626 699 663; x_wconf 87' lang='lat' dir='ltr'>potest,</span> <span class='ocrx_word' id='word_1_70' title='bbox 714 620 830 653; x_wconf 86' lang='lat' dir='ltr'>deinde</span> <span class='ocrx_word' id='word_1_71' title='bbox 846 621 914 652; x_wconf 80' lang='lat' dir='ltr'>haec</span> <span class='ocrx_word' id='word_1_72' title='bbox 937 621 1015 663; x_wconf 83' lang='lat' dir='ltr'>agit,</span> <span class='ocrx_word' id='word_1_73' title='bbox 1031 621 1106 652; x_wconf 87' lang='lat' dir='ltr'>dum</span> <span class='ocrx_word' id='word_1_74' title='bbox 1127 620 1256 653; x_wconf 82' lang='lat' dir='ltr'><strong>meliora</strong></span> <span class='ocrx_word' id='word_1_75' title='bbox 1270 626 1388 664; x_wconf 85' lang='lat' dir='ltr'>potest.</span> <span class='ocrx_word' id='word_1_76' title='bbox 1410 621 1495 664; x_wconf 89' lang='lat' dir='ltr'>quod</span> <span class='ocrx_word' id='word_1_77' title='bbox 1512 632 1584 653; x_wconf 88' lang='lat' dir='ltr'>vero</span> <span class='ocrx_word' id='word_1_78' title='bbox 1600 622 1679 654; x_wconf 89' lang='lat' dir='ltr'>dici-</span> 
     </span>
     <span class='ocr_line' id='line_1_8' title="bbox 215 674 1679 718; baseline 0.001 -13"><span class='ocrx_word' id='word_1_79' title='bbox 215 678 275 712; x_wconf 83' lang='lat' dir='ltr'>tur,</span> <span class='ocrx_word' id='word_1_80' title='bbox 288 674 328 706; x_wconf 83' lang='lat' dir='ltr'>ab</span> <span class='ocrx_word' id='word_1_81' title='bbox 343 674 507 707; x_wconf 83' lang='lat' dir='ltr'>affectibus</span> <span class='ocrx_word' id='word_1_82' title='bbox 518 675 666 717; x_wconf 85' lang='lat' dir='ltr'>superari,</span> <span class='ocrx_word' id='word_1_83' title='bbox 681 675 758 707; x_wconf 87' lang='lat' dir='ltr'>nibil</span> <span class='ocrx_word' id='word_1_84' title='bbox 775 681 823 707; x_wconf 82' lang='lat' dir='ltr'>est</span> <span class='ocrx_word' id='word_1_85' title='bbox 846 675 945 716; x_wconf 83' lang='lat' dir='ltr'>aliud,</span> <span class='ocrx_word' id='word_1_86' title='bbox 970 685 1064 717; x_wconf 83' lang='lat' dir='ltr'>quam</span> <span class='ocrx_word' id='word_1_87' title='bbox 1090 675 1235 708; x_wconf 81' lang='lat' dir='ltr'>inscitia:</span> <span class='ocrx_word' id='word_1_88' title='bbox 1260 680 1293 707; x_wconf 88' lang='lat' dir='ltr'>et</span> <span class='ocrx_word' id='word_1_89' title='bbox 1313 676 1410 718; x_wconf 86' lang='lat' dir='ltr'>quod,</span> <span class='ocrx_word' id='word_1_90' title='bbox 1437 676 1600 708; x_wconf 83' lang='lat' dir='ltr'>affectibus</span> <span class='ocrx_word' id='word_1_91' title='bbox 1622 676 1679 707; x_wconf 86' lang='lat' dir='ltr'>do-</span> 
     </span>
     <span class='ocr_line' id='line_1_9' title="bbox 213 727 1679 771; baseline 0.001 -13"><span class='ocrx_word' id='word_1_92' title='bbox 213 727 336 766; x_wconf 82' lang='lat' dir='ltr'>minari,</span> <span class='ocrx_word' id='word_1_93' title='bbox 350 729 514 770; x_wconf 84' lang='lat' dir='ltr'>sapientia.</span> <span class='ocrx_word' id='word_1_94' title='bbox 559 729 686 761; x_wconf 83' lang='lat' dir='ltr'>Placuit</span> <span class='ocrx_word' id='word_1_95' title='bbox 708 729 862 761; x_wconf 85' lang='lat' dir='ltr'>omnibus.</span> <span class='ocrx_word' id='word_1_96' title='bbox 907 729 994 767; x_wconf 89' lang='lat' dir='ltr'>Quid</span> <span class='ocrx_word' id='word_1_97' title='bbox 1010 730 1102 761; x_wconf 87' lang='lat' dir='ltr'>vero?</span> <span class='ocrx_word' id='word_1_98' title='bbox 1125 728 1282 760; x_wconf 83' lang='lat' dir='ltr'>inscitiam</span> <span class='ocrx_word' id='word_1_99' title='bbox 1306 739 1412 761; x_wconf 88' lang='lat' dir='ltr'>nonne</span> <span class='ocrx_word' id='word_1_100' title='bbox 1438 729 1500 760; x_wconf 89' lang='lat' dir='ltr'>tale</span> <span class='ocrx_word' id='word_1_101' title='bbox 1528 729 1679 771; x_wconf 87' lang='lat' dir='ltr'>quiddam</span> 
     </span>
     <span class='ocr_line' id='line_1_10' title="bbox 213 781 1679 825; baseline 0.001 -12"><span class='ocrx_word' id='word_1_102' title='bbox 213 781 330 820; x_wconf 84' lang='lat' dir='ltr'>dicitis,</span> <span class='ocrx_word' id='word_1_103' title='bbox 356 783 484 825; x_wconf 89' lang='lat' dir='ltr'>quando</span> <span class='ocrx_word' id='word_1_104' title='bbox 506 782 574 825; x_wconf 90' lang='lat' dir='ltr'>quis</span> <span class='ocrx_word' id='word_1_105' title='bbox 598 783 676 814; x_wconf 80' lang='lat' dir='ltr'>falsa</span> <span class='ocrx_word' id='word_1_106' title='bbox 702 783 852 825; x_wconf 89' lang='lat' dir='ltr'>opinione</span> <span class='ocrx_word' id='word_1_107' title='bbox 877 784 1033 825; x_wconf 80' lang='lat' dir='ltr'>decipitur</span> <span class='ocrx_word' id='word_1_108' title='bbox 1055 783 1136 815; x_wconf 83' lang='lat' dir='ltr'>circa</span> <span class='ocrx_word' id='word_1_109' title='bbox 1157 793 1204 814; x_wconf 85' lang='lat' dir='ltr'>res</span> <span class='ocrx_word' id='word_1_110' title='bbox 1229 782 1355 825; x_wconf 76' lang='lat' dir='ltr'>plurimi</span> <span class='ocrx_word' id='word_1_111' title='bbox 1378 783 1560 814; x_wconf 81' lang='lat' dir='ltr'>faciendas?</span> <span class='ocrx_word' id='word_1_112' title='bbox 1607 783 1679 815; x_wconf 90' lang='lat' dir='ltr'>Hoc</span> 
     </span>
     <span class='ocr_line' id='line_1_11' title="bbox 211 836 1679 878; baseline 0.001 -12"><span class='ocrx_word' id='word_1_113' title='bbox 211 845 337 878; x_wconf 90' lang='lat' dir='ltr'>quoque</span> <span class='ocrx_word' id='word_1_114' title='bbox 352 836 517 868; x_wconf 87' lang='lat' dir='ltr'>dederunt.</span> <span class='ocrx_word' id='word_1_115' title='bbox 562 836 665 868; x_wconf 89' lang='lat' dir='ltr'>Nemo</span> <span class='ocrx_word' id='word_1_116' title='bbox 680 847 751 868; x_wconf 87' lang='lat' dir='ltr'>vero</span> <span class='ocrx_word' id='word_1_117' title='bbox 767 837 866 868; x_wconf 87' lang='lat' dir='ltr'>libens</span> <span class='ocrx_word' id='word_1_118' title='bbox 881 838 922 868; x_wconf 86' lang='lat' dir='ltr'>ad</span> <span class='ocrx_word' id='word_1_119' title='bbox 944 837 1026 871; x_wconf 81' lang='lat' dir='ltr'>mala</span> <span class='ocrx_word' id='word_1_120' title='bbox 1040 837 1217 873; x_wconf 87' lang='lat' dir='ltr'>descendit,</span> <span class='ocrx_word' id='word_1_121' title='bbox 1235 836 1282 868; x_wconf 88' lang='lat' dir='ltr'>vel</span> <span class='ocrx_word' id='word_1_122' title='bbox 1305 837 1345 867; x_wconf 86' lang='lat' dir='ltr'>ad</span> <span class='ocrx_word' id='word_1_123' title='bbox 1370 836 1426 868; x_wconf 87' lang='lat' dir='ltr'>illa</span> <span class='ocrx_word' id='word_1_124' title='bbox 1442 847 1512 878; x_wconf 84' lang='lat' dir='ltr'>quae</span> <span class='ocrx_word' id='word_1_125' title='bbox 1528 836 1610 867; x_wconf 80' lang='lat' dir='ltr'>mala</span> <span class='ocrx_word' id='word_1_126' title='bbox 1625 846 1679 868; x_wconf 86' lang='lat' dir='ltr'>ex-</span> 
     </span>
     <span class='ocr_line' id='line_1_12' title="bbox 209 887 1680 932; baseline 0.001 -12"><span class='ocrx_word' id='word_1_127' title='bbox 209 887 339 929; x_wconf 72' lang='lat' dir='ltr'>istimat.</span> <span class='ocrx_word' id='word_1_128' title='bbox 382 889 497 932; x_wconf 83' lang='lat' dir='ltr'><strong>Neque</strong></span> <span class='ocrx_word' id='word_1_129' title='bbox 512 891 584 930; x_wconf 91' lang='lat' dir='ltr'>hoc,</span> <span class='ocrx_word' id='word_1_130' title='bbox 608 895 642 921; x_wconf 90' lang='lat' dir='ltr'>ut</span> <span class='ocrx_word' id='word_1_131' title='bbox 663 891 799 928; x_wconf 88' lang='lat' dir='ltr'>videtur,</span> <span class='ocrx_word' id='word_1_132' title='bbox 815 895 932 922; x_wconf 88' lang='lat' dir='ltr'>naturae</span> <span class='ocrx_word' id='word_1_133' title='bbox 947 891 1082 921; x_wconf 84' lang='lat' dir='ltr'>hominis</span> <span class='ocrx_word' id='word_1_134' title='bbox 1103 891 1195 928; x_wconf 86' lang='lat' dir='ltr'>inest,</span> <span class='ocrx_word' id='word_1_135' title='bbox 1212 895 1247 921; x_wconf 94' lang='lat' dir='ltr'>ut</span> <span class='ocrx_word' id='word_1_136' title='bbox 1262 890 1300 922; x_wconf 86' lang='lat' dir='ltr'>ad</span> <span class='ocrx_word' id='word_1_137' title='bbox 1318 901 1355 922; x_wconf 91' lang='lat' dir='ltr'>ea</span> <span class='ocrx_word' id='word_1_138' title='bbox 1377 901 1448 932; x_wconf 86' lang='lat' dir='ltr'>quae</span> <span class='ocrx_word' id='word_1_139' title='bbox 1465 895 1572 923; x_wconf 85' lang='lat' dir='ltr'>censet</span> <span class='ocrx_word' id='word_1_140' title='bbox 1587 890 1680 931; x_wconf 86' lang='lat' dir='ltr'>mala,</span> 
     </span>
     <span class='ocr_line' id='line_1_13' title="bbox 212 942 1678 986; baseline 0.001 -12"><span class='ocrx_word' id='word_1_141' title='bbox 212 942 283 975; x_wconf 90' lang='lat' dir='ltr'>loco</span> <span class='ocrx_word' id='word_1_142' title='bbox 298 943 448 975; x_wconf 90' lang='lat' dir='ltr'>bonorum</span> <span class='ocrx_word' id='word_1_143' title='bbox 464 944 620 976; x_wconf 84' lang='lat' dir='ltr'>declinare</span> <span class='ocrx_word' id='word_1_144' title='bbox 636 945 712 976; x_wconf 85' lang='lat' dir='ltr'>velit</span> <span class='ocrx_word' id='word_1_145' title='bbox 725 956 732 975; x_wconf 89' lang='lat'><strong>:</strong></span> <span class='ocrx_word' id='word_1_146' title='bbox 757 950 789 976; x_wconf 89' lang='lat' dir='ltr'>et</span> <span class='ocrx_word' id='word_1_147' title='bbox 804 955 874 976; x_wconf 82' lang='lat' dir='ltr'>curn</span> <span class='ocrx_word' id='word_1_148' title='bbox 890 956 907 976; x_wconf 91' lang='lat' dir='ltr'>e</span> <span class='ocrx_word' id='word_1_149' title='bbox 923 945 1046 976; x_wconf 89' lang='lat' dir='ltr'>duobus</span> <span class='ocrx_word' id='word_1_150' title='bbox 1062 945 1149 975; x_wconf 82' lang='lat' dir='ltr'>malis</span> <span class='ocrx_word' id='word_1_151' title='bbox 1164 945 1294 975; x_wconf 86' lang='lat' dir='ltr'>alterum</span> <span class='ocrx_word' id='word_1_152' title='bbox 1305 944 1420 986; x_wconf 85' lang='lat' dir='ltr'>eligere</span> <span class='ocrx_word' id='word_1_153' title='bbox 1434 944 1568 985; x_wconf 86' lang='lat' dir='ltr'>cogitur,</span> <span class='ocrx_word' id='word_1_154' title='bbox 1585 954 1678 975; x_wconf 89' lang='lat' dir='ltr'>nemo</span> 
     </span>
     <span class='ocr_line' id='line_1_14' title="bbox 212 997 1680 1041; baseline 0.001 -13"><span class='ocrx_word' id='word_1_155' title='bbox 212 998 296 1039; x_wconf 88' lang='lat' dir='ltr'>quod</span> <span class='ocrx_word' id='word_1_156' title='bbox 313 997 406 1040; x_wconf 86' lang='lat' dir='ltr'>pejus</span> <span class='ocrx_word' id='word_1_157' title='bbox 421 998 521 1040; x_wconf 83' lang='lat' dir='ltr'>eligit,</span> <span class='ocrx_word' id='word_1_158' title='bbox 547 999 622 1029; x_wconf 88' lang='lat' dir='ltr'>dum</span> <span class='ocrx_word' id='word_1_159' title='bbox 638 998 712 1030; x_wconf 91' lang='lat' dir='ltr'>licet</span> <span class='ocrx_word' id='word_1_160' title='bbox 726 999 811 1041; x_wconf 92' lang='lat' dir='ltr'>quod</span> <span class='ocrx_word' id='word_1_161' title='bbox 827 1004 875 1030; x_wconf 91' lang='lat' dir='ltr'>est</span> <span class='ocrx_word' id='word_1_162' title='bbox 893 999 994 1030; x_wconf 86' lang='lat' dir='ltr'>minus</span> <span class='ocrx_word' id='word_1_163' title='bbox 1019 999 1132 1030; x_wconf 83' lang='lat' dir='ltr'>malum</span> <span class='ocrx_word' id='word_1_164' title='bbox 1158 999 1283 1040; x_wconf 81' lang='lat' dir='ltr'>eligere.</span> <span class='ocrx_word' id='word_1_165' title='bbox 1327 998 1407 1030; x_wconf 80' lang='lat' dir='ltr'>Haec</span> <span class='ocrx_word' id='word_1_166' title='bbox 1430 998 1535 1030; x_wconf 87' lang='lat' dir='ltr'>omnia</span> <span class='ocrx_word' id='word_1_167' title='bbox 1558 998 1680 1030; x_wconf 87' lang='lat' dir='ltr'>cunctis</span> 
     </span>
     <span class='ocr_line' id='line_1_15' title="bbox 213 1051 1678 1094; baseline 0 -12"><span class='ocrx_word' id='word_1_168' title='bbox 213 1051 304 1082; x_wconf 84' lang='lat' dir='ltr'>nobis</span> <span class='ocrx_word' id='word_1_169' title='bbox 333 1057 398 1083; x_wconf 86' lang='lat' dir='ltr'>rata</span> <span class='ocrx_word' id='word_1_170' title='bbox 422 1052 567 1083; x_wconf 76' lang='lat' dir='ltr'>habenda</span> <span class='ocrx_word' id='word_1_171' title='bbox 595 1052 661 1083; x_wconf 85' lang='lat' dir='ltr'>visa</span> <span class='ocrx_word' id='word_1_172' title='bbox 690 1058 772 1085; x_wconf 91' lang='lat' dir='ltr'>sunt.</span> <span class='ocrx_word' id='word_1_173' title='bbox 818 1052 919 1092; x_wconf 87' lang='lat' dir='ltr'>Quid,</span> <span class='ocrx_word' id='word_1_174' title='bbox 949 1053 1091 1094; x_wconf 87' lang='lat' dir='ltr'>inquam,</span> <span class='ocrx_word' id='word_1_175' title='bbox 1125 1052 1266 1083; x_wconf 84' lang='lat' dir='ltr'>timorem</span> <span class='ocrx_word' id='word_1_176' title='bbox 1296 1062 1333 1083; x_wconf 86' lang='lat' dir='ltr'>ac</span> <span class='ocrx_word' id='word_1_177' title='bbox 1362 1056 1507 1083; x_wconf 88' lang='lat' dir='ltr'>terrorem</span> <span class='ocrx_word' id='word_1_178' title='bbox 1536 1051 1678 1083; x_wconf 81' lang='lat' dir='ltr'>vocatis?</span> 
     </span>
     <span class='ocr_line' id='line_1_16' title="bbox 189 1095 1677 1148; baseline -0.001 -12"><span class='ocrx_word' id='word_1_179' title='bbox 189 1095 364 1148; x_wconf 69' lang='lat' dir='ltr'>&#39;numquid</span> <span class='ocrx_word' id='word_1_180' title='bbox 380 1106 466 1148; x_wconf 93' lang='lat' dir='ltr'>quod</span> <span class='ocrx_word' id='word_1_181' title='bbox 480 1117 539 1147; x_wconf 85' lang='lat' dir='ltr'>ego</span> <span class='ocrx_word' id='word_1_182' title='bbox 565 1117 638 1147; x_wconf 84' lang='lat' dir='ltr'>erga</span> <span class='ocrx_word' id='word_1_183' title='bbox 658 1111 689 1137; x_wconf 88' lang='lat' dir='ltr'>te</span> <span class='ocrx_word' id='word_1_184' title='bbox 714 1106 798 1143; x_wconf 88' lang='lat' dir='ltr'>dico,</span> <span class='ocrx_word' id='word_1_185' title='bbox 823 1106 983 1137; x_wconf 85' lang='lat' dir='ltr'>Prodice?</span> <span class='ocrx_word' id='word_1_186' title='bbox 1007 1106 1275 1147; x_wconf 77' lang='lat' dir='ltr'>exspectationem</span> <span class='ocrx_word' id='word_1_187' title='bbox 1301 1115 1392 1147; x_wconf 87' lang='lat' dir='ltr'>porro</span> <span class='ocrx_word' id='word_1_188' title='bbox 1420 1105 1577 1146; x_wconf 91' lang='lat' dir='ltr'>quandam</span> <span class='ocrx_word' id='word_1_189' title='bbox 1592 1105 1677 1142; x_wconf 88' lang='lat' dir='ltr'>mali,</span> 
     </span>
     <span class='ocr_line' id='line_1_17' title="bbox 214 1159 1677 1202; baseline 0 -12"><span class='ocrx_word' id='word_1_190' title='bbox 214 1159 280 1191; x_wconf 76' lang='lat' dir='ltr'>sive</span> <span class='ocrx_word' id='word_1_191' title='bbox 308 1159 461 1200; x_wconf 87' lang='lat' dir='ltr'>timorem,</span> <span class='ocrx_word' id='word_1_192' title='bbox 491 1170 545 1191; x_wconf 86' lang='lat' dir='ltr'>seu</span> <span class='ocrx_word' id='word_1_193' title='bbox 583 1165 727 1191; x_wconf 78' lang='lat' dir='ltr'>terrorem</span> <span class='ocrx_word' id='word_1_194' title='bbox 765 1160 891 1197; x_wconf 87' lang='lat' dir='ltr'>dicatis,</span> <span class='ocrx_word' id='word_1_195' title='bbox 923 1159 991 1202; x_wconf 88' lang='lat' dir='ltr'>ipse</span> <span class='ocrx_word' id='word_1_196' title='bbox 1015 1171 1107 1191; x_wconf 80' lang='lat' dir='ltr'>voce.</span> <span class='ocrx_word' id='word_1_197' title='bbox 1161 1159 1271 1190; x_wconf 85' lang='lat' dir='ltr'>Visum</span> <span class='ocrx_word' id='word_1_198' title='bbox 1299 1165 1346 1190; x_wconf 84' lang='lat' dir='ltr'>est</span> <span class='ocrx_word' id='word_1_199' title='bbox 1379 1159 1557 1199; x_wconf 74' lang='lat' dir='ltr'>Protagorae</span> <span class='ocrx_word' id='word_1_200' title='bbox 1583 1164 1677 1200; x_wconf 88' lang='lat' dir='ltr'>atque</span> 
     </span>
     <span class='ocr_line' id='line_1_18' title="bbox 212 1212 1678 1256; baseline -0.001 -12"><span class='ocrx_word' id='word_1_201' title='bbox 212 1214 356 1256; x_wconf 85' lang='lat' dir='ltr'>Hippiae,</span> <span class='ocrx_word' id='word_1_202' title='bbox 380 1214 521 1245; x_wconf 88' lang='lat' dir='ltr'>timorem</span> <span class='ocrx_word' id='word_1_203' title='bbox 548 1225 584 1245; x_wconf 87' lang='lat' dir='ltr'>ac</span> <span class='ocrx_word' id='word_1_204' title='bbox 613 1219 757 1246; x_wconf 87' lang='lat' dir='ltr'>terrorem</span> <span class='ocrx_word' id='word_1_205' title='bbox 783 1215 843 1245; x_wconf 92' lang='lat' dir='ltr'>hoc</span> <span class='ocrx_word' id='word_1_206' title='bbox 870 1224 959 1246; x_wconf 86' lang='lat' dir='ltr'>esse:</span> <span class='ocrx_word' id='word_1_207' title='bbox 994 1214 1131 1245; x_wconf 84' lang='lat' dir='ltr'>Prodico</span> <span class='ocrx_word' id='word_1_208' title='bbox 1157 1218 1262 1244; x_wconf 85' lang='lat' dir='ltr'>autem</span> <span class='ocrx_word' id='word_1_209' title='bbox 1288 1213 1428 1244; x_wconf 87' lang='lat' dir='ltr'>timorem</span> <span class='ocrx_word' id='word_1_210' title='bbox 1454 1212 1583 1254; x_wconf 89' lang='lat' dir='ltr'>quidem</span> <span class='ocrx_word' id='word_1_211' title='bbox 1611 1222 1678 1243; x_wconf 82' lang='lat' dir='ltr'>esse</span> 
     </span>
     <span class='ocr_line' id='line_1_19' title="bbox 211 1266 1677 1309; baseline -0.002 -10"><span class='ocrx_word' id='word_1_212' title='bbox 211 1269 284 1305; x_wconf 89' lang='lat' dir='ltr'>hoc,</span> <span class='ocrx_word' id='word_1_213' title='bbox 307 1273 451 1299; x_wconf 88' lang='lat' dir='ltr'>terrorem</span> <span class='ocrx_word' id='word_1_214' title='bbox 474 1278 546 1299; x_wconf 86' lang='lat' dir='ltr'>vero</span> <span class='ocrx_word' id='word_1_215' title='bbox 571 1268 710 1299; x_wconf 87' lang='lat' dir='ltr'>minime.</span> <span class='ocrx_word' id='word_1_216' title='bbox 755 1267 846 1299; x_wconf 88' lang='lat' dir='ltr'>Nihil</span> <span class='ocrx_word' id='word_1_217' title='bbox 875 1268 908 1299; x_wconf 89' lang='lat' dir='ltr'>id</span> <span class='ocrx_word' id='word_1_218' title='bbox 938 1268 1040 1304; x_wconf 83' lang='lat' dir='ltr'>refert,</span> <span class='ocrx_word' id='word_1_219' title='bbox 1068 1268 1208 1309; x_wconf 89' lang='lat' dir='ltr'>inquam,</span> <span class='ocrx_word' id='word_1_220' title='bbox 1231 1277 1250 1298; x_wconf 95' lang='lat' dir='ltr'>o</span> <span class='ocrx_word' id='word_1_221' title='bbox 1276 1267 1431 1298; x_wconf 85' lang='lat' dir='ltr'>Prodice:</span> <span class='ocrx_word' id='word_1_222' title='bbox 1455 1266 1510 1297; x_wconf 85' lang='lat' dir='ltr'>sed</span> <span class='ocrx_word' id='word_1_223' title='bbox 1534 1266 1628 1303; x_wconf 87' lang='lat' dir='ltr'>istud,</span> <span class='ocrx_word' id='word_1_224' title='bbox 1653 1266 1677 1297; x_wconf 87' lang='lat' dir='ltr'>si</span> 
     </span>
     <span class='ocr_line' id='line_1_20' title="bbox 211 1319 1676 1364; baseline -0.001 -12"><span class='ocrx_word' id='word_1_225' title='bbox 211 1331 283 1353; x_wconf 84' lang='lat' dir='ltr'>vera</span> <span class='ocrx_word' id='word_1_226' title='bbox 308 1325 381 1352; x_wconf 87' lang='lat' dir='ltr'>sunt</span> <span class='ocrx_word' id='word_1_227' title='bbox 407 1332 500 1363; x_wconf 87' lang='lat' dir='ltr'>supra</span> <span class='ocrx_word' id='word_1_228' title='bbox 524 1321 621 1354; x_wconf 89' lang='lat' dir='ltr'>dicta.</span> <span class='ocrx_word' id='word_1_229' title='bbox 678 1321 814 1353; x_wconf 84' lang='lat' dir='ltr'>Voletne</span> <span class='ocrx_word' id='word_1_230' title='bbox 853 1322 968 1364; x_wconf 84' lang='lat' dir='ltr'>aliquis</span> <span class='ocrx_word' id='word_1_231' title='bbox 995 1323 1035 1353; x_wconf 89' lang='lat' dir='ltr'>ad</span> <span class='ocrx_word' id='word_1_232' title='bbox 1061 1322 1118 1352; x_wconf 86' lang='lat' dir='ltr'>illa</span> <span class='ocrx_word' id='word_1_233' title='bbox 1146 1321 1314 1363; x_wconf 87' lang='lat' dir='ltr'>proficisci,</span> <span class='ocrx_word' id='word_1_234' title='bbox 1349 1331 1420 1362; x_wconf 87' lang='lat' dir='ltr'>quae</span> <span class='ocrx_word' id='word_1_235' title='bbox 1446 1319 1570 1361; x_wconf 85' lang='lat' dir='ltr'>metuit,</span> <span class='ocrx_word' id='word_1_236' title='bbox 1601 1320 1676 1350; x_wconf 90' lang='lat' dir='ltr'>dum</span> 
     </span>
     <span class='ocr_line' id='line_1_21' title="bbox 210 1373 1675 1417; baseline -0.001 -11"><span class='ocrx_word' id='word_1_237' title='bbox 210 1375 318 1407; x_wconf 85' lang='lat' dir='ltr'>licebit</span> <span class='ocrx_word' id='word_1_238' title='bbox 342 1376 382 1407; x_wconf 85' lang='lat' dir='ltr'>ad</span> <span class='ocrx_word' id='word_1_239' title='bbox 403 1385 440 1407; x_wconf 86' lang='lat' dir='ltr'>ea</span> <span class='ocrx_word' id='word_1_240' title='bbox 468 1386 539 1416; x_wconf 75' lang='lat' dir='ltr'>quae</span> <span class='ocrx_word' id='word_1_241' title='bbox 566 1376 694 1407; x_wconf 88' lang='lat' dir='ltr'>minime</span> <span class='ocrx_word' id='word_1_242' title='bbox 716 1376 828 1407; x_wconf 88' lang='lat' dir='ltr'>timet?</span> <span class='ocrx_word' id='word_1_243' title='bbox 851 1386 892 1407; x_wconf 88' lang='lat' dir='ltr'>an</span> <span class='ocrx_word' id='word_1_244' title='bbox 918 1375 985 1407; x_wconf 80' lang='lat' dir='ltr'>fieri</span> <span class='ocrx_word' id='word_1_245' title='bbox 1010 1376 1132 1417; x_wconf 89' lang='lat' dir='ltr'>nequit,</span> <span class='ocrx_word' id='word_1_246' title='bbox 1156 1375 1328 1406; x_wconf 86' lang='lat' dir='ltr'>secundum</span> <span class='ocrx_word' id='word_1_247' title='bbox 1355 1385 1393 1406; x_wconf 88' lang='lat' dir='ltr'>ca</span> <span class='ocrx_word' id='word_1_248' title='bbox 1414 1385 1485 1416; x_wconf 87' lang='lat' dir='ltr'>quae</span> <span class='ocrx_word' id='word_1_249' title='bbox 1507 1373 1574 1415; x_wconf 86' lang='lat' dir='ltr'>jam</span> <span class='ocrx_word' id='word_1_250' title='bbox 1601 1384 1675 1405; x_wconf 92' lang='lat' dir='ltr'>con-</span> 
     </span>
     <span class='ocr_line' id='line_1_22' title="bbox 208 1428 1674 1472; baseline -0.003 -10"><span class='ocrx_word' id='word_1_251' title='bbox 208 1430 384 1462; x_wconf 80' lang='lat' dir='ltr'>cessimus?</span> <span class='ocrx_word' id='word_1_252' title='bbox 414 1440 486 1460; x_wconf 89' lang='lat' dir='ltr'>nam</span> <span class='ocrx_word' id='word_1_253' title='bbox 516 1440 587 1472; x_wconf 83' lang='lat' dir='ltr'>quae</span> <span class='ocrx_word' id='word_1_254' title='bbox 613 1431 684 1471; x_wconf 87' lang='lat' dir='ltr'>quis</span> <span class='ocrx_word' id='word_1_255' title='bbox 712 1431 834 1468; x_wconf 87' lang='lat' dir='ltr'>metuit,</span> <span class='ocrx_word' id='word_1_256' title='bbox 871 1430 1025 1468; x_wconf 87' lang='lat' dir='ltr'>constitit,</span> <span class='ocrx_word' id='word_1_257' title='bbox 1057 1430 1143 1472; x_wconf 87' lang='lat' dir='ltr'>quod</span> <span class='ocrx_word' id='word_1_258' title='bbox 1170 1429 1252 1460; x_wconf 87' lang='lat' dir='ltr'>mala</span> <span class='ocrx_word' id='word_1_259' title='bbox 1281 1439 1349 1460; x_wconf 83' lang='lat' dir='ltr'>esse</span> <span class='ocrx_word' id='word_1_260' title='bbox 1379 1433 1493 1470; x_wconf 83' lang='lat' dir='ltr'>putat3</span> <span class='ocrx_word' id='word_1_261' title='bbox 1524 1428 1674 1469; x_wconf 87' lang='lat' dir='ltr'>quodque</span> 
     </span>
     <span class='ocr_line' id='line_1_23' title="bbox 210 1481 1673 1526; baseline -0.003 -10"><span class='ocrx_word' id='word_1_262' title='bbox 210 1484 315 1516; x_wconf 85' lang='lat' dir='ltr'>nullus</span> <span class='ocrx_word' id='word_1_263' title='bbox 341 1489 454 1526; x_wconf 82' lang='lat' dir='ltr'>sponte</span> <span class='ocrx_word' id='word_1_264' title='bbox 477 1485 518 1515; x_wconf 89' lang='lat' dir='ltr'>ad</span> <span class='ocrx_word' id='word_1_265' title='bbox 543 1484 596 1515; x_wconf 90' lang='lat' dir='ltr'>illa</span> <span class='ocrx_word' id='word_1_266' title='bbox 623 1485 800 1522; x_wconf 84' lang='lat' dir='ltr'>descendit,</span> <span class='ocrx_word' id='word_1_267' title='bbox 823 1490 856 1516; x_wconf 88' lang='lat' dir='ltr'>et</span> <span class='ocrx_word' id='word_1_268' title='bbox 881 1484 999 1526; x_wconf 86' lang='lat' dir='ltr'>accipit</span> <span class='ocrx_word' id='word_1_269' title='bbox 1023 1495 1094 1526; x_wconf 80' lang='lat' dir='ltr'>quae</span> <span class='ocrx_word' id='word_1_270' title='bbox 1121 1484 1203 1515; x_wconf 88' lang='lat' dir='ltr'>mala</span> <span class='ocrx_word' id='word_1_271' title='bbox 1231 1483 1396 1515; x_wconf 88' lang='lat' dir='ltr'>existimat.</span> <span class='ocrx_word' id='word_1_272' title='bbox 1443 1481 1523 1513; x_wconf 87' lang='lat' dir='ltr'>Haec</span> <span class='ocrx_word' id='word_1_273' title='bbox 1546 1490 1673 1523; x_wconf 86' lang='lat' dir='ltr'>quoque</span> 
     </span>
     <span class='ocr_line' id='line_1_24' title="bbox 209 1535 1675 1581; baseline -0.003 -11"><span class='ocrx_word' id='word_1_274' title='bbox 209 1539 353 1570; x_wconf 85' lang='lat' dir='ltr'>omnibus</span> <span class='ocrx_word' id='word_1_275' title='bbox 378 1539 573 1580; x_wconf 88' lang='lat' dir='ltr'>placuerunt.</span> <span class='ocrx_word' id='word_1_276' title='bbox 597 1539 693 1581; x_wconf 85' lang='lat'>[359]</span> <span class='ocrx_word' id='word_1_277' title='bbox 731 1539 791 1570; x_wconf 90' lang='lat' dir='ltr'>His</span> <span class='ocrx_word' id='word_1_278' title='bbox 817 1539 862 1570; x_wconf 86' lang='lat' dir='ltr'>ita</span> <span class='ocrx_word' id='word_1_279' title='bbox 888 1538 1071 1581; x_wconf 87' lang='lat' dir='ltr'>suppositis,</span> <span class='ocrx_word' id='word_1_280' title='bbox 1101 1536 1295 1576; x_wconf 55' lang='lat' dir='ltr'>o&#39;Prodice‚</span> <span class='ocrx_word' id='word_1_281' title='bbox 1319 1537 1461 1578; x_wconf 79' lang='lat' dir='ltr'>inquam,</span> <span class='ocrx_word' id='word_1_282' title='bbox 1484 1540 1517 1567; x_wconf 88' lang='lat' dir='ltr'>et</span> <span class='ocrx_word' id='word_1_283' title='bbox 1542 1535 1675 1577; x_wconf 87' lang='lat' dir='ltr'>Hippia,</span> 
     </span>
     <span class='ocr_line' id='line_1_25' title="bbox 209 1589 1675 1636; baseline -0.003 -12"><span class='ocrx_word' id='word_1_284' title='bbox 209 1593 338 1636; x_wconf 87' lang='lat' dir='ltr'>primam</span> <span class='ocrx_word' id='word_1_285' title='bbox 364 1593 433 1635; x_wconf 88' lang='lat' dir='ltr'>ejus</span> <span class='ocrx_word' id='word_1_286' title='bbox 458 1594 693 1636; x_wconf 84' lang='lat' dir='ltr'>responsionem</span> <span class='ocrx_word' id='word_1_287' title='bbox 723 1594 911 1635; x_wconf 84' lang='lat' dir='ltr'>Protagoras</span> <span class='ocrx_word' id='word_1_288' title='bbox 943 1604 1046 1626; x_wconf 84' lang='lat' dir='ltr'>coram</span> <span class='ocrx_word' id='word_1_289' title='bbox 1071 1593 1161 1624; x_wconf 89' lang='lat' dir='ltr'>vobis</span> <span class='ocrx_word' id='word_1_290' title='bbox 1187 1597 1337 1634; x_wconf 88' lang='lat' dir='ltr'>tanquam</span> <span class='ocrx_word' id='word_1_291' title='bbox 1367 1601 1470 1622; x_wconf 85' lang='lat' dir='ltr'>veram</span> <span class='ocrx_word' id='word_1_292' title='bbox 1498 1589 1675 1622; x_wconf 84' lang='lat' dir='ltr'>defendat:</span> 
     </span>
     <span class='ocr_line' id='line_1_26' title="bbox 209 1644 1676 1690; baseline -0.003 -12"><span class='ocrx_word' id='word_1_293' title='bbox 209 1647 304 1678; x_wconf 88' lang='lat' dir='ltr'>immo</span> <span class='ocrx_word' id='word_1_294' title='bbox 318 1658 391 1678; x_wconf 90' lang='lat' dir='ltr'>vero</span> <span class='ocrx_word' id='word_1_295' title='bbox 415 1657 499 1679; x_wconf 90' lang='lat' dir='ltr'>nunc</span> <span class='ocrx_word' id='word_1_296' title='bbox 521 1657 585 1678; x_wconf 88' lang='lat' dir='ltr'>nou</span> <span class='ocrx_word' id='word_1_297' title='bbox 610 1648 752 1690; x_wconf 84' lang='lat' dir='ltr'>primam.</span> <span class='ocrx_word' id='word_1_298' title='bbox 796 1647 902 1689; x_wconf 91' lang='lat' dir='ltr'>inquit</span> <span class='ocrx_word' id='word_1_299' title='bbox 926 1647 1021 1685; x_wconf 87' lang='lat' dir='ltr'>enim,</span> <span class='ocrx_word' id='word_1_300' title='bbox 1043 1647 1144 1688; x_wconf 89' lang='lat' dir='ltr'>primo</span> <span class='ocrx_word' id='word_1_301' title='bbox 1166 1657 1203 1678; x_wconf 83' lang='lat' dir='ltr'>ex</span> <span class='ocrx_word' id='word_1_302' title='bbox 1229 1646 1369 1687; x_wconf 82' lang='lat' dir='ltr'>quinque</span> <span class='ocrx_word' id='word_1_303' title='bbox 1391 1644 1510 1675; x_wconf 80' lang='lat' dir='ltr'>virtutis</span> <span class='ocrx_word' id='word_1_304' title='bbox 1537 1644 1676 1685; x_wconf 85' lang='lat' dir='ltr'>partibus</span> 
     </span>
     <span class='ocr_line' id='line_1_27' title="bbox 205 1698 1677 1743; baseline -0.003 -11"><span class='ocrx_word' id='word_1_305' title='bbox 205 1700 326 1732; x_wconf 60' lang='lat' dir='ltr'>*nullam</span> <span class='ocrx_word' id='word_1_306' title='bbox 340 1701 432 1732; x_wconf 86' lang='lat' dir='ltr'>talem</span> <span class='ocrx_word' id='word_1_307' title='bbox 448 1712 528 1742; x_wconf 88' lang='lat' dir='ltr'>esse,</span> <span class='ocrx_word' id='word_1_308' title='bbox 550 1702 651 1743; x_wconf 87' lang='lat' dir='ltr'>qualis</span> <span class='ocrx_word' id='word_1_309' title='bbox 677 1706 725 1733; x_wconf 84' lang='lat' dir='ltr'>est</span> <span class='ocrx_word' id='word_1_310' title='bbox 751 1701 826 1738; x_wconf 88' lang='lat' dir='ltr'>alia,</span> <span class='ocrx_word' id='word_1_311' title='bbox 849 1706 882 1732; x_wconf 87' lang='lat' dir='ltr'>ct</span> <span class='ocrx_word' id='word_1_312' title='bbox 905 1703 1157 1743; x_wconf 81' lang='lat' dir='ltr'>unamquamque</span> <span class='ocrx_word' id='word_1_313' title='bbox 1183 1700 1340 1742; x_wconf 87' lang='lat' dir='ltr'>propriam</span> <span class='ocrx_word' id='word_1_314' title='bbox 1356 1699 1470 1729; x_wconf 85' lang='lat' dir='ltr'>habere</span> <span class='ocrx_word' id='word_1_315' title='bbox 1492 1698 1677 1739; x_wconf 86' lang='lat' dir='ltr'>potentiam.</span> 
     </span>
     <span class='ocr_line' id='line_1_28' title="bbox 208 1751 1677 1797; baseline -0.003 -11"><span class='ocrx_word' id='word_1_316' title='bbox 208 1754 285 1786; x_wconf 85' lang='lat' dir='ltr'>Non</span> <span class='ocrx_word' id='word_1_317' title='bbox 299 1755 360 1786; x_wconf 90' lang='lat' dir='ltr'>hoc</span> <span class='ocrx_word' id='word_1_318' title='bbox 374 1755 465 1796; x_wconf 81' lang='lat' dir='ltr'>exigo</span> <span class='ocrx_word' id='word_1_319' title='bbox 480 1766 577 1795; x_wconf 86' lang='lat' dir='ltr'>nunc,</span> <span class='ocrx_word' id='word_1_320' title='bbox 600 1756 655 1786; x_wconf 76' lang='lat' dir='ltr'>secl</span> <span class='ocrx_word' id='word_1_321' title='bbox 671 1756 755 1797; x_wconf 92' lang='lat' dir='ltr'>quod</span> <span class='ocrx_word' id='word_1_322' title='bbox 783 1760 893 1796; x_wconf 85' lang='lat' dir='ltr'>postea</span> <span class='ocrx_word' id='word_1_323' title='bbox 916 1755 1007 1785; x_wconf 83' lang='lat' dir='ltr'>dixit.</span> <span class='ocrx_word' id='word_1_324' title='bbox 1051 1755 1155 1796; x_wconf 90' lang='lat' dir='ltr'>inquit</span> <span class='ocrx_word' id='word_1_325' title='bbox 1181 1754 1264 1785; x_wconf 87' lang='lat' dir='ltr'>enim</span> <span class='ocrx_word' id='word_1_326' title='bbox 1290 1754 1326 1784; x_wconf 87' lang='lat' dir='ltr'>in</span> <span class='ocrx_word' id='word_1_327' title='bbox 1348 1752 1564 1794; x_wconf 90' lang='lat' dir='ltr'>sequentibus,</span> <span class='ocrx_word' id='word_1_328' title='bbox 1587 1751 1677 1789; x_wconf 87' lang='lat' dir='ltr'>Qua-</span> 
     </span>
     <span class='ocr_line' id='line_1_29' title="bbox 208 1805 1675 1850; baseline -0.001 -11"><span class='ocrx_word' id='word_1_329' title='bbox 208 1812 279 1839; x_wconf 88' lang='lat' dir='ltr'>tuor</span> <span class='ocrx_word' id='word_1_330' title='bbox 301 1808 423 1840; x_wconf 84' lang='lat' dir='ltr'>virtutis</span> <span class='ocrx_word' id='word_1_331' title='bbox 449 1814 552 1850; x_wconf 82' lang='lat' dir='ltr'>partes</span> <span class='ocrx_word' id='word_1_332' title='bbox 578 1809 654 1839; x_wconf 83' lang='lat' dir='ltr'>satis</span> <span class='ocrx_word' id='word_1_333' title='bbox 680 1809 815 1840; x_wconf 89' lang='lat' dir='ltr'>invicem</span> <span class='ocrx_word' id='word_1_334' title='bbox 842 1809 1034 1850; x_wconf 86' lang='lat' dir='ltr'>propinquas</span> <span class='ocrx_word' id='word_1_335' title='bbox 1061 1818 1151 1839; x_wconf 84' lang='lat' dir='ltr'>esse:</span> <span class='ocrx_word' id='word_1_336' title='bbox 1175 1818 1270 1838; x_wconf 87' lang='lat' dir='ltr'>unam</span> <span class='ocrx_word' id='word_1_337' title='bbox 1298 1817 1372 1838; x_wconf 88' lang='lat' dir='ltr'>vero</span> <span class='ocrx_word' id='word_1_338' title='bbox 1398 1807 1532 1844; x_wconf 88' lang='lat' dir='ltr'>illarum,</span> <span class='ocrx_word' id='word_1_339' title='bbox 1555 1805 1675 1838; x_wconf 88' lang='lat' dir='ltr'>scilicet</span> 
     </span>
     <span class='ocr_line' id='line_1_30' title="bbox 208 1859 1676 1903; baseline -0.001 -11"><span class='ocrx_word' id='word_1_340' title='bbox 208 1862 436 1899; x_wconf 84' lang='lat' dir='ltr'>fortitudinem,</span> <span class='ocrx_word' id='word_1_341' title='bbox 460 1872 478 1893; x_wconf 89' lang='lat' dir='ltr'>a</span> <span class='ocrx_word' id='word_1_342' title='bbox 501 1862 629 1903; x_wconf 84' lang='lat' dir='ltr'>reliquis</span> <span class='ocrx_word' id='word_1_343' title='bbox 653 1861 747 1903; x_wconf 88' lang='lat' dir='ltr'>longe</span> <span class='ocrx_word' id='word_1_344' title='bbox 773 1861 908 1893; x_wconf 83' lang='lat' dir='ltr'>differre.</span> <span class='ocrx_word' id='word_1_345' title='bbox 954 1861 1050 1899; x_wconf 86' lang='lat' dir='ltr'>Quod</span> <span class='ocrx_word' id='word_1_346' title='bbox 1074 1861 1150 1893; x_wconf 84' lang='lat' dir='ltr'>inde</span> <span class='ocrx_word' id='word_1_347' title='bbox 1174 1861 1290 1902; x_wconf 86' lang='lat' dir='ltr'>conjici</span> <span class='ocrx_word' id='word_1_348' title='bbox 1312 1872 1406 1902; x_wconf 88' lang='lat' dir='ltr'>posse</span> <span class='ocrx_word' id='word_1_349' title='bbox 1429 1860 1565 1902; x_wconf 89' lang='lat' dir='ltr'>dicebat,</span> <span class='ocrx_word' id='word_1_350' title='bbox 1588 1859 1676 1901; x_wconf 88' lang='lat' dir='ltr'>quod</span> 
     </span>
     <span class='ocr_line' id='line_1_31' title="bbox 208 1914 1675 1958; baseline -0.002 -10"><span class='ocrx_word' id='word_1_351' title='bbox 208 1915 350 1958; x_wconf 86' lang='lat' dir='ltr'>plerique</span> <span class='ocrx_word' id='word_1_352' title='bbox 375 1915 589 1947; x_wconf 85' lang='lat' dir='ltr'>invenirentur</span> <span class='ocrx_word' id='word_1_353' title='bbox 603 1915 762 1947; x_wconf 83' lang='lat' dir='ltr'>fortissimi</span> <span class='ocrx_word' id='word_1_354' title='bbox 785 1916 855 1954; x_wconf 87' lang='lat' dir='ltr'>viri,</span> <span class='ocrx_word' id='word_1_355' title='bbox 878 1917 934 1958; x_wconf 91' lang='lat' dir='ltr'>qui</span> <span class='ocrx_word' id='word_1_356' title='bbox 958 1921 1063 1948; x_wconf 87' lang='lat' dir='ltr'>tamen</span> <span class='ocrx_word' id='word_1_357' title='bbox 1089 1916 1310 1958; x_wconf 80' lang='lat' dir='ltr'>profanissimi,</span> <span class='ocrx_word' id='word_1_358' title='bbox 1330 1915 1538 1957; x_wconf 85' lang='lat' dir='ltr'>injustissimi,</span> <span class='ocrx_word' id='word_1_359' title='bbox 1561 1914 1675 1946; x_wconf 80' lang='lat' dir='ltr'>intern-</span> 
     </span>
     <span class='ocr_line' id='line_1_32' title="bbox 208 1969 1675 2012; baseline -0.002 -10"><span class='ocrx_word' id='word_1_360' title='bbox 208 1970 428 2012; x_wconf 85' lang='lat' dir='ltr'>perantissimi,</span> <span class='ocrx_word' id='word_1_361' title='bbox 449 1975 483 2001; x_wconf 88' lang='lat' dir='ltr'>et</span> <span class='ocrx_word' id='word_1_362' title='bbox 501 1969 750 2011; x_wconf 84' lang='lat' dir='ltr'>insipientissimi</span> <span class='ocrx_word' id='word_1_363' title='bbox 780 1975 906 2001; x_wconf 84' lang='lat' dir='ltr'>essent:</span> <span class='ocrx_word' id='word_1_364' title='bbox 945 1981 982 2002; x_wconf 87' lang='lat' dir='ltr'>ex</span> <span class='ocrx_word' id='word_1_365' title='bbox 1011 1981 1074 2012; x_wconf 88' lang='lat' dir='ltr'>quo</span> <span class='ocrx_word' id='word_1_366' title='bbox 1097 1975 1204 2012; x_wconf 89' lang='lat' dir='ltr'>patere</span> <span class='ocrx_word' id='word_1_367' title='bbox 1234 1970 1373 2010; x_wconf 82' lang='lat' dir='ltr'>volebat,</span> <span class='ocrx_word' id='word_1_368' title='bbox 1396 1969 1612 2000; x_wconf 80' lang='lat' dir='ltr'>fortitudinem</span> <span class='ocrx_word' id='word_1_369' title='bbox 1635 1970 1675 2000; x_wconf 83' lang='lat' dir='ltr'>ab</span> 
     </span>
     <span class='ocr_line' id='line_1_33' title="bbox 209 2023 1676 2067; baseline -0.003 -10"><span class='ocrx_word' id='word_1_370' title='bbox 209 2026 354 2057; x_wconf 84' lang='lat' dir='ltr'>omnibus</span> <span class='ocrx_word' id='word_1_371' title='bbox 377 2025 448 2056; x_wconf 81' lang='lat' dir='ltr'>aliis</span> <span class='ocrx_word' id='word_1_372' title='bbox 463 2024 586 2056; x_wconf 87' lang='lat' dir='ltr'>virtutis</span> <span class='ocrx_word' id='word_1_373' title='bbox 609 2025 750 2067; x_wconf 87' lang='lat' dir='ltr'>partibus</span> <span class='ocrx_word' id='word_1_374' title='bbox 771 2025 940 2066; x_wconf 91' lang='lat' dir='ltr'>plurimum</span> <span class='ocrx_word' id='word_1_375' title='bbox 967 2025 1103 2058; x_wconf 78' lang='lat' dir='ltr'>differre.</span> <span class='ocrx_word' id='word_1_376' title='bbox 1151 2023 1252 2066; x_wconf 84' lang='lat' dir='ltr'>Cujus</span> <span class='ocrx_word' id='word_1_377' title='bbox 1278 2035 1337 2066; x_wconf 88' lang='lat' dir='ltr'>ego</span> <span class='ocrx_word' id='word_1_378' title='bbox 1363 2033 1546 2066; x_wconf 88' lang='lat' dir='ltr'>responsum</span> <span class='ocrx_word' id='word_1_379' title='bbox 1572 2023 1676 2054; x_wconf 83' lang='lat' dir='ltr'>statim</span> 
     </span>
     <span class='ocr_line' id='line_1_34' title="bbox 208 2078 1674 2121; baseline -0.003 -9"><span class='ocrx_word' id='word_1_380' title='bbox 208 2081 408 2112; x_wconf 84' lang='lat' dir='ltr'>vehementer</span> <span class='ocrx_word' id='word_1_381' title='bbox 418 2090 486 2111; x_wconf 90' lang='lat' dir='ltr'>sum</span> <span class='ocrx_word' id='word_1_382' title='bbox 502 2079 684 2121; x_wconf 82' lang='lat' dir='ltr'>admiratus,</span> <span class='ocrx_word' id='word_1_383' title='bbox 707 2079 870 2121; x_wconf 88' lang='lat' dir='ltr'>multoque</span> <span class='ocrx_word' id='word_1_384' title='bbox 892 2078 987 2111; x_wconf 83' lang='lat' dir='ltr'>etiam</span> <span class='ocrx_word' id='word_1_385' title='bbox 1003 2079 1114 2121; x_wconf 85' lang='lat' dir='ltr'>magis,</span> <span class='ocrx_word' id='word_1_386' title='bbox 1140 2084 1305 2121; x_wconf 85' lang='lat' dir='ltr'>postquam</span> <span class='ocrx_word' id='word_1_387' title='bbox 1321 2079 1482 2110; x_wconf 81' lang='lat' dir='ltr'>vobiscum</span> <span class='ocrx_word' id='word_1_388' title='bbox 1504 2078 1572 2108; x_wconf 85' lang='lat' dir='ltr'>haec</span> <span class='ocrx_word' id='word_1_389' title='bbox 1595 2082 1674 2108; x_wconf 86' lang='lat' dir='ltr'>trac—</span> 
     </span>
     <span class='ocr_line' id='line_1_35' title="bbox 210 2131 1675 2176; baseline -0.003 -10"><span class='ocrx_word' id='word_1_390' title='bbox 210 2134 285 2167; x_wconf 80' lang='lat' dir='ltr'>tavi.</span> <span class='ocrx_word' id='word_1_391' title='bbox 309 2144 403 2176; x_wconf 90' lang='lat' dir='ltr'>quare</span> <span class='ocrx_word' id='word_1_392' title='bbox 419 2134 458 2165; x_wconf 84' lang='lat' dir='ltr'>ab</span> <span class='ocrx_word' id='word_1_393' title='bbox 471 2133 529 2165; x_wconf 83' lang='lat' dir='ltr'>illo</span> <span class='ocrx_word' id='word_1_394' title='bbox 552 2133 728 2166; x_wconf 79' lang='lat' dir='ltr'>sciscitatus</span> <span class='ocrx_word' id='word_1_395' title='bbox 749 2144 829 2172; x_wconf 88' lang='lat' dir='ltr'>sum,</span> <span class='ocrx_word' id='word_1_396' title='bbox 854 2139 957 2165; x_wconf 87' lang='lat' dir='ltr'>utrum</span> <span class='ocrx_word' id='word_1_397' title='bbox 979 2134 1074 2165; x_wconf 82' lang='lat' dir='ltr'>fortes</span> <span class='ocrx_word' id='word_1_398' title='bbox 1097 2133 1232 2165; x_wconf 86' lang='lat' dir='ltr'>audaces</span> <span class='ocrx_word' id='word_1_399' title='bbox 1246 2137 1382 2165; x_wconf 84' lang='lat' dir='ltr'>vocaret.</span> <span class='ocrx_word' id='word_1_400' title='bbox 1430 2131 1490 2162; x_wconf 92' lang='lat' dir='ltr'>Ille</span> <span class='ocrx_word' id='word_1_401' title='bbox 1505 2140 1578 2162; x_wconf 85' lang='lat' dir='ltr'>vcro</span> <span class='ocrx_word' id='word_1_402' title='bbox 1594 2141 1675 2173; x_wconf 87' lang='lat' dir='ltr'>prae—</span> 
     </span>
     <span class='ocr_line' id='line_1_36' title="bbox 158 2184 1677 2231; baseline -0.005 -10"><span class='ocrx_word' id='word_1_403' title='bbox 158 2210 161 2214; x_wconf 46' lang='lat' dir='ltr'><em>s</em></span> <span class='ocrx_word' id='word_1_404' title='bbox 206 2189 322 2231; x_wconf 84' lang='lat' dir='ltr'>cipites</span> <span class='ocrx_word' id='word_1_405' title='bbox 346 2188 476 2230; x_wconf 85' lang='lat' dir='ltr'>insuper</span> <span class='ocrx_word' id='word_1_406' title='bbox 505 2188 639 2220; x_wconf 82' lang='lat' dir='ltr'>addidit.</span> <span class='ocrx_word' id='word_1_407' title='bbox 684 2188 884 2226; x_wconf 85' lang='lat' dir='ltr'>Recordaris,</span> <span class='ocrx_word' id='word_1_408' title='bbox 908 2188 1091 2230; x_wconf 81' lang='lat' dir='ltr'>Protagora,</span> <span class='ocrx_word' id='word_1_409' title='bbox 1127 2189 1195 2220; x_wconf 81' lang='lat' dir='ltr'>haec</span> <span class='ocrx_word' id='word_1_410' title='bbox 1226 2192 1258 2219; x_wconf 88' lang='lat' dir='ltr'>te</span> <span class='ocrx_word' id='word_1_411' title='bbox 1280 2185 1503 2229; x_wconf 86' lang='lat' dir='ltr'>respondisse?</span> <span class='ocrx_word' id='word_1_412' title='bbox 1564 2184 1677 2215; x_wconf 60' lang='lat' dir='ltr'>Prior.</span> 
     </span>
     <span class='ocr_line' id='line_1_37' title="bbox 206 2238 1674 2286; baseline -0.004 -12"><span class='ocrx_word' id='word_1_413' title='bbox 206 2242 379 2278; x_wconf 79' lang='lat' dir='ltr'>Recordor.</span> <span class='ocrx_word' id='word_1_414' title='bbox 423 2243 481 2274; x_wconf 86' lang='lat' dir='ltr'>So.</span> <span class='ocrx_word' id='word_1_415' title='bbox 506 2242 569 2274; x_wconf 90' lang='lat' dir='ltr'>Dic</span> <span class='ocrx_word' id='word_1_416' title='bbox 585 2244 713 2275; x_wconf 86' lang='lat' dir='ltr'>obsecro</span> <span class='ocrx_word' id='word_1_417' title='bbox 731 2243 836 2282; x_wconf 85' lang='lat' dir='ltr'>nobis,</span> <span class='ocrx_word' id='word_1_418' title='bbox 859 2244 899 2274; x_wconf 87' lang='lat' dir='ltr'>ad</span> <span class='ocrx_word' id='word_1_419' title='bbox 914 2243 990 2286; x_wconf 88' lang='lat' dir='ltr'>quid</span> <span class='ocrx_word' id='word_1_420' title='bbox 1008 2242 1185 2285; x_wconf 65' lang='lat' dir='ltr'>praecipites</span> <span class='ocrx_word' id='word_1_421' title='bbox 1202 2241 1344 2273; x_wconf 84' lang='lat' dir='ltr'>homines</span> <span class='ocrx_word' id='word_1_422' title='bbox 1368 2241 1463 2271; x_wconf 85' lang='lat' dir='ltr'>fortes</span> <span class='ocrx_word' id='word_1_423' title='bbox 1486 2238 1674 2280; x_wconf 76' lang='lat' dir='ltr'>nuncupas?</span> 
     </span>
     <span class='ocr_line' id='line_1_38' title="bbox 205 2292 1672 2339; baseline -0.003 -11"><span class='ocrx_word' id='word_1_424' title='bbox 205 2307 248 2328; x_wconf 77' lang='lat' dir='ltr'>an</span> <span class='ocrx_word' id='word_1_425' title='bbox 270 2297 310 2328; x_wconf 87' lang='lat' dir='ltr'>ad</span> <span class='ocrx_word' id='word_1_426' title='bbox 336 2307 386 2334; x_wconf 85' lang='lat' dir='ltr'>ea,</span> <span class='ocrx_word' id='word_1_427' title='bbox 409 2307 480 2339; x_wconf 68' lang='lat' dir='ltr'>quas</span> <span class='ocrx_word' id='word_1_428' title='bbox 505 2297 607 2328; x_wconf 87' lang='lat' dir='ltr'>timidi</span> <span class='ocrx_word' id='word_1_429' title='bbox 632 2297 879 2339; x_wconf 84' lang='lat' dir='ltr'>aggrediuntur?</span> <span class='ocrx_word' id='word_1_430' title='bbox 924 2297 1034 2329; x_wconf 74' lang='lat' dir='ltr'>Pnor.</span> <span class='ocrx_word' id='word_1_431' title='bbox 1056 2296 1146 2328; x_wconf 90' lang='lat' dir='ltr'>Non.</span> <span class='ocrx_word' id='word_1_432' title='bbox 1190 2296 1246 2328; x_wconf 92' lang='lat' dir='ltr'>So.</span> <span class='ocrx_word' id='word_1_433' title='bbox 1268 2295 1352 2337; x_wconf 88' lang='lat' dir='ltr'>Ergo</span> <span class='ocrx_word' id='word_1_434' title='bbox 1373 2294 1412 2325; x_wconf 84' lang='lat' dir='ltr'>ad</span> <span class='ocrx_word' id='word_1_435' title='bbox 1434 2293 1518 2324; x_wconf 86' lang='lat' dir='ltr'>alia?</span> <span class='ocrx_word' id='word_1_436' title='bbox 1562 2292 1672 2324; x_wconf 70' lang='lat' dir='ltr'>Prior.</span> 
     </span>
     <span class='ocr_line' id='line_1_39' title="bbox 207 2346 1672 2393; baseline -0.003 -11"><span class='ocrx_word' id='word_1_437' title='bbox 207 2350 343 2393; x_wconf 87' lang='lat' dir='ltr'>Nempe.</span> <span class='ocrx_word' id='word_1_438' title='bbox 386 2350 442 2383; x_wconf 91' lang='lat' dir='ltr'>So.</span> <span class='ocrx_word' id='word_1_439' title='bbox 466 2350 579 2383; x_wconf 88' lang='lat' dir='ltr'>Utrum</span> <span class='ocrx_word' id='word_1_440' title='bbox 602 2352 706 2382; x_wconf 80' lang='lat' dir='ltr'>timidi</span> <span class='ocrx_word' id='word_1_441' title='bbox 734 2352 882 2382; x_wconf 81' lang='lat' dir='ltr'>audenda</span> <span class='ocrx_word' id='word_1_442' title='bbox 913 2350 1162 2393; x_wconf 80' lang='lat' dir='ltr'>aggrediuntur?</span> <span class='ocrx_word' id='word_1_443' title='bbox 1196 2349 1367 2382; x_wconf 87' lang='lat' dir='ltr'>metuenda</span> <span class='ocrx_word' id='word_1_444' title='bbox 1395 2347 1512 2379; x_wconf 81' lang='lat' dir='ltr'>fortes?</span> <span class='ocrx_word' id='word_1_445' title='bbox 1557 2346 1672 2378; x_wconf 75' lang='lat' dir='ltr'>Pnor.</span> 
     </span>
     <span class='ocr_line' id='line_1_40' title="bbox 206 2401 1672 2444; baseline -0.005 -7"><span class='ocrx_word' id='word_1_446' title='bbox 206 2405 259 2439; x_wconf 86' lang='lat' dir='ltr'>Ita</span> <span class='ocrx_word' id='word_1_447' title='bbox 283 2406 390 2442; x_wconf 80' lang='lat' dir='ltr'>fertur,</span> <span class='ocrx_word' id='word_1_448' title='bbox 413 2415 433 2436; x_wconf 92' lang='lat' dir='ltr'>o</span> <span class='ocrx_word' id='word_1_449' title='bbox 458 2405 614 2436; x_wconf 81' lang='lat' dir='ltr'>Socrates.</span> <span class='ocrx_word' id='word_1_450' title='bbox 657 2405 714 2436; x_wconf 91' lang='lat' dir='ltr'>So.</span> <span class='ocrx_word' id='word_1_451' title='bbox 736 2405 821 2435; x_wconf 84' lang='lat' dir='ltr'>Vera</span> <span class='ocrx_word' id='word_1_452' title='bbox 843 2415 957 2435; x_wconf 83' lang='lat' dir='ltr'>narras.</span> <span class='ocrx_word' id='word_1_453' title='bbox 982 2415 1087 2434; x_wconf 81' lang='lat' dir='ltr'>verum</span> <span class='ocrx_word' id='word_1_454' title='bbox 1112 2414 1176 2433; x_wconf 88' lang='lat' dir='ltr'>non</span> <span class='ocrx_word' id='word_1_455' title='bbox 1201 2403 1285 2433; x_wconf 87' lang='lat' dir='ltr'>istud</span> <span class='ocrx_word' id='word_1_456' title='bbox 1312 2402 1456 2444; x_wconf 86' lang='lat' dir='ltr'>requiro:</span> <span class='ocrx_word' id='word_1_457' title='bbox 1479 2401 1576 2432; x_wconf 87' lang='lat' dir='ltr'>immo</span> <span class='ocrx_word' id='word_1_458' title='bbox 1600 2409 1672 2431; x_wconf 87' lang='lat' dir='ltr'>vero</span> 
     </span>
     <span class='ocr_line' id='line_1_41' title="bbox 206 2453 1673 2501; baseline -0.004 -11"><span class='ocrx_word' id='word_1_459' title='bbox 206 2464 240 2491; x_wconf 86' lang='lat' dir='ltr'>tu</span> <span class='ocrx_word' id='word_1_460' title='bbox 255 2460 296 2490; x_wconf 78' lang='lat' dir='ltr'>ad</span> <span class='ocrx_word' id='word_1_461' title='bbox 308 2459 384 2501; x_wconf 88' lang='lat' dir='ltr'>quid</span> <span class='ocrx_word' id='word_1_462' title='bbox 403 2459 579 2501; x_wconf 84' lang='lat' dir='ltr'>praecipites</span> <span class='ocrx_word' id='word_1_463' title='bbox 594 2458 690 2490; x_wconf 83' lang='lat' dir='ltr'>fortes</span> <span class='ocrx_word' id='word_1_464' title='bbox 705 2458 869 2500; x_wconf 82' lang='lat' dir='ltr'>appellas?</span> <span class='ocrx_word' id='word_1_465' title='bbox 894 2468 970 2488; x_wconf 90' lang='lat' dir='ltr'>num</span> <span class='ocrx_word' id='word_1_466' title='bbox 991 2457 1032 2487; x_wconf 89' lang='lat' dir='ltr'>ad</span> <span class='ocrx_word' id='word_1_467' title='bbox 1049 2457 1142 2498; x_wconf 83' lang='lat' dir='ltr'>mala,</span> <span class='ocrx_word' id='word_1_468' title='bbox 1165 2455 1300 2488; x_wconf 86' lang='lat' dir='ltr'>scientes</span> <span class='ocrx_word' id='word_1_469' title='bbox 1323 2466 1391 2487; x_wconf 85' lang='lat' dir='ltr'>esse</span> <span class='ocrx_word' id='word_1_470' title='bbox 1413 2455 1494 2486; x_wconf 83' lang='lat' dir='ltr'>mala</span> <span class='ocrx_word' id='word_1_471' title='bbox 1517 2453 1673 2496; x_wconf 89' lang='lat' dir='ltr'>pernicio-</span> 
     </span>
     <span class='ocr_line' id='line_1_42' title="bbox 206 2509 1671 2554; baseline -0.004 -10"><span class='ocrx_word' id='word_1_472' title='bbox 206 2513 328 2554; x_wconf 81' lang='lat' dir='ltr'>saque?</span> <span class='ocrx_word' id='word_1_473' title='bbox 351 2512 401 2544; x_wconf 85' lang='lat' dir='ltr'>vel</span> <span class='ocrx_word' id='word_1_474' title='bbox 417 2513 456 2543; x_wconf 84' lang='lat' dir='ltr'>ad</span> <span class='ocrx_word' id='word_1_475' title='bbox 472 2522 522 2550; x_wconf 82' lang='lat' dir='ltr'>ea,</span> <span class='ocrx_word' id='word_1_476' title='bbox 545 2523 616 2554; x_wconf 78' lang='lat' dir='ltr'>quae</span> <span class='ocrx_word' id='word_1_477' title='bbox 630 2511 707 2543; x_wconf 85' lang='lat' dir='ltr'>talia</span> <span class='ocrx_word' id='word_1_478' title='bbox 727 2523 792 2543; x_wconf 91' lang='lat' dir='ltr'>non</span> <span class='ocrx_word' id='word_1_479' title='bbox 808 2511 907 2543; x_wconf 86' lang='lat' dir='ltr'>sunt?</span> <span class='ocrx_word' id='word_1_480' title='bbox 951 2511 1062 2542; x_wconf 76' lang='lat' dir='ltr'>Pnor.</span> <span class='ocrx_word' id='word_1_481' title='bbox 1085 2510 1287 2553; x_wconf 87' lang='lat' dir='ltr'>Impossibile</span> <span class='ocrx_word' id='word_1_482' title='bbox 1307 2511 1368 2541; x_wconf 89' lang='lat' dir='ltr'>hoc</span> <span class='ocrx_word' id='word_1_483' title='bbox 1394 2519 1474 2551; x_wconf 85' lang='lat' dir='ltr'>esse,</span> <span class='ocrx_word' id='word_1_484' title='bbox 1495 2509 1550 2540; x_wconf 84' lang='lat' dir='ltr'>abs</span> <span class='ocrx_word' id='word_1_485' title='bbox 1567 2516 1597 2539; x_wconf 88' lang='lat' dir='ltr'>te</span> <span class='ocrx_word' id='word_1_486' title='bbox 1620 2518 1671 2538; x_wconf 86' lang='lat' dir='ltr'>su-</span> 
     </span>
     <span class='ocr_line' id='line_1_43' title="bbox 208 2562 1672 2608; baseline -0.003 -12"><span class='ocrx_word' id='word_1_487' title='bbox 208 2565 381 2608; x_wconf 83' lang='lat' dir='ltr'>perioribus</span> <span class='ocrx_word' id='word_1_488' title='bbox 395 2565 566 2597; x_wconf 83' lang='lat' dir='ltr'>rationibus</span> <span class='ocrx_word' id='word_1_489' title='bbox 582 2571 630 2597; x_wconf 79' lang='lat' dir='ltr'>est</span> <span class='ocrx_word' id='word_1_490' title='bbox 644 2570 814 2598; x_wconf 85' lang='lat' dir='ltr'>ostensum.</span> <span class='ocrx_word' id='word_1_491' title='bbox 858 2565 914 2597; x_wconf 88' lang='lat' dir='ltr'>So.</span> <span class='ocrx_word' id='word_1_492' title='bbox 938 2564 980 2596; x_wconf 89' lang='lat' dir='ltr'>Et</span> <span class='ocrx_word' id='word_1_493' title='bbox 1004 2565 1036 2596; x_wconf 88' lang='lat' dir='ltr'>in</span> <span class='ocrx_word' id='word_1_494' title='bbox 1049 2565 1110 2596; x_wconf 88' lang='lat' dir='ltr'>hoc</span> <span class='ocrx_word' id='word_1_495' title='bbox 1125 2574 1252 2606; x_wconf 90' lang='lat' dir='ltr'>quoque</span> <span class='ocrx_word' id='word_1_496' title='bbox 1267 2574 1338 2595; x_wconf 87' lang='lat' dir='ltr'>vere</span> <span class='ocrx_word' id='word_1_497' title='bbox 1360 2563 1507 2604; x_wconf 82' lang='lat' dir='ltr'>loqueris.</span> <span class='ocrx_word' id='word_1_498' title='bbox 1552 2562 1672 2599; x_wconf 83' lang='lat' dir='ltr'>Quam-</span> 
     </span>
     <span class='ocr_line' id='line_1_44' title="bbox 205 2615 1673 2661; baseline -0.003 -10"><span class='ocrx_word' id='word_1_499' title='bbox 205 2620 323 2661; x_wconf 86' lang='lat' dir='ltr'>obrem,</span> <span class='ocrx_word' id='word_1_500' title='bbox 355 2619 382 2650; x_wconf 86' lang='lat' dir='ltr'>si</span> <span class='ocrx_word' id='word_1_501' title='bbox 406 2619 467 2650; x_wconf 84' lang='lat' dir='ltr'>hoe</span> <span class='ocrx_word' id='word_1_502' title='bbox 493 2624 576 2651; x_wconf 84' lang='lat' dir='ltr'>recte</span> <span class='ocrx_word' id='word_1_503' title='bbox 601 2624 650 2651; x_wconf 80' lang='lat' dir='ltr'>est</span> <span class='ocrx_word' id='word_1_504' title='bbox 672 2620 929 2656; x_wconf 85' lang='lat' dir='ltr'>demonstratum,</span> <span class='ocrx_word' id='word_1_505' title='bbox 962 2629 999 2650; x_wconf 91' lang='lat' dir='ltr'>ea</span> <span class='ocrx_word' id='word_1_506' title='bbox 1036 2629 1107 2660; x_wconf 83' lang='lat' dir='ltr'>quae</span> <span class='ocrx_word' id='word_1_507' title='bbox 1143 2617 1224 2649; x_wconf 84' lang='lat' dir='ltr'>mala</span> <span class='ocrx_word' id='word_1_508' title='bbox 1263 2617 1503 2660; x_wconf 86' lang='lat' dir='ltr'>perniciosaque</span> <span class='ocrx_word' id='word_1_509' title='bbox 1535 2615 1673 2657; x_wconf 85' lang='lat' dir='ltr'>judicat,</span> 
     </span>
     <span class='ocr_line' id='line_1_45' title="bbox 207 2669 1674 2717; baseline -0.003 -12"><span class='ocrx_word' id='word_1_510' title='bbox 207 2673 313 2705; x_wconf 85' lang='lat' dir='ltr'>nullus</span> <span class='ocrx_word' id='word_1_511' title='bbox 322 2672 528 2715; x_wconf 73' lang='lat' dir='ltr'>aggreditur:</span> <span class='ocrx_word' id='word_1_512' title='bbox 552 2674 810 2717; x_wconf 86' lang='lat' dir='ltr'>quandoquidem</span> <span class='ocrx_word' id='word_1_513' title='bbox 826 2673 980 2715; x_wconf 88' lang='lat' dir='ltr'>constitit,</span> <span class='ocrx_word' id='word_1_514' title='bbox 1002 2672 1158 2705; x_wconf 87' lang='lat' dir='ltr'>inscitiam</span> <span class='ocrx_word' id='word_1_515' title='bbox 1184 2682 1251 2704; x_wconf 82' lang='lat' dir='ltr'>esse</span> <span class='ocrx_word' id='word_1_516' title='bbox 1273 2671 1359 2714; x_wconf 88' lang='lat' dir='ltr'>quod</span> <span class='ocrx_word' id='word_1_517' title='bbox 1383 2670 1500 2702; x_wconf 90' lang='lat' dir='ltr'>dicitur</span> <span class='ocrx_word' id='word_1_518' title='bbox 1521 2669 1561 2701; x_wconf 81' lang='lat' dir='ltr'>ab</span> <span class='ocrx_word' id='word_1_519' title='bbox 1576 2669 1674 2701; x_wconf 85' lang='lat' dir='ltr'>affec-</span> 
     </span>
     <span class='ocr_line' id='line_1_46' title="bbox 156 2723 1672 2768; baseline -0.003 -10"><span class='ocrx_word' id='word_1_520' title='bbox 156 2749 161 2753; x_wconf 88' lang='lat'>·</span> <span class='ocrx_word' id='word_1_521' title='bbox 207 2727 293 2759; x_wconf 85' lang='lat' dir='ltr'>tibus</span> <span class='ocrx_word' id='word_1_522' title='bbox 309 2727 458 2768; x_wconf 81' lang='lat' dir='ltr'>superari.</span> <span class='ocrx_word' id='word_1_523' title='bbox 503 2727 614 2759; x_wconf 68' lang='lat' dir='ltr'>Pnor.</span> <span class='ocrx_word' id='word_1_524' title='bbox 637 2728 748 2760; x_wconf 81' lang='lat' dir='ltr'>Plane.</span> <span class='ocrx_word' id='word_1_525' title='bbox 792 2729 849 2762; x_wconf 89' lang='lat' dir='ltr'>So.</span> <span class='ocrx_word' id='word_1_526' title='bbox 870 2728 1038 2759; x_wconf 85' lang='lat' dir='ltr'>Enimvero</span> <span class='ocrx_word' id='word_1_527' title='bbox 1054 2737 1162 2758; x_wconf 86' lang='lat' dir='ltr'>omnes</span> <span class='ocrx_word' id='word_1_528' title='bbox 1183 2726 1338 2758; x_wconf 89' lang='lat' dir='ltr'>invadunt</span> <span class='ocrx_word' id='word_1_529' title='bbox 1359 2725 1426 2762; x_wconf 83' lang='lat' dir='ltr'>illa,</span> <span class='ocrx_word' id='word_1_530' title='bbox 1448 2734 1519 2766; x_wconf 79' lang='lat' dir='ltr'>quae</span> <span class='ocrx_word' id='word_1_531' title='bbox 1541 2723 1672 2759; x_wconf 83' lang='lat' dir='ltr'>audent,</span> 
     </span>
     <span class='ocr_line' id='line_1_47' title="bbox 206 2777 1673 2824; baseline -0.003 -12"><span class='ocrx_word' id='word_1_532' title='bbox 206 2786 271 2812; x_wconf 76' lang='lat' dir='ltr'>tam</span> <span class='ocrx_word' id='word_1_533' title='bbox 286 2781 400 2822; x_wconf 85' lang='lat' dir='ltr'>timidi,</span> <span class='ocrx_word' id='word_1_534' title='bbox 423 2791 517 2823; x_wconf 84' lang='lat' dir='ltr'>quam</span> <span class='ocrx_word' id='word_1_535' title='bbox 534 2780 651 2813; x_wconf 83' lang='lat' dir='ltr'>fortes:</span> <span class='ocrx_word' id='word_1_536' title='bbox 675 2787 770 2824; x_wconf 80' lang='lat' dir='ltr'>atque</span> <span class='ocrx_word' id='word_1_537' title='bbox 785 2783 844 2814; x_wconf 86' lang='lat' dir='ltr'>hac</span> <span class='ocrx_word' id='word_1_538' title='bbox 860 2782 981 2814; x_wconf 86' lang='lat' dir='ltr'>ratione</span> <span class='ocrx_word' id='word_1_539' title='bbox 1004 2781 1116 2813; x_wconf 86' lang='lat' dir='ltr'>eadem</span> <span class='ocrx_word' id='word_1_540' title='bbox 1139 2785 1171 2813; x_wconf 89' lang='lat' dir='ltr'>et</span> <span class='ocrx_word' id='word_1_541' title='bbox 1191 2780 1306 2817; x_wconf 87' lang='lat' dir='ltr'>timidi,</span> <span class='ocrx_word' id='word_1_542' title='bbox 1329 2784 1361 2811; x_wconf 86' lang='lat' dir='ltr'>et</span> <span class='ocrx_word' id='word_1_543' title='bbox 1375 2778 1469 2810; x_wconf 80' lang='lat' dir='ltr'>fortes</span> <span class='ocrx_word' id='word_1_544' title='bbox 1484 2777 1673 2819; x_wconf 83' lang='lat' dir='ltr'>aggrediun-</span> 
     </span>
     <span class='ocr_line' id='line_1_48' title="bbox 203 2830 1670 2875; baseline -0.004 -9"><span class='ocrx_word' id='word_1_545' title='bbox 203 2840 267 2866; x_wconf 85' lang='lat' dir='ltr'>tur.</span> <span class='ocrx_word' id='word_1_546' title='bbox 314 2834 422 2868; x_wconf 76' lang='lat' dir='ltr'>Paor.</span> <span class='ocrx_word' id='word_1_547' title='bbox 445 2834 546 2866; x_wconf 90' lang='lat' dir='ltr'>Immo</span> <span class='ocrx_word' id='word_1_548' title='bbox 561 2835 715 2867; x_wconf 83' lang='lat' dir='ltr'>contraria</span> <span class='ocrx_word' id='word_1_549' title='bbox 731 2835 859 2867; x_wconf 87' lang='lat' dir='ltr'>omnino</span> <span class='ocrx_word' id='word_1_550' title='bbox 875 2841 959 2872; x_wconf 87' lang='lat' dir='ltr'>sunt,</span> <span class='ocrx_word' id='word_1_551' title='bbox 983 2845 1002 2866; x_wconf 94' lang='grc' dir='ltr'>ο</span> <span class='ocrx_word' id='word_1_552' title='bbox 1015 2835 1170 2873; x_wconf 85' lang='lat' dir='ltr'>Socrates,</span> <span class='ocrx_word' id='word_1_553' title='bbox 1193 2844 1231 2866; x_wconf 83' lang='lat' dir='ltr'>ea</span> <span class='ocrx_word' id='word_1_554' title='bbox 1253 2834 1293 2864; x_wconf 86' lang='lat' dir='ltr'>ad</span> <span class='ocrx_word' id='word_1_555' title='bbox 1317 2843 1387 2875; x_wconf 86' lang='lat' dir='ltr'>quae</span> <span class='ocrx_word' id='word_1_556' title='bbox 1403 2833 1498 2863; x_wconf 85' lang='lat' dir='ltr'>fortes</span> <span class='ocrx_word' id='word_1_557' title='bbox 1520 2837 1554 2862; x_wconf 86' lang='lat' dir='ltr'>et</span> <span class='ocrx_word' id='word_1_558' title='bbox 1569 2830 1670 2861; x_wconf 84' lang='lat' dir='ltr'>timidi</span> 
     </span>
     <span class='ocr_line' id='line_1_49' title="bbox 210 2883 1670 2932; baseline -0.005 -12"><span class='ocrx_word' id='word_1_559' title='bbox 210 2889 460 2930; x_wconf 80' lang='lat' dir='ltr'>proficiscuntur.</span> <span class='ocrx_word' id='word_1_560' title='bbox 484 2899 555 2920; x_wconf 86' lang='lat' dir='ltr'>nam</span> <span class='ocrx_word' id='word_1_561' title='bbox 571 2890 611 2920; x_wconf 80' lang='lat' dir='ltr'>ad</span> <span class='ocrx_word' id='word_1_562' title='bbox 627 2888 742 2921; x_wconf 85' lang='lat' dir='ltr'>bellum</span> <span class='ocrx_word' id='word_1_563' title='bbox 757 2890 885 2932; x_wconf 86' lang='lat' dir='ltr'>quidem</span> <span class='ocrx_word' id='word_1_564' title='bbox 900 2889 944 2920; x_wconf 89' lang='lat' dir='ltr'>ire</span> <span class='ocrx_word' id='word_1_565' title='bbox 966 2889 998 2920; x_wconf 86' lang='lat' dir='ltr'>hi</span> <span class='ocrx_word' id='word_1_566' title='bbox 1016 2889 1138 2927; x_wconf 85' lang='lat' dir='ltr'>volunt,</span> <span class='ocrx_word' id='word_1_567' title='bbox 1161 2889 1206 2920; x_wconf 85' lang='lat' dir='ltr'>illi</span> <span class='ocrx_word' id='word_1_568' title='bbox 1223 2898 1295 2920; x_wconf 89' lang='lat' dir='ltr'>vero</span> <span class='ocrx_word' id='word_1_569' title='bbox 1311 2887 1433 2918; x_wconf 84' lang='lat' dir='ltr'>nolunt.</span> <span class='ocrx_word' id='word_1_570' title='bbox 1477 2885 1534 2918; x_wconf 83' lang='lat' dir='ltr'>So.</span> <span class='ocrx_word' id='word_1_571' title='bbox 1558 2883 1670 2914; x_wconf 86' lang='lat' dir='ltr'>Utrum</span> 
     </span>
     <span class='ocr_line' id='line_1_50' title="bbox 208 2937 1670 2986; baseline -0.004 -12"><span class='ocrx_word' id='word_1_572' title='bbox 208 2941 253 2974; x_wconf 86' lang='lat' dir='ltr'>ire</span> <span class='ocrx_word' id='word_1_573' title='bbox 279 2943 456 2981; x_wconf 81' lang='lat' dir='ltr'>honestum,</span> <span class='ocrx_word' id='word_1_574' title='bbox 479 2953 519 2975; x_wconf 81' lang='lat' dir='ltr'>an</span> <span class='ocrx_word' id='word_1_575' title='bbox 551 2943 662 2986; x_wconf 82' lang='lat' dir='ltr'>turpe?</span> <span class='ocrx_word' id='word_1_576' title='bbox 708 2944 819 2977; x_wconf 71' lang='lat' dir='ltr'>Prior.</span> <span class='ocrx_word' id='word_1_577' title='bbox 853 2943 1043 2978; x_wconf 75' lang='lat' dir='ltr'>Honestum.</span> <span class='ocrx_word' id='word_1_578' title='bbox 1088 2943 1145 2976; x_wconf 88' lang='lat' dir='ltr'>So.</span> <span class='ocrx_word' id='word_1_579' title='bbox 1176 2942 1293 2975; x_wconf 87' lang='lat' dir='ltr'>Nonne</span> <span class='ocrx_word' id='word_1_580' title='bbox 1323 2940 1349 2973; x_wconf 86' lang='lat' dir='ltr'>si</span> <span class='ocrx_word' id='word_1_581' title='bbox 1379 2941 1554 2975; x_wconf 79' lang='lat' dir='ltr'>honestum,</span> <span class='ocrx_word' id='word_1_582' title='bbox 1577 2937 1670 2969; x_wconf 83' lang='lat' dir='ltr'>etiam</span> 
     </span>
    </p>
   </div>
  </div>
 </body>
</html>
