1846 3268
203 255 300 307 373]
701 250 921 293 HIPPIAS
951 249 1151 290 MINOR.
1594 251 1668 290 167

201 357 349 395 Minime,
365 368 384 390 o
399 357 553 390 Socrates.
596 355 653 388 So.
678 354 731 387 An
746 366 811 387 non
826 365 922 398 supra
936 354 993 386 visi
1008 358 1081 387 sunt
1103 353 1160 396 qui
1180 356 1293 396 sponte
1317 352 1515 385 mendacium
1542 353 1668 397 dicunt,

202 412 345 444 meliores
359 422 427 444 esse
441 421 533 454 quam
548 410 604 453 qui
619 421 682 442 non
697 410 833 453 sponte?
880 410 962 440 Hn‘.
986 409 1133 447 Quonam
1149 413 1256 450 pact0,
1281 406 1436 444 Socrates,
1463 408 1519 451 qui
1532 410 1668 441 scientes

203 466 406 508 volentesque
419 465 617 508 injuriantur,
633 465 802 506 seducunt,
827 464 926 506 [372]
951 463 1086 503 laedunt,
1115 462 1258 494 meliores
1273 472 1341 494 esse
1357 467 1489 503 possunt
1503 473 1596 504 quam
1611 464 1667 505 qui

202 520 271 551 haec
286 526 397 562 praeter
411 518 597 551 sententiam
611 518 754 550 faciunt?
777 517 1034 561 quandoquidem
1051 516 1182 547 multum
1198 514 1370 558 ignoscitur
1382 515 1442 553 illi,
1462 516 1518 558 qui
1542 528 1599 559 per
1622 518 1670 560 ig-

199 574 372 606 norantiam
388 572 533 616 injuriam
548 572 652 611 infert,
666 572 867 604 mendacium
883 571 1032 613 loquitur,
1045 570 1095 602 vel
1111 571 1198 602 aliud
1213 570 1382 612 quicquam
1393 569 1560 602 committit
1571 571 1645 608 mali
1659 583 1668 603 ι

201 628 349 670 legesque
365 627 397 658 in
412 638 466 659 eos
481 627 615 659 severius
631 626 894 662 animadvertunt,
920 626 974 667 qui
990 626 1131 657 volentes
1154 624 1237 655 mala
1252 624 1377 656 faciunt
1401 624 1668 668 mentiunturque,

201 692 294 724 quam
311 681 365 724 qui
379 681 534 714 nolentes.
578 681 634 713 So.
658 680 770 718 Vides,
786 679 921 722 Hippia,
935 690 1007 712 vera
1021 689 1071 710 me
1086 678 1184 721 loqui,
1198 689 1294 720 quum
1308 678 1381 710 dico
1405 684 1584 711 accuratum
1600 691 1668 712 esse

201 746 251 767 me
266 736 306 767 ad
321 736 497 778 sapientum
512 736 644 767 virorum
670 735 951 776 interrogationes:
975 743 1110 776 cumque
1130 733 1165 764 in
1187 732 1298 765 ceteris
1312 733 1405 764 valde
1427 733 1584 772 deficiam,
1606 736 1668 767 hoc

199 794 319 820 tanturn
335 790 436 821 habeo
449 789 534 821 boni.
580 789 662 826 Quae
677 789 760 820 enim
776 792 886 819 natura
906 787 978 830 ipsa
991 797 1090 818 rerum
1118 786 1170 824 sit,
1193 786 1311 818 nescio.
1334 787 1419 828 quod
1447 787 1521 819 hinc
1537 789 1668 820 maxime

198 843 376 885 conjectare
391 844 476 882 licet,
491 843 567 886 quia
582 843 727 885 quotiens
742 854 813 875 cum
829 842 936 884 aliquo
954 847 1087 874 vestrum
1103 841 1226 883 loquor,
1253 840 1309 882 qui
1332 841 1483 883 opinione
1513 843 1667 875 excellitis

199 897 375 939 sapientiae,
390 902 546 939 testesque
562 896 712 928 doctrinae
730 896 858 928 Graecos
875 906 983 927 omnes
997 895 1131 932 habetis,
1149 894 1226 926 scire
1241 895 1321 926 nihil
1337 906 1486 937 appareo.
1508 907 1670 939 nunquam

201 952 283 983 enim
296 952 379 983 idem
397 952 484 988 mihi,
497 956 533 983 ut
545 952 592 983 ita
608 951 748 988 dixerim,
776 961 812 982 ac
830 950 917 981 vobis
933 949 1069 983 videtur.
1115 949 1212 987 Quod
1237 954 1341 981 autem
1366 950 1544 982 evidentius
1560 957 1608 983 est
1622 952 1671 983 in-

201 1005 299 1038 scitiae
314 1011 542 1048 argumentum,
557 1016 649 1048 quam
664 1006 690 1037 si
705 1006 775 1048 quis
790 1015 810 1036 a
824 1005 1019 1047 sapientibus
1033 1004 1106 1035 viris
1129 1004 1293 1036 dissentiat
1308 1004 1319 1034 ἓ
1364 1004 1535 1037 Mirificum
1564 1011 1670 1039 tamen

199 1060 260 1091 hoc
275 1060 375 1091 habeo
391 1061 520 1097 bonurn,
536 1060 622 1102 quod
645 1070 694 1090 me
710 1064 823 1096 servat,
838 1058 986 1101 quoniam
1003 1058 1069 1089 sine
1086 1058 1197 1088 rubore
1212 1059 1410 1090 verecundiae
1426 1060 1465 1090 ad
1482 1060 1668 1092 discendum

199 1124 250 1145 me
265 1125 416 1156 praeparo.
439 1125 515 1156 rogo
531 1120 636 1145 autem
652 1124 688 1145 ac
703 1113 856 1150 sciscitor,
872 1113 1064 1154 gratiamque
1080 1111 1240 1153 ingentem
1257 1113 1357 1144 habeo
1373 1115 1589 1155 respondenti,
1605 1127 1665 1148 nec

200 1168 258 1199 ulli
268 1179 405 1210 unquam
420 1169 558 1210 ingratus
574 1167 703 1199 exstiti:
727 1163 830 1208 'neque
855 1167 941 1208 apud
964 1166 1121 1197 auditores
1148 1177 1285 1208 unquam
1303 1167 1467 1199 vendicavi
1490 1169 1566 1199 mihi
1590 1169 1669 1202 alio-

202 1233 270 1253 rum
285 1222 423 1260 inventa,
439 1223 492 1254 sed
510 1223 675 1253 docentem
692 1221 837 1252 laudibus
852 1231 974 1261 semper
988 1220 1117 1257 extolle,
1139 1220 1249 1262 illique
1271 1222 1356 1263 apud
1383 1232 1492 1253 omnes
1516 1234 1587 1265 quae
1613 1236 1670 1256 sua

199 1282 283 1313 sunt,
300 1277 413 1308 tribuo.
457 1276 558 1318 Atqui
579 1281 612 1307 et
635 1286 719 1306 nunc
746 1286 816 1317 quae
841 1274 919 1306 dicis
945 1275 1025 1315 ipse,
1051 1284 1250 1315 nequaquam
1277 1274 1433 1315 admitto;
1455 1278 1551 1308 immo
1575 1278 1670 1322 longe

198 1329 361 1361 dissentio.
385 1335 418 1361 et
432 1331 492 1362 hoc
508 1341 576 1361 mea
591 1330 685 1372 culpa
709 1329 893 1370 contingere
914 1333 997 1360 certe
1013 1328 1102 1359 scio:
1126 1328 1246 1370 quippe
1266 1329 1320 1370 qui
1343 1329 1437 1361 talem
1459 1341 1526 1363 esse
1551 1343 1600 1364 me
1624 1335 1671 1365 sa-

199 1389 276 1424 tear,
291 1385 391 1427 qualis
406 1395 485 1422 sum,
501 1395 541 1416 ne
565 1395 614 1416 me
639 1385 797 1417 extollam.
843 1383 928 1414 Mihi
952 1383 1094 1425 quidem,
1117 1383 1253 1424 Hippia,
1278 1383 1407 1415 omnino
1434 1391 1543 1417 contra
1558 1397 1594 1419 ac
1610 1388 1670 1420 tibi

198 1439 335 1474 videtur.
351 1439 463 1481 opinor
476 1440 632 1482 siquidem
647 1451 702 1471 eos
717 1439 772 1481 qui
787 1444 900 1480 sponte
923 1438 1044 1469 laedunt
1064 1438 1219 1475 homines,
1240 1438 1441 1481 injuriantur,
1466 1441 1671 1486 mentiuntur,

198 1493 376 1536 decipiunt,
403 1493 604 1536 delinquunt,
630 1494 772 1525 meliores
801 1503 869 1524 esse
894 1492 954 1529 his,
982 1492 1039 1534 qui
1065 1502 1130 1522 non
1161 1497 1286 1533 sponte,
1332 1492 1569 1537 Nonnunquam
1596 1508 1670 1529 vero

199 1553 308 1579 contra
326 1548 451 1590 judico,
476 1554 508 1580 et
531 1549 615 1580 circa
636 1548 704 1580 haec
720 1548 839 1584 aberro,
864 1552 975 1588 utpote
992 1547 1046 1588 qui
1078 1557 1142 1578 rem
1165 1546 1266 1588 ipsam
1287 1547 1440 1588 ignorem.
1486 1549 1569 1582 Ecce
1586 1562 1670 1584 nunc

198 1606 301 1633 autem
328 1602 422 1634 animi
446 1604 571 1634 morbus
598 1613 647 1634 me
669 1603 797 1644 quidam
821 1602 958 1646 invasit:
981 1601 1190 1643 videnturque
1217 1602 1291 1632 mihi
1316 1602 1371 1644 qui
1397 1604 1560 1646 proposito
1587 1607 1671 1641 circa

197 1656 317 1699 aliquid
344 1662 488 1698 peccant,
515 1657 657 1688 meliores
681 1667 761 1694 esse,
786 1667 881 1698 quam
908 1655 963 1698 qui
987 1660 1100 1697 praeter
1127 1654 1314 1686 sententiam
1345 1662 1457 1688 errant.
1502 1658 1671 1692 Praesentis

198 1714 303 1741 autem
319 1710 473 1752 passionis
487 1711 660 1753 superiores
676 1721 832 1745 sermones
847 1720 972 1758 causam
988 1710 1083 1746 duco,
1100 1709 1213 1751 quibus
1228 1709 1275 1746 fit,
1291 1715 1326 1741 ut
1341 1710 1373 1741 in
1386 1713 1551 1753 praesentia
1565 1714 1672 1747 existi.

198 1774 280 1795 mern
296 1774 350 1795 eos
364 1764 497 1806 quinon
519 1769 632 1806 sponte
656 1770 800 1806 peccant,
825 1764 995 1795 deteriores
1017 1773 1084 1794 esse
1108 1764 1156 1794 his
1177 1763 1232 1806 qui
1255 1770 1380 1806 sponte.
1427 1766 1511 1808 Ergo
1535 1773 1569 1799 tu
1594 1770 1670 1803 mihi

200 1818 354 1860 propitius
370 1823 436 1850 esto
452 1830 511 1851 nec
524 1819 587 1850 ulla
601 1819 722 1850 invidia
737 1824 768 1850 te
785 1819 936 1855 detineat,
959 1818 1033 1860 quin
1059 1818 1198 1849 animum
1225 1829 1328 1850 meum
1355 1830 1455 1852 cures.
1478 1822 1576 1854 multo
1593 1824 1671 1857 mihi

201 1871 303 1914 majus
318 1873 505 1904 beneficium
520 1873 673 1909 conferes,
698 1874 723 1904 si
748 1873 845 1914 [373]
870 1873 994 1903 inscitia
1009 1872 1186 1903 liberaveris
1210 1873 1361 1910 animum,
1386 1885 1479 1916 quam
1504 1876 1530 1907 si
1546 1878 1679 1919 aegritu-r

201 1926 276 1958 dine
291 1937 414 1969 corpus.
459 1928 494 1959 Si
510 1929 569 1959 hoc
586 1928 661 1959 velis
678 1928 781 1959 multis
797 1927 896 1958 verbis
920 1927 1054 1964 efficere,
1079 1926 1216 1968 praedico
1241 1927 1309 1965 tibi,
1332 1928 1416 1960 hunc
1439 1930 1473 1960 in
1495 1932 1623 1962 modum
1640 1938 1671 1964 te

201 1980 331 2012 minime
346 1986 534 2014 curaturum.
557 1992 660 2024 neque
677 1982 760 2014 enim
774 1992 932 2023 assequar.
978 1981 1034 2012 Sin
1051 1986 1156 2012 autem
1183 1981 1227 2012 ita
1252 1986 1287 2012 ut
1302 1992 1396 2024 supra
1411 1985 1600 2025 respondere
1617 1998 1671 2018 vo·

201 2033 306 2072 lueris,
321 2035 491 2066 admodum
507 2036 581 2066 mihi
598 2036 750 2077 proderis,
774 2046 865 2078 spero
882 2041 999 2073 autem,
1028 2035 1084 2066 tibi
1108 2036 1168 2066 hoc
1185 2036 1268 2066 haud
1285 2036 1413 2067 noxium
1430 2038 1506 2070 fore.
1550 2040 1670 2072 Merito

201 2099 274 2120 vero
291 2093 322 2120 te
338 2100 422 2121 nunc
432 2089 600 2127 invocabo,
615 2090 790 2132 Apemanti
805 2090 864 2122 fili.
888 2100 961 2121 nam
976 2089 1046 2132 ipse
1069 2100 1118 2121 me
1143 2090 1306 2127 induxisti,
1334 2096 1368 2121 ut
1383 2102 1452 2122 cum
1470 2093 1592 2135 Hippia
1607 2095 1671 2125 dis·

202 2148 355 2185 putarem.
380 2155 475 2185 quare
490 2144 516 2175 si
531 2155 616 2176 nunc
641 2144 777 2186 Hippias
797 2145 987 2186 respondere
1014 2143 1162 2182 noluerit,
1188 2155 1245 2186 pro
1271 2155 1320 2176 me
1347 2145 1414 2186 ipse
1439 2152 1558 2188 rogato.
1603 2148 1669 2181 Eu.

201 2197 259 2229 Nil
273 2208 354 2240 opus
379 2204 427 2229 est
451 2199 528 2230 meis
552 2199 591 2230 ad
618 2199 770 2241 Hippiam
794 2199 953 2241 precibus,
978 2199 1131 2230 Socrates.
1156 2209 1259 2240 neque
1283 2199 1364 2230 enim
1383 2199 1417 2230 id
1445 2202 1620 2243 proposuit,
1637 2208 1672 2233 ut

201 2257 329 2284 coactus
341 2252 489 2284 videlicet
504 2254 727 2295 responderet;
749 2253 846 2284 immo
862 2263 1080 2295 responsurum
1097 2262 1131 2283 se
1155 2252 1288 2283 libenter
1311 2253 1454 2285 omnibus
1478 2259 1525 2286 est
1547 2256 1671 2297 pollici-

201 2311 261 2337 tus.
284 2317 391 2339 nonne
417 2308 484 2339 haec
511 2312 595 2348 sunt,
618 2307 754 2349 Hippia,
778 2318 849 2350 quae
875 2307 1028 2338 dicebas?
1075 2306 1158 2339 Hu’.
1195 2306 1350 2338 Dicebam
1382 2308 1539 2350 equidem.
1564 2321 1669 2342 verum

200 2360 343 2392 Socrates
357 2361 421 2398 hic,
437 2372 455 2392 o
471 2361 606 2398 Eudice,
622 2371 743 2403 semper
758 2361 901 2393 dicentes
917 2360 1112 2398 interturbat,
1129 2366 1162 2391 et
1178 2360 1267 2401 quasi
1283 2361 1442 2393 maleficus
1458 2363 1585 2404 quidam
1602 2375 1670 2396 esse

199 2413 334 2446 videtur.
380 2415 437 2447 So.
461 2414 490 2446 O
507 2415 550 2445 vir
563 2415 682 2456 optime
699 2413 834 2456 Hippia,
849 2414 933 2445 haud
948 2418 1060 2455 sponte
1075 2414 1142 2445 haec
1158 2413 1258 2445 facio:
1283 2415 1400 2458 (essem
1421 2416 1529 2458 utique
1544 2417 1671 2459 sapiens

199 2469 372 2499 secundum
388 2479 560 2500 sermonem
577 2475 665 2500 tuum
692 2474 787 2511 atque
814 2468 951 2511 astutus)
974 2479 1077 2499 verum
1096 2470 1206 2509 praeter
1221 2469 1407 2500 sententiam
1424 2480 1494 2512 ago.
1517 2472 1670 2513 quamob-

199 2532 263 2552 rem
278 2523 405 2563 ignosce
420 2523 507 2555 mihi.
531 2523 576 2555 ais
591 2523 687 2561 enim,
712 2534 778 2554 non
800 2528 913 2565 sponte
938 2522 1085 2564 peccanti
1107 2522 1335 2564 ignoscendum
1356 2534 1439 2557 esse.
1483 2524 1548 2556 Eu.
1571 2525 1670 2557 Haud

201 2575 291 2606 aliter
305 2576 412 2614 facias,
428 2576 570 2619 Hippia:
594 2579 650 2609 sed
665 2579 761 2609 nostri
788 2578 898 2620 gratia,
925 2582 957 2609 et
983 2583 1110 2619 propter
1131 2587 1169 2608 ea
1195 2588 1266 2619 quae
1292 2578 1463 2620 supra'tibi
1480 2579 1566 2610 dicta
1586 2584 1671 2617 sunt,

202 2631 358 2674 responde
382 2631 422 2662 ad
447 2641 486 2662 ea
514 2642 585 2673 quae
613 2632 783 2674 interrogat
809 2632 964 2663 Socrates.
1010 2631 1094 2662 Hu‘.
1117 2631 1333 2674 Respondebo
1357 2633 1515 2674 equidem,
1539 2644 1610 2665 cum
1637 2639 1671 2665 tu

201 2694 302 2725 roges.
348 2684 426 2716 Pete
442 2695 515 2726 ergo
530 2686 616 2727 quod
643 2686 740 2718 lubet.
785 2686 842 2718 So.
866 2686 1078 2718 Vehementer
1093 2685 1200 2727 cupio,
1218 2685 1356 2728 Hippia,
1384 2688 1469 2729 quod
1487 2687 1580 2718 modo
1605 2688 1672 2719 dic-

201 2741 268 2769 tum
283 2743 341 2776 est,
353 2739 562 2780 considerare,
576 2739 638 2771 utri
652 2728 794 2772 meliores
808 2740 882 2782 sint,
907 2750 949 2771 an
976 2740 1029 2782 qui
1046 2745 1160 2782 sponte
1177 2740 1379 2782 volentesque
1401 2746 1547 2783 peccant,
1563 2752 1601 2772 an
1618 2741 1671 2783 qui

203 2797 322 2824 contra.
344 2803 435 2835 spero
451 2798 556 2824 autem
571 2793 656 2825 hunc
672 2793 705 2824 in
720 2795 846 2825 modum
863 2794 1034 2826 rectissime
1051 2803 1144 2836 posse
1160 2795 1358 2827 considerari.
1405 2795 1580 2836 Responde
1590 2795 1672 2837 jam.

204 2845 352 2878 Vocasne
381 2858 536 2878 cursorem
564 2847 700 2890 aliquem
723 2848 863 2880 bonurn?
909 2848 991 2880 Hip.
1025 2848 1194 2890 Equidem.
1239 2849 1295 2880 So.
1330 2849 1373 2880 Et
1402 2848 1541 2879 malum?
1586 2849 1671 2881 Hm.

202 2899 266 2934 Ita.
310 2901 366 2933 So,
388 2900 505 2933 Nonne
521 2902 621 2933 bonus
636 2901 691 2944 qui
705 2902 785 2933 bene
800 2901 907 2939 currit,
933 2901 1032 2933 malus
1055 2902 1110 2944 qui
1135 2902 1236 2934 male?
1282 2902 1363 2934 Hm.
1387 2903 1492 2934 Certe.
1535 2902 1593 2935 So.
1617 2902 1671 2934 An

209 2963 273 2986 non
289 2954 344 2996 qui
359 2956 446 2987 tarde
461 2955 567 2995 currit,
583 2956 663 2988 male
679 2956 796 2988 currit?
821 2956 876 2999 qui
892 2961 995 2988 autem
1012 2956 1170 2995 velociter,
1186 2958 1291 2990 bene?
1337 2957 1418 2989 ΗΙΡ.
1441 2956 1672 2990 Proculdubio.
