1846 3268
277 282 354 319 272
873 277 1140 317 PLATONIS
1672 285 1742 336 [72

276 385 336 416 lnoc
351 383 465 416 scienti
482 381 650 416 occurrisse
674 379 881 423 praedixerim.
925 380 1024 412 Man.
1048 380 1103 419 At,
1118 391 1138 412 ο
1158 382 1314 420 Socrates,
1330 394 1528 426 nequaquam
1547 384 1674 418 difficile
1694 391 1743 418 est

255 464 258 469 ,
275 438 309 470 id
326 438 430 470 dicere
444 449 451 469 z
476 443 508 468 et
522 437 620 479 primo
635 435 776 478 quidem,
790 434 815 466 si
831 434 930 471 lubet,
947 445 1019 476 quae
1031 435 1087 467 viri
1112 435 1152 467 sit
1168 436 1275 469 virtus.
1320 437 1400 469 Haec
1417 438 1511 481 plane
1530 443 1591 477 est,
1611 439 1651 470 ad
1667 439 1744 472 civi-

276 492 352 524 lium
363 502 462 524 rerum
479 490 779 522 administrationem
797 488 1002 522 sufficientem
1018 499 1098 527 esse,
1114 490 1214 532 iisque
1230 493 1400 524 tractandis
1415 492 1531 525 amicos
1542 492 1667 535 juvare,
1682 492 1743 526 ini-

276 546 375 578 micos
397 546 531 576 laedere:
556 554 616 575 nec
640 554 705 574 non
730 543 897 585 diligenter
916 553 1036 581 cavere,
1052 554 1093 575 ne
1116 545 1194 586 quid
1221 545 1290 586 ipse
1314 546 1376 578 tale
1403 547 1573 588 aliquando
1595 547 1744 590 patiatur.

275 600 371 637 Quod
387 600 412 630 si
433 599 575 638 ulterius,
591 608 662 640 quae
688 597 728 628 sit
753 597 889 628 mulieris
904 597 1012 634 virtus,
1027 608 1119 629 nosse
1134 598 1275 640 requiris,
1289 610 1394 642 neque
1409 600 1440 631 id
1457 602 1586 632 arduum
1603 601 1672 633 erit.
1696 607 1744 634 est

274 654 358 685 enirn
375 653 511 685 mulieris
527 653 634 689 virtus,
650 652 777 682 domum
794 656 877 683 recte
893 652 1078 693 gubernare,
1090 652 1166 683 dum
1187 653 1326 685 custodit
1337 654 1511 686 domestica
1524 654 1653 697 viroque
1667 656 1745 688 obe-

274 707 332 739 dit.
375 706 450 738 Alia
463 716 590 748 quoque
605 705 700 737 virtus
726 711 774 737 est
798 705 899 747 pueri,
922 704 1122 747 feminaeque,
1137 711 1170 736 et
1193 707 1335 749 masculi,
1349 713 1382 738 et
1397 708 1451 739 viri
1468 708 1536 750 jam
1562 714 1655 741 aetate
1679 720 1747 741 ma·

276 762 338 794 turi
353 773 360 793 ε
384 771 443 793 nec
459 771 522 792 non
539 760 640 796 liberi,
655 760 680 791 si
695 759 784 797 velis,
800 759 873 796 alia,
888 763 921 790 et
941 758 1004 807 alia
1027 759 1118 793 servi.
1140 759 1217 803 [72]
1242 766 1336 803 atque
1351 762 1421 793 aliae
1436 762 1597 804 permultas
1612 763 1743 795 virtutes

275 816 426 848 existunt.
457 815 656 857 quamobrem
684 814 769 845 haud
809 813 902 845 nobis
925 813 1025 850 deest,
1052 813 1128 856 quid
1158 815 1199 846 de
1228 814 1350 846 virtutis
1383 816 1568 849 definitione
1590 817 1742 849 dicamus.

272 870 443 904 Enimvero
455 869 627 902 secundum
643 869 781 911 singulas
797 868 939 900 actiones
954 872 1050 910 atque
1066 873 1175 900 aetates
1190 869 1229 900 ad
1247 879 1342 911 opera
1358 869 1480 912 singula
1496 870 1627 913 singulis
1643 871 1742 903 hoini-

274 926 367 957 nibus
378 924 474 956 virtus
489 925 589 956 adest.
631 923 778 954 Totidem
794 927 945 965 praeterea
963 927 997 954 et
1010 923 1050 956 de
1067 923 1159 961 vitio,
1174 934 1193 954 o
1208 923 1364 960 Socrates,
1380 930 1415 955 ut
1431 924 1574 963 arbitror,
1588 924 1651 957 dici
1666 935 1740 968 pos·

274 984 355 1011 sent.
399 979 455 1010 So.
478 977 554 1009 Non
570 977 765 1009 mediocriter
779 977 814 1008 in
831 978 890 1009 hac
905 975 1075 1009 venatione
1095 978 1273 1009 fortunatus
1289 989 1369 1015 sum,
1386 989 1405 1008 o
1420 978 1556 1015 Menon,
1571 978 1597 1010 si
1611 978 1740 1022 quidem

272 1042 367 1063 unam
383 1032 530 1064 virtutem
544 1031 738 1073 investigans
761 1041 893 1062 examen
915 1032 1077 1073 quoddam
1092 1031 1241 1063 virtutum
1259 1032 1344 1073 apud
1361 1038 1392 1063 te
1407 1032 1615 1064 habitantium
1630 1033 1742 1076 reperi.

274 1086 513 1123 Verumtamen,
529 1096 548 1116 o
573 1085 710 1126 Menon,
726 1082 900 1117 secundum
925 1085 987 1117 boc
1011 1084 1190 1127 exemplum
1211 1086 1375 1126 examinis,
1391 1086 1415 1117 si
1437 1097 1498 1124 me,
1520 1097 1592 1129 quse
1614 1086 1656 1119 sit
1673 1087 1742 1130 apis

271 1140 373 1183 ipsius
389 1140 574 1177 substantia,
590 1143 806 1181 percontante,
834 1138 1023 1180 multiplices
1047 1139 1171 1170 illarum
1198 1150 1265 1171 esse
1290 1140 1480 1171 substantias
1502 1141 1740 1182 respondisses:

271 1200 367 1237 atque
389 1205 449 1236 ego
474 1193 586 1226 iterum
611 1198 642 1225 te
663 1203 814 1234 rogarem,
831 1192 984 1235 Nunquid
1001 1203 1039 1224 ex
1055 1193 1115 1224 hoc
1130 1193 1175 1224 ais
1189 1203 1284 1235 apum
1307 1193 1495 1225 substantias
1510 1204 1578 1226 esse
1593 1195 1742 1237 diversas,

269 1255 336 1291 qno
359 1252 437 1290 apes
457 1253 552 1280 auntt
575 1258 616 1279 an
642 1247 705 1278 alio
731 1247 893 1290 quopiam,
917 1247 1015 1279 veluti
1036 1247 1270 1289 pulchritudine
1285 1247 1332 1279 vel
1359 1248 1576 1289 magnitudine
1602 1252 1658 1280 ant
1680 1248 1744 1283 alio

270 1302 423 1345 quopiam
458 1301 664 1343 hujusmodi?
698 1301 788 1343 quid,
822 1301 963 1343 inquam,
989 1301 1035 1332 sic
1060 1300 1269 1342 interrogatus
1296 1301 1490 1343 potissimum
1515 1303 1744 1344 responderes?

271 1357 372 1390 Mau.
395 1357 492 1394 Quod
510 1356 644 1388 invicem
660 1366 699 1387 eo
715 1366 778 1398 quo
793 1366 870 1397 apes
885 1359 970 1392 sunt,
984 1354 1112 1387 minime
1127 1355 1289 1388 differunt.
1335 1355 1391 1388 So.
1414 1355 1456 1387 Et
1471 1355 1496 1388 ai
1511 1366 1572 1398 ego
1586 1360 1660 1399 post
1673 1356 1742 1390 haee

270 1411 420 1448 dicerem,
435 1410 522 1448 Quid
538 1420 611 1452 ergo
622 1410 656 1441 id
672 1414 731 1447 est,
747 1420 768 1440 o
783 1410 920 1450 Menon,
934 1419 999 1452 quo
1011 1409 1139 1441 minime
1154 1409 1316 1448 differunt,
1331 1410 1387 1442 sed
1403 1410 1487 1442 idem
1501 1415 1627 1446 cunctae
1641 1410 1739 1442 aunt?

271 1464 455 1496 Haberesne
469 1464 554 1506 quod
567 1463 642 1495 mihi
659 1463 884 1506 responderes?
928 1463 1028 1495 Man.
1050 1463 1208 1496 Haberem
1219 1463 1372 1505 profecto.
1417 1463 1471 1496 So.
1495 1463 1617 1497 Eadem
1630 1464 1741 1506 itaque

270 1518 392 1550 ratione
406 1518 550 1556 virtutes,
565 1528 745 1560 quanquam
761 1518 868 1549 multa
882 1522 979 1559 atque
993 1517 1087 1549 varim
1099 1521 1184 1556 suut,
1200 1528 1294 1549 unam
1310 1523 1417 1549 tamen
1431 1514 1739 1560 speciemquandarn

271 1573 304 1604 im
320 1572 466 1603 omnibus
480 1572 614 1604 eandem
639 1572 769 1610 habent,
791 1582 855 1614 qua
869 1572 999 1603 virtutes
1022 1571 1171 1610 existunt,
1187 1572 1219 1604 in
1241 1582 1336 1614 quarn
1360 1572 1515 1614 respicere
1537 1573 1632 1605 decet
1653 1582 1740 1611 eum,

270 1626 327 1669 qui
350 1637 554 1668 responsurus
577 1623 620 1658 sit
641 1625 844 1669 interroganti
863 1626 1024 1669 cuiquam,
1038 1626 1114 1668 quid
1134 1627 1232 1658 virtus
1246 1627 1297 1660 sit.
1341 1626 1486 1659 Tenesne
1510 1627 1589 1669 quid
1610 1626 1715 1660 dicam
1726 1627 1747 1660 ἔ,

270 1681 369 1713 ΜΕΝ.
394 1681 574 1723 Intelligere
599 1681 678 1712 mihi
701 1681 827 1712 videor:
860 1681 1002 1712 nondum
1025 1686 1142 1718 tamen,
1169 1685 1205 1713 nt
1228 1681 1352 1719 vellem,
1376 1682 1463 1724 quod
1488 1680 1655 1724 quoesitnm
1679 1686 1740 1720 est,

269 1736 516 1777 comprehendo.
561 1735 618 1769 So.
639 1735 752 1768 Utrum
768 1746 841 1767 vero
856 1736 939 1767 circa
964 1736 1111 1767 virtutem
1130 1735 1166 1767 id
1192 1736 1306 1774 solum,
1332 1746 1352 1767 o
1374 1736 1511 1774 Menon,
1531 1736 1589 1768 tibi
1605 1735 1741 1778 videtur,

269 1789 362 1821 aliam
377 1789 504 1832 quidem
520 1789 578 1822 viri
593 1800 673 1827 esse,
689 1790 781 1821 aliam
798 1789 935 1822 mulieris
949 1794 983 1821 et
1008 1789 1104 1821 aliam
1123 1789 1313 1832 reliquorum
1327 1801 1336 1820 :
1360 1799 1400 1821 an
1416 1789 1511 1822 etiam
1525 1789 1608 1822 cirea
1622 1789 1740 1821 sanita·

268 1850 332 1876 tem
348 1844 662 1887 magnitudinemque
677 1849 710 1876 et
724 1844 818 1875 robur
831 1845 943 1876 eodem
959 1844 1069 1886 modo,
1084 1849 1120 1875 ut
1135 1843 1196 1875 alia
1207 1843 1335 1886 quidem
1346 1843 1532 1875 viri‘sanitaa
1542 1843 1594 1882 sit,
1603 1843 1741 1876 mulieris

267 1899 355 1931 alia?
378 1909 420 1930 an
442 1898 548 1941 potius
569 1899 680 1931 eadem
703 1898 822 1940 ubique
845 1899 964 1930 sanitas
989 1898 1111 1941 species
1128 1903 1189 1936 est,
1204 1898 1232 1930 si
1256 1898 1384 1940 quidem
1399 1898 1517 1930 sanitas
1531 1898 1585 1936 ait,
1600 1908 1654 1930 seu
1669 1897 1738 1930 vire

268 1953 336 1985 aive
360 1953 481 1984 mulieri
507 1953 572 1984 sive
593 1953 682 1985 alteri
697 1952 830 1984 cuilibet
843 1952 949 1983 adsit?
994 1953 1093 1984 ΜΕΝ.
1117 1952 1237 1984 Eadem
1253 1953 1331 1984 mihi
1346 1952 1464 1983 sanitas
1478 1957 1512 1984 et
1525 1952 1583 1984 viri
1597 1951 1690 1984 simul
1704 1956 1738 1984 et

266 2007 405 2039 mulieris
420 2018 490 2039 esse
504 2007 639 2039 videtur.
683 2007 741 2038 So.
763 2006 882 2038 Nonne
896 2006 1004 2049 igitur,
1018 2006 1042 2038 si
1060 2007 1188 2047 quidem
1206 2007 1333 2038 robusta
1344 2006 1385 2038 sit
1395 2006 1524 2044 semina,
1538 2007 1649 2038 eadem
1663 2017 1736 2048 spe·

265 2061 315 2094 cie
332 2061 448 2093 roboris
465 2061 591 2093 robusta
603 2061 685 2093 erit?
708 2071 780 2093 cum
796 2071 868 2093 vero
890 2062 1024 2092 eandem
1046 2061 1132 2102 dico,
1146 2062 1233 2103 quod
1257 2061 1335 2092 nihil
1357 2060 1476 2099 differt,
1491 2071 1555 2102 qua
1577 2061 1681 2098 robur,
1695 2061 1738 2092 ad

266 2116 327 2147 hoc
343 2116 428 2158 quod
446 2117 538 2147 robur
552 2116 592 2147 sit
605 2115 761 2158 intelligo,
777 2126 833 2147 seu
848 2116 915 2146 viro
930 2126 985 2147 seu
1011 2115 1133 2147 mulieri
1147 2115 1236 2147 insit.
1258 2126 1333 2146 num
1357 2115 1416 2147 tibi
1438 2114 1563 2147 differre
1577 2115 1684 2157 aliqua
1697 2125 1736 2146 ex

267 2175 356 2212 parte
368 2170 513 2203 videtur?
558 2170 657 2202 ΜΕΝ.
681 2170 828 2202 Minime.
852 2169 929 2212 [73]
953 2170 1011 2201 So.
1034 2169 1118 2212 Ergo
1145 2174 1178 2202 et
1200 2169 1297 2201 virtus
1325 2169 1366 2201 ad
1393 2169 1427 2200 id
1450 2170 1537 2212 quod
1562 2169 1660 2201 virtus
1684 2170 1740 2210 sit,

265 2225 456 2261 differretne,
473 2235 527 2255 seu
539 2223 690 2266 juvenem
706 2235 762 2255 seu
778 2234 896 2262 senem,
910 2224 974 2256 sive
988 2224 1088 2255 virum
1114 2230 1204 2256 ornet
1229 2224 1294 2255 sive
1315 2223 1486 2255 feminam?
1531 2223 1631 2256 Mau.
1653 2223 1740 2255 Mihi

265 2279 409 2322 quidem,
424 2289 443 2310 o
470 2279 625 2316 Socrates,
641 2279 702 2309 hoc
726 2283 899 2310 ceterorum
926 2278 1026 2309 simile
1049 2288 1251 2321 nequaquam
1278 2288 1345 2309 esse
1360 2277 1494 2310 videtur.
1538 2277 1595 2309 So.
1618 2276 1737 2309 Nonne

265 2333 324 2364 viri
344 2332 488 2364 virtutem
516 2343 583 2364 esse
607 2332 726 2373 dixisti,
751 2338 835 2364 recte
858 2343 920 2364 rem
948 2332 1105 2374 publicam
1127 2333 1312 2374 gubernare,
1335 2331 1474 2363 mulieris
1489 2331 1737 2363 verodomum?

267 2387 368 2418 Man.
391 2386 468 2417 Dixi
488 2387 647 2429 equidem.
692 2387 751 2420 So.
774 2386 826 2418 An
853 2391 958 2429 potest
982 2386 1147 2428 qnisquam
1161 2386 1321 2418 civitatem
1332 2385 1382 2417 vel
1397 2385 1526 2416 domum
1548 2389 1604 2416 ant
1617 2384 1737 2428 aliquid

266 2441 352 2472 aliud
369 2446 452 2472 recte
464 2441 644 2482 disponere,
655 2441 715 2473 nisi
728 2446 900 2484 temperate
921 2441 986 2473 sive
995 2441 1165 2483 prudenter
1175 2451 1211 2472 ac
1222 2439 1310 2482 juste
1324 2439 1495 2481 disponat?
1539 2439 1638 2471 Max.
1658 2438 1736 2471 Non

264 2501 365 2527 certe.
410 2494 466 2526 So.
488 2495 606 2526 Nonne
621 2495 646 2526 si
662 2501 833 2538 temperate
854 2495 1003 2538 justeque
1027 2495 1209 2532 instituunt,
1226 2493 1433 2535 temperantia
1443 2492 1631 2536 justitiaque
1644 2492 1738 2525 inati-

263 2549 381 2581 »tuent?
425 2549 524 2581 Men.
547 2549 687 2581 Necesse
701 2555 761 2582 est.
807 2550 865 2582 So.
888 2549 1037 2591 Utrisque
1052 2549 1148 2590 igitur
1163 2554 1226 2580 tam
1242 2549 1288 2579 vir
1314 2558 1408 2590 quam
1433 2547 1544 2579 mulier
1563 2547 1696 2589 indiget,
1710 2546 1738 2581 ai

265 2603 341 2636 boni
365 2603 461 2635 futuri
477 2605 550 2641 sint,
575 2604 782 2646 temperantia
805 2604 926 2636 scilicet
951 2609 1046 2646 atque
1066 2602 1203 2645 justitia.
1249 2602 1349 2635 Man.
1373 2601 1527 2644 Apparet.
1571 2601 1627 2633 So.
1648 2601 1736 2639 Quid

263 2668 337 2690 vero
351 2664 429 2700 puer
443 2668 480 2690 ac
495 2668 602 2695 senex,
617 2658 692 2689 dum
708 2658 906 2700 intemperati
920 2663 954 2690 at
966 2657 1076 2700 injusti
1090 2662 1206 2694 essent,
1222 2667 1297 2688 num
1315 2656 1390 2688 boni
1405 2655 1597 2688 existerent?
1633 2654 1735 2689 Mart.

262 2710 486 2754 Nequaquam.
532 2712 586 2744 So.
610 2711 656 2743 At
678 2714 752 2744 dum
773 2713 939 2754 temperati
963 2716 997 2744 et
1013 2711 1119 2754 justi?
1164 2711 1264 2743 ΜΕΝ.
1287 2711 1351 2742 Ita.
1394 2711 1452 2743 So.
1475 2709 1623 2742 Univerai
1638 2709 1734 2751 igitur

261 2766 405 2798 homines
417 2767 528 2798 eadem
542 2767 663 2798 ratione
679 2767 753 2798 boni
770 2767 860 2799 fiunt.
884 2777 956 2798 narn
972 2767 1145 2798 eorundem
1164 2764 1409 2808 participatione
1431 2763 1505 2796 boni
1529 2771 1652 2805 semper
1665 2763 1732 2795 effi·

262 2821 400 2853 ciuntur.
443 2818 542 2852 Man.
565 2820 711 2853 Videtur.
756 2820 812 2853 So.
836 2820 1008 2863 Nunquam
1024 2831 1087 2852 non
1104 2821 1214 2852 eadem
1224 2820 1343 2851 ratione
1359 2818 1434 2850 boni
1447 2817 1568 2855 fierent,
1579 2816 1734 2848 nieadem

262 2876 386 2907 illorum
401 2875 497 2906 virtus
512 2875 617 2907 esset?
662 2875 761 2907 Man.
784 2875 969 2918 Nunquam.
1015 2875 1072 2907 So.
1099 2874 1258 2913 Quoniam
1275 2884 1349 2915 ergo
1364 2873 1474 2904 eadem
1490 2871 1586 2902 virtus
1601 2876 1650 2902 eat
1664 2880 1731 2902 om·

263 2930 363 2968 nium,
378 2938 491 2962 conare
507 2929 538 2960 in
566 2929 743 2961 memoriam
772 2930 932 2967 reducere,
947 2930 1097 2973 quidnam
1121 2930 1181 2961 hoc
1196 2939 1264 2960 esse
1281 2927 1415 2969 Gorgias
1429 2925 1543 2957 dixerit
1557 2935 1595 2956 ac
1609 2930 1644 2956 tu
1666 2934 1732 2957 una

263 2984 467 3018 consen-eris.
514 2984 612 3017 ΜΕΝ.
636 2983 797 3021 Quidnam
813 2984 899 3016 aliud
914 2993 1008 3026 quarn
1026 2994 1158 3026 preesse
1169 2982 1345 3014 hominibus
1363 2980 1477 3023 posse?
1501 2979 1526 3012 ai
1541 2979 1620 3022 quid
1634 2989 1730 3012 unuin
