1846 3268
385 746 872 798 APOLOGIA
926 745 1408 796 SOCRATIS.

173 1067 250 1111 [1⁷]
275 1069 353 1107 Qua
377 1078 433 1100 vos
447 1067 581 1105 ratione,
595 1078 614 1098 o
627 1066 681 1098 viri
696 1066 917 1104 Athenienses,
933 1066 1097 1099 affecerint
1111 1072 1306 1100 accusatores
1327 1070 1400 1107 mei,
1422 1071 1527 1103 nescio
1544 1071 1638 1113 equi·

169 1123 262 1154 dem:
287 1133 335 1154 me
352 1127 434 1154 certe
450 1122 493 1153 sic
508 1122 692 1158 affecerunt,
708 1125 744 1151 ut
757 1121 818 1152 mei
833 1121 934 1163 ipsius
951 1131 1031 1162 pene
1046 1121 1159 1152 oblitus
1175 1122 1284 1153 fuerim
1298 1135 1307 1162 ;
1330 1130 1417 1155 tanta
1434 1126 1638 1166 persuasione

169 1177 274 1208 dicere
290 1177 347 1207 visi
361 1181 433 1207 sunt
448 1187 456 1207 ε
481 1175 623 1217 quamvis
638 1175 728 1212 nibil,
744 1180 780 1205 ut
794 1176 838 1206 ita
853 1175 974 1216 loquar,
991 1175 1054 1206 veri
1071 1176 1110 1206 ad
1127 1186 1182 1206 vos
1200 1177 1379 1210 detulerint.
1424 1179 1487 1210 Sed
1501 1190 1539 1210 ex
1556 1179 1638 1210 mul-

169 1230 220 1266 tis,
235 1240 307 1271 quae
321 1229 399 1260 salso
424 1230 653 1267 asseverabant,
677 1228 708 1260 id
732 1240 799 1260 sum
821 1228 1016 1270 potissimum
1039 1229 1218 1266 admiratus,
1244 1231 1329 1271 quod
1345 1232 1433 1262 vobis
1457 1234 1636 1263 cavendum

167 1294 235 1314 esse
248 1288 446 1320 monuerunt,
462 1294 502 1314 ne
517 1294 536 1314 a
551 1293 612 1320 me,
629 1283 717 1324 quasi
731 1283 913 1324 eloquente,
937 1283 1173 1324 deciperemini.
1217 1283 1313 1320 Quod
1335 1285 1418 1315 enim
1442 1296 1575 1317 asserere
1597 1286 1631 1316 id

167 1337 296 1371 minime
311 1336 500 1374 erubuerint,
513 1335 605 1376 cujus
621 1347 680 1378 ego
697 1347 767 1367 mox
792 1336 1044 1378 redargutionem
1059 1347 1153 1378 opere
1169 1337 1237 1378 ipso
1259 1338 1397 1369 facturus
1419 1349 1514 1376 eram,
1535 1350 1636 1381 quan-

167 1391 336 1432 doquidem
352 1391 384 1421 in
408 1390 573 1431 praesentia
590 1390 680 1421 vobis
705 1399 840 1431 appareo
857 1389 951 1430 longe
974 1390 1013 1420 ab
1035 1389 1218 1431 eloquentia
1235 1391 1375 1422 alienus:
1399 1393 1471 1429 hoc,
1493 1392 1634 1434 inquam,

167 1444 244 1476 mihi
259 1455 353 1486 supet
379 1444 484 1475 omnia
499 1443 598 1474 visum
620 1449 668 1474 est
691 1443 1022 1484 impudentissimum:
1045 1443 1106 1474 nisi
1128 1444 1208 1474 forte
1230 1445 1429 1487 eloquentem
1451 1446 1504 1477 isti
1522 1451 1636 1478 vocant

167 1509 240 1530 vera
254 1499 422 1530 dicentem.
469 1497 502 1529 Si
520 1498 604 1529 enim
628 1497 813 1535 ita'dicant,
841 1497 1001 1538 profiterer
1022 1498 1168 1539 equidem
1193 1509 1252 1535 me,
1276 1500 1416 1541 quamvis
1437 1510 1501 1530 non
1527 1510 1634 1531 eorum

167 1563 263 1590 more,
278 1553 429 1583 rhetorem
443 1562 521 1583 esse.
568 1551 697 1592 Quippe
712 1562 784 1582 cum
800 1551 845 1591 hi,
871 1556 907 1581 ut
931 1551 1078 1592 equidem
1094 1552 1180 1592 dico,
1196 1553 1261 1583 veri
1278 1553 1353 1583 nihil
1370 1553 1527 1592 dixerint;
1549 1564 1568 1584 a
1584 1564 1632 1584 me

160 1616 238 1641 ,vero
254 1616 308 1636 vos
331 1616 404 1637 vera
422 1605 528 1636 omnia
550 1605 686 1636 audituri
710 1605 789 1636 sitis.
834 1604 949 1646 Neque
965 1616 1050 1646 vero,
1075 1616 1131 1646 per
1154 1606 1279 1643 Jovem,
1303 1618 1322 1637 o
1338 1607 1394 1638 viri
1409 1606 1634 1645 Athenienses,

164 1659 302 1692 fucatam
329 1668 347 1690 a
371 1670 421 1690 me
445 1659 630 1695 orationem,
664 1659 929 1700 quemadmodum
955 1659 994 1689 ab
1019 1659 1101 1699 istis,
1128 1659 1539 1702 verborumnominumque
1564 1661 1630 1692 ele-

166 1714 284 1755 gantia,
318 1723 422 1755 neque
453 1713 542 1744 aliter
567 1717 760 1753 exornatam,
793 1712 848 1743 sed
878 1723 916 1743 ex
941 1712 1112 1754 improviso
1137 1714 1251 1754 passim
1284 1715 1537 1756 contingentibus
1565 1726 1633 1746 ver-

165 1768 213 1799 bis
245 1772 457 1801 coacervatam
479 1766 625 1798 audietis.
679 1765 815 1797 Confido
842 1765 926 1796 enim
956 1776 1006 1796 me
1029 1759 1116 1807 justa
1139 1767 1306 1807 dicturum,
1340 1779 1443 1810 neque
1465 1768 1633 1810 quisquam

164 1826 300 1853 vestrum
322 1825 435 1863 speret,
459 1830 508 1851 me
533 1820 621 1850 aliter
646 1830 713 1850 esse
743 1819 898 1850 dicturum
914 1824 932 1851 ε’
957 1819 1098 1862 alioquin
1119 1831 1223 1862 neque
1250 1826 1372 1852 aetatem
1400 1823 1492 1859 hanc,
1518 1834 1538 1853 ο
1564 1823 1635 1860 viri,

165 1876 303 1916 deceret,
347 1874 649 1906 adolescentulorum
678 1884 763 1905 more
787 1874 888 1904 verbis
919 1874 1058 1905 studiose
1088 1874 1228 1906 formatis
1262 1876 1324 1907 huc
1352 1876 1392 1907 ad
1420 1887 1475 1907 vos
1498 1877 1633 1918 ingredi.

166 1930 369 1967 Quinimmo
393 1929 603 1965 vehementer,
629 1938 648 1958 o
674 1928 731 1959 viri
751 1926 974 1966 Athenienses,
995 1928 1029 1959 id
1054 1939 1107 1959 oro
1130 1934 1163 1960 et
1187 1930 1328 1971 obsecro,
1344 1935 1390 1967 ut,
1406 1930 1432 1961 si
1446 1929 1558 1961 iisdem
1583 1941 1633 1962 me

165 1983 266 2015 verbis
287 1983 320 2014 in
340 1982 560 2024 respondendo
585 1986 724 2013 utentem
751 1981 900 2022 audietis,
934 1982 1048 2023 quibus
1071 1987 1104 2013 et
1132 1983 1164 2013 in
1188 1983 1255 2014 foro
1282 1984 1367 2025 apud
1389 1984 1634 2026 argentariorum

165 2047 298 2074 mensas,
324 2036 380 2068 ubi
406 2036 545 2078 plerique
570 2041 706 2067 vestrum
730 2046 779 2067 me
803 2046 1030 2078 nonnunquam
1053 2037 1253 2078 audiverunt,
1284 2042 1317 2068 et
1350 2037 1426 2068 alibi
1450 2038 1497 2068 uti
1522 2038 1633 2077 soleo;

166 2102 207 2122 ne
231 2091 438 2127 admiremini,
465 2101 543 2122 neve
559 2089 693 2131 graviter
716 2090 748 2121 id
773 2090 889 2121 feratis.
934 2090 986 2121 Sic
1010 2090 1093 2121 enim
1121 2101 1153 2122 se
1176 2101 1223 2122 res
1243 2091 1349 2124 habet.
1371 2091 1462 2122 venio
1486 2092 1632 2133 equidem

166 2155 251 2176 nunc
280 2145 412 2186 primum
427 2144 459 2175 in
483 2144 653 2185 judicium,
676 2144 781 2186 plures
797 2154 888 2186 quam
907 2144 1108 2186 septuaginta
1127 2154 1227 2175 annos
1248 2150 1362 2176 natus:
1386 2156 1423 2176 ex
1450 2155 1514 2186 quo
1536 2146 1582 2182 fit,
1599 2150 1634 2175 ut

165 2199 199 2230 in
222 2200 281 2230 hac
291 2198 440 2241 judiciali
454 2208 551 2230 causa
565 2208 671 2229 revera
686 2198 742 2229 sim
759 2198 952 2240 peregrinus.
996 2198 1038 2228 Et
1053 2199 1206 2239 profecto,
1222 2199 1487 2240 quemadmodum
1503 2199 1529 2229 si
1543 2209 1632 2239 pere-

167 2253 273 2294 grinus
297 2252 439 2284 Athenas
462 2252 630 2288 venissem,
653 2252 858 2294 ignosceretis
884 2252 991 2294 utique
1018 2251 1095 2283 mihi
1121 2252 1283 2293 peregrina
1307 2263 1384 2283 voce
1410 2257 1443 2283 et
1466 2252 1565 2283 forma
1585 2252 1632 2283 lo-

166 2306 288 2348 quenti,
314 2317 370 2348 pro
392 2307 467 2348 [18]
492 2306 689 2337 educationis
714 2317 791 2337 meae
816 2306 1067 2337 consuetudine:
1093 2306 1138 2337 ita
1161 2311 1192 2337 et
1214 2307 1247 2336 in
1262 2306 1428 2347 praesentia
1441 2317 1497 2337 vos
1511 2316 1632 2348 precor,

165 2370 269 2401 neque
287 2359 321 2391 id
335 2360 461 2401 quidem
477 2360 605 2402 injuria,
620 2365 657 2391 ut
672 2360 822 2403 loquendi
838 2361 969 2391 formam
992 2359 1120 2390 minime
1136 2360 1325 2399 attendatis;
1349 2370 1419 2401 quae
1441 2365 1535 2402 prout
1555 2371 1633 2392 con-

166 2413 272 2454 tingit,
289 2418 354 2444 tum
370 2414 490 2450 melior,
505 2418 572 2445 tum
588 2415 723 2445 deterior
737 2425 804 2446 esse
819 2420 945 2456 potest:
970 2415 1024 2445 sed
1037 2414 1174 2455 idipsum
1189 2414 1405 2456 consideretis,
1419 2416 1480 2446 huc
1495 2420 1631 2446 mentem

169 2466 357 2507 adhibeatis,
369 2467 510 2508 justane,
526 2478 565 2498 an
582 2467 702 2509 injusta
717 2469 831 2499 dicam.
854 2469 914 2499 hoc
941 2469 1024 2499 enim
1046 2468 1163 2510 judicis
1184 2469 1320 2500 officium
1341 2474 1409 2501 est:
1433 2469 1562 2500 rhetoris
1577 2479 1632 2500 au-

167 2524 229 2550 tem
245 2520 395 2560 officium,
411 2531 482 2552 vera
498 2521 598 2563 loqui.
643 2522 768 2553 Justum
785 2528 832 2554 est
847 2526 964 2559 autem,
980 2533 999 2553 o
1014 2522 1069 2552 viri
1085 2522 1308 2560 Athenienses,
1323 2533 1373 2553 me
1390 2523 1489 2564 primo
1503 2523 1632 2564 quidem

167 2573 207 2604 ad
233 2573 464 2605 accusationem
490 2575 620 2615 primam
639 2576 718 2606 salso
743 2576 924 2613 confictam,
949 2581 982 2606 et
1003 2576 1043 2606 ad
1069 2575 1183 2616 primos
1207 2581 1403 2608 accusatores
1422 2577 1630 2617 respondere:

168 2626 284 2657 deinde
300 2626 340 2657 ad
356 2627 567 2666 novissimam,
584 2633 679 2670 atque
694 2630 891 2661 novissimos.
937 2630 994 2660 Me
1009 2629 1136 2670 quidem
1152 2630 1245 2671 multi¹
1252 2629 1318 2671 jam
1332 2630 1437 2660 multis
1448 2629 1537 2659 annis
1553 2630 1631 2660 falso

165 2681 251 2720 apud
268 2691 321 2711 vos
336 2687 542 2712 accusarunt:
567 2693 646 2723 quos
669 2683 816 2724 equidem
843 2683 939 2724 magis
961 2683 1107 2724 formido,
1127 2694 1220 2725 quam
1237 2683 1340 2726 Anyti
1363 2683 1631 2725 adstipulatores;

167 2744 347 2775 quanquam
367 2739 400 2765 et
421 2734 593 2765 bisuntin
616 2737 835 2777 persuadendo
858 2742 1014 2778 potentes,
1060 2736 1122 2767 Sed
1147 2737 1192 2767 illi
1217 2738 1422 2778 potentiores,
1443 2747 1462 2767 ο
1483 2737 1550 2777 viri,
1574 2735 1631 2777 qui

168 2787 334 2829 plerosque
350 2792 481 2819 vestrum
509 2798 528 2818 a
546 2789 680 2829 pueritia
701 2795 909 2831 occuparunt,
934 2795 1117 2821 accusantes
1139 2801 1187 2822 me
1209 2791 1318 2832 procul
1344 2801 1362 2821 a
1378 2790 1518 2826 veritate,
1534 2795 1629 2830 atque

168 2841 255 2871 vobis
271 2842 507 2883 persuadentes,
519 2852 587 2872 esse
602 2842 751 2874 videlicet
764 2844 922 2874 Socratem
939 2844 1096 2884 quendam
1112 2844 1298 2885 sapientem,
1321 2855 1425 2875 eorum
1447 2854 1517 2884 quoe
1536 2852 1630 2883 super

169 2903 281 2930 aerem,
294 2905 427 2936 quaeque
442 2895 500 2926 sub
515 2899 594 2926 terra
606 2896 697 2936 fiunt,
713 2901 979 2937 perscrutatorem,
996 2898 1050 2938 qui
1066 2898 1165 2928 soleat
1180 2898 1352 2929 inferiorem
1369 2897 1516 2928 rationem
1529 2895 1628 2927 disse,-

168 2947 265 2978 tendo
280 2948 467 2989 superiorem
485 2950 647 2981 ostendere
662 2961 671 2990 3
694 2950 725 2980 hi
742 2951 895 2992 profecto,
921 2961 939 2981 o
956 2950 1011 2982 viri
1037 2950 1260 2989 Athenienses,
1283 2951 1338 2992 qui
1359 2951 1441 2982 hunc
1459 2951 1498 2981 de
1514 2959 1561 2980 me
1576 2958 1629 2978 ru-
