1846 3268
237 257 317 296 238
846 254 1119 305 PLATONlS
1608 259 1709 311 [153

238 359 327 392 tione
342 358 422 390 liunt
437 357 554 396 omnia,
566 367 639 400 quae
655 367 723 390 esso
737 357 883 395 dicimus,
898 367 963 389 non
988 363 1073 392 recte
1088 358 1340 395 denominantes.
1385 358 1474 393 Nihil
1491 359 1574 393 enim
1590 365 1710 395 essun-

237 424 347 456 quam,
369 423 491 454 semper
514 417 619 444 autem
635 411 682 443 fit.
725 411 768 444 Et
782 411 813 444 in
830 412 890 444 hoc
905 422 1013 445 omnes
1027 424 1083 456 per
1095 413 1238 445 ordinem
1254 413 1425 456 sapientes,
1438 419 1570 456 excepto
1582 414 1710 449 Parme-

236 467 328 505 uide,
340 471 577 504 consenserunt,
591 466 790 509 Protagoras,
813 465 1007 504 Heraclitus,
1023 467 1256 509 Empedocles3
1279 473 1312 500 et
1337 475 1500 510 poetarum
1522 469 1553 500 in
1576 474 1711 512 utroque

235 526 386 565 poemate
400 521 524 558 summi,
537 521 568 552 in
583 521 738 554 comoedia
748 521 966 563 Epicharmus,
977 521 1132 553 Homerus
1144 521 1176 553 in
1192 522 1352 564 tragoedia.
1376 532 1448 554 nam
1461 533 1532 554 cum
1545 522 1709 559 Oceanum

238 574 362 607 diceret
386 575 517 606 deorum
541 575 774 617 generationem
799 579 832 606 et
853 579 981 606 matrem
1003 574 1140 612 Tethim,
1164 576 1270 607 omnia
1284 587 1321 608 ex
1337 576 1422 608 fluxu
1438 568 1588 620 motuque
1603 577 1712 619 genita

237 628 435 671 praedicavit,
459 639 499 660 au
515 639 579 660 non
600 629 633 661 id
650 629 784 671 proferre
800 628 950 661 videtur?
993 628 1083 662 Tus:-
1105 630 1188 662 Mihi
1205 641 1289 663 vero.
1333 631 1392 662 So.
1414 631 1498 669 Quis
1511 641 1585 673 ergo
1600 632 1708 671 adver-

237 694 291 715 sus
305 687 426 715 tantum
451 682 550 726 [1⁵3]
573 683 742 715 exercitum
765 682 899 725 ejusque
919 683 1032 715 ducem
1058 682 1229 716 Homerum
1244 695 1383 727 pugnare
1396 685 1523 721 audeat,
1539 685 1616 727 quin
1630 685 1707 719 ridi-

236 738 328 770 culus
351 737 526 770 habeatur?
571 737 659 770 Tur..
689 736 834 770 Arduum
859 742 918 775 est,
939 748 958 769 ο
980 738 1137 770 Socrates.
1190 739 1248 771 So.
1283 738 1429 771 Arduum
1452 739 1572 782 absque
1596 739 1708 781 dubio,

236 791 420 831 'Ilieaetete5
443 791 612 833 praesertim
625 802 695 823 cum
710 791 770 823 ista
784 791 860 824 huic
875 793 1008 824 sermoni
1024 798 1206 835 argumento
1222 804 1289 825 esse
1302 793 1434 836 possint,
1445 804 1516 836 quae
1530 793 1628 825 videri
1640 804 1709 826 esse

235 851 334 888 atque
345 856 412 878 esse
428 850 530 877 motus
546 846 684 888 praebet3
708 856 772 878 non
785 856 854 878 esse
877 851 981 879 autem
997 852 1028 878 et
1042 846 1184 889 interire,
1197 848 1299 889 quies.
1343 847 1432 890 Ignis
1448 847 1532 879 euim
1547 846 1707 889 calorque,

236 901 295 944 qui
309 901 370 932 aiis
386 896 489 942 gignit
503 905 536 932 et
547 900 638 942 regit,
654 899 722 942 ipse
740 911 778 932 ex
804 900 922 933 latione
946 901 1156 944 {rictioneque
1182 901 1324 935 efficitur.
1346 901 1397 933 bic
1414 907 1518 934 autem
1533 906 1637 932 motus
1651 906 1710 933 est.

237 966 279 987 an
294 965 360 986 non
374 956 443 986 haec
455 954 536 996 ignis
557 955 668 997 origo?
713 954 801 987 Tur-2.
824 955 904 987 Haec
929 960 1026 988 certe.
1066 956 1125 989 ¹80.
1149 956 1236 994 Quin
1252 956 1345 988 etiarn
1362 955 1542 987 animalium
1558 965 1656 996 genus
1671 965 1711 987 ex

235 1010 358 1042 eisdem
384 1009 534 1041 nascitur.
578 1009 667 1041 Tria.
690 1010 837 1048 Quidni?
882 1010 939 1043 So.
962 1010 1048 1047 Quid
1075 1021 1238 1052 corporum
1266 1010 1415 1041 habitus?
1440 1020 1480 1043 an
1506 1020 1570 1041 non
1593 1009 1662 1041 otio
1675 1013 1711 1040 et

233 1068 363 1107 torpore
372 1063 596 1106 corrumpitur,
612 1064 837 1096 exercitatione
855 1070 960 1096 autem
986 1070 1138 1108 motuque
1164 1064 1332 1107 plurimum
1355 1063 1581 1096 conservatur?
1623 1063 1712 1095 Tua.

232 1119 302 1152 Ita.
347 1119 404 1152 So.
427 1117 555 1150 Animae
574 1129 702 1162 quoque
726 1119 852 1151 habitus
877 1119 1048 1161 disciplina
1076 1125 1109 1151 et
1134 1119 1351 1156 meditatione,
1367 1129 1439 1161 quae
1451 1118 1609 1151 motiones
1624 1122 1710 1157 sunt,

236 1172 398 1206 doctrinas
412 1173 625 1214 consequitur,
640 1178 779 1205 servatur
794 1177 888 1216 atque
905 1173 1088 1215 perficitur?
1111 1173 1177 1205 otio
1202 1180 1320 1214 autem,
1334 1173 1370 1205 id
1397 1177 1445 1204 est
1465 1171 1664 1215 negligentia
1678 1176 1712 1204 et

232 1226 469 1270 „pigritiafflihil
484 1227 610 1269 penitus
632 1227 737 1265 discit,
754 1233 787 1259 et
809 1227 836 1259 si
859 1227 936 1269 quid
963 1227 1122 1265 didicerit,
1139 1227 1357 1260 obliviscitur?
1401 1226 1488 1260 Tua.
1511 1225 1555 1257 Et
1578 1223 1711 1259 maxime

234 1281 379 1324 quidem.
424 1281 483 1314 So.
507 1281 633 1313 Bonum
647 1281 756 1324 itaque
767 1286 833 1314 tam
850 1281 883 1313 in
903 1281 1009 1314 anima
1022 1292 1115 1324 quam
1140 1282 1172 1313 in
1197 1292 1327 1324 corpore
1343 1285 1445 1312 motus
1459 1284 1518 1318 est,
1531 1279 1623 1322 quies
1635 1289 1711 1311 vero

236 1335 439 1368 contrarium.
483 1335 572 1367 Tire.
594 1335 741 1369 Videtur.
786 1336 843 1368 So-
867 1336 1023 1368 Psaeterea
1042 1336 1076 1367 in
1101 1335 1152 1374 iis,
1171 1347 1242 1378 quae
1257 1335 1440 1367 serenitates
1457 1333 1710 1376 tranquillitates-

231 1401 301 1432 .quc
314 1394 478 1426 vocantur,
493 1390 556 1422 hoc
570 1399 685 1427 assero,
699 1390 786 1431 quod
802 1390 925 1432 quietes
938 1390 1156 1431 putrefaciunt
1174 1395 1272 1432 atque
1287 1389 1425 1432 perdunt
1434 1400 1445 1428 ;
1467 1388 1531 1420 alia
1546 1398 1618 1419 vero
1634 1397 1711 1419 cou-

238 1448 374 1476 servant.
417 1442 460 1474 Et
474 1443 522 1474 his
537 1433 718 1484 suffragium
735 1443 969 1484 Colophonium
986 1443 1148 1484 adjiciam,
1163 1444 1264 1486 ipsam
1279 1443 1400 1475 scilicet
1413 1447 1556 1475 catenam
1573 1451 1710 1479 auream,

232 1509 333 1541 squam
355 1497 483 1540 quidem
507 1496 585 1528 nihil
609 1497 695 1528 aliud
721 1502 834 1539 praeter
859 1497 956 1528 solem
982 1497 1140 1528 Homerus
1166 1497 1336 1539 intelligit:
1364 1495 1441 1538 quia
1454 1506 1618 1538 quousque
1633 1495 1708 1529 solis

232 1551 388 1584 circuitus
399 1556 592 1594 ,persevera-t,
607 1551 714 1583 omnia
728 1555 791 1582 tarn
807 1551 935 1583 deorum
952 1562 1045 1593 quam
1067 1551 1230 1583 hominum
1254 1557 1328 1582 sunt
1347 1555 1443 1592 atque
1466 1555 1640 1585 servantur.
1662 1550 1711 1581 sin

236 1610 344 1638 autem
359 1606 421 1639 hoc
442 1605 532 1647 quasi
547 1605 678 1647 ligatum
690 1610 797 1646 staret,
817 1604 983 1637 confestim
1007 1604 1112 1637 omnia
1128 1603 1383 1641 dissolverentur,
1401 1602 1604 1646 eveniretque
1623 1604 1710 1646 quod

237 1659 367 1698 dicitur,
381 1670 502 1691 sursum
517 1659 597 1691 iufra
608 1660 754 1691 deorsum
769 1659 928 1701 superiora
942 1658 1111 1692 transferri.
1156 1658 1183 1689 T
1185 1668 1243 1690 ue.
1267 1656 1353 1689 Mihi
1363 1667 1503 1700 quoque,
1517 1667 1536 1688 o
1554 1656 1711 1698 Socrates,

235 1715 351 1746 eadem
362 1725 432 1757 quae
445 1714 525 1746 dicis
538 1714 653 1746 sentire
669 1713 802 1746 videtur.
829 1713 886 1744 So.
910 1712 1035 1755 Accipe
1049 1717 1082 1744 et
1095 1713 1169 1749 hoc,
1185 1722 1205 1743 o
1215 1711 1346 1754 optime,
1360 1710 1444 1746 eirca
1459 1710 1710 1753 oculosprimum

235 1767 368 1811 quidem
396 1768 546 1806 colorem,
561 1779 655 1810 quem
671 1767 804 1801 dicimus
824 1767 943 1805 album,
957 1778 1022 1798 non
1047 1777 1115 1799 csse
1140 1766 1244 1810 ipsum
1256 1765 1341 1797 aliud
1357 1765 1526 1808 quicquam
1540 1769 1712 1801 extra-tuos

231 1822 465 1865 nculcsneque
482 1823 514 1854 in
530 1822 654 1855 oculis:
677 1833 781 1865 neque
796 1822 893 1854 illitu
910 1822 1013 1853 locum
1040 1826 1159 1853 certum
1187 1821 1348 1852 attribuas-
1392 1818 1565 1853 Jameuim
1581 1819 1711 1852 essetis

236 1877 351 1909 ordine
369 1881 581 1919 maneretque,
598 1887 656 1909 nec
675 1876 710 1908 in
733 1876 935 1918 generatione
960 1875 1093 1908 ulterius
1117 1881 1211 1908 esset.
1252 1874 1341 1906 Tur..
1362 1873 1408 1907 At
1424 1873 1608 1916 quomodo?
1653 1872 1712 1915 Sc.

236 1930 418 1972 Sequamur
431 1941 604 1962 ser-monem
619 1931 822 1972 superiorem,
838 1930 916 1962 nihil
933 1931 1106 1962 secundum
1118 1929 1257 1972 seipsum
1274 1939 1371 1960 unum
1383 1928 1534 1972 quiddam
1547 1932 1713 1970 ponentes.

230 1989 336 2027 »atque
351 1985 396 2016 ita
409 1985 501 2016 nobis
526 1985 614 2027 niger
637 1985 790 2026 albusque
815 1989 850 2015 et
871 1983 974 2026 quivis
995 1983 1075 2015 alius
1098 1983 1186 2015 color
1210 1993 1249 2014 ex
1265 1980 1480 2024 applicatione
1495 1980 1655 2014 oculorum
1669 1981 1711 2014 sd

233 2039 413 2073 motionem
429 2038 673 2071 convenientem
687 2039 811 2081 genitus
836 2042 989 2080 apparet:
1014 2043 1048 2073 et
1063 2038 1109 2079 id,
1126 2037 1212 2079 quod
1227 2036 1343 2068 coloris
1358 2035 1484 2067 nomine
1501 2035 1711 2078 appellamus,

231 2103 343 2135 ,neque
358 2093 523 2136 applicans
536 2093 640 2134 ipsum
654 2103 758 2135 neque
782 2092 880 2134 [154]
904 2090 1090 2134 applicitum
1102 2091 1172 2128 erit,
1183 2090 1240 2122 sed
1253 2089 1391 2124 medium
1404 2087 1554 2130 quiddam
1564 2088 1712 2130 cuiquam

236 2147 404 2189 ,proprium
420 2148 581 2180 effectum.
626 2146 680 2178 An
697 2151 730 2178 tu
739 2156 908 2188 assereres,
918 2145 1100 2188 ,qualistibi
1114 2144 1249 2187 quilibet
1261 2143 1347 2176 color
1362 2147 1504 2186 apparet,
1519 2141 1612 2174 talem
1625 2143 1712 2175 cani-

232 2201 300 2232 Abus
315 2205 350 2232 et
363 2200 496 2243 singulis
511 2200 696 2233 animalibus
712 2200 887 2243 apparere?
930 2199 1021 2230 Tus.
1042 2197 1133 2236 Non,
1149 2209 1207 2241 per
1229 2197 1353 2230 Jovem.
1398 2197 1456 2228 So„
1479 2196 1566 2234 Quid
1583 2197 1711 2235 autem?

239 2253 329 2286 alteri
345 2254 466 2286 homini
482 2260 515 2287 et
531 2255 589 2287 tibi
603 2265 678 2287 num
703 2255 804 2287 simile
830 2253 1078 2296 unumquodque
1098 2252 1362 2294 asserendumque
1377 2250 1522 2283 videtur?
1550 2261 1589 2282 an
1606 2250 1711 2293 potius

231 2319 301 2340 mec
327 2309 384 2340 tibi
409 2308 472 2352 ipsi
496 2309 595 2351 idem,
611 2321 648 2341 eo
674 2310 760 2352 quod
786 2319 948 2351 nunquam
976 2307 1034 2340 tibi
1054 2307 1122 2350 ipse
1148 2306 1257 2338 similis
1282 2305 1481 2348 perseveres?
1525 2303 1614 2337 Tun.
1637 2303 1710 2336 Hoc

233 2363 350 2405 ,potius
376 2373 470 2405 quam
490 2363 575 2396 :illud
601 2364 727 2406 opinor.
768 2364 827 2396 So.
844 2363 881 2396 Si
898 2363 938 2397 ,id
959 2372 1023 2405 quo
1039 2370 1254 2394 mensuramus
1270 2359 1317 2391 vel
1334 2359 1420 2401 quod
1434 2358 1629 2400 attingimus,
1643 2369 1711 2403 nra-

231 2427 338 2458 ,gnum
354 2417 403 2449 vel
418 2417 525 2450 album
540 2418 588 2450 vel
604 2418 742 2450 calidum
766 2422 861 2456 esset,
870 2427 1036 2459 ‚nunquam
1059 2415 1093 2448 in
1117 2415 1202 2446 aliud
1219 2415 1376 2446 incurrens
1391 2412 1477 2446 aliud
1493 2412 1593 2453 ficret,
1607 2411 1710 2458 ipsum

237 2471 318 2502 nihil
346 2472 524 2504 mutatum?
569 2473 666 2511 Quod
692 2472 719 2506 si
743 2477 956 2506 mensuratum
981 2475 1037 2502 aut
1053 2474 1232 2512 perceptum
1249 2467 1385 2510 quodvis
1399 2467 1507 2499 horum
1519 2471 1612 2505 esset,
1626 2477 1711 2500 uun·

231 2534 331 2567 quam
347 2525 410 2557 alio
425 2526 597 2558 accedente
611 2527 660 2559 vel
676 2526 830 2569 patiente,
844 2523 1040 2568 ipsumnihil
1065 2523 1188 2565 patiens
1209 2522 1295 2554 aliud
1320 2520 1432 2553 fieret?
1476 2519 1562 2552 Nam
1579 2520 1708 2565 in3prai-

237 2578 352 2616 sentia,
367 2579 481 2618 amice,
496 2580 573 2612 mira
598 2581 743 2623 quaedam
768 2585 801 2612 et
824 2579 1000 2613 deridenda
1018 2576 1111 2610 facile
1132 2576 1238 2610 dicere
1261 2575 1413 2618 cogimur,
1432 2578 1474 2609 ut,
1492 2574 1559 2617 ipse
1583 2567 1710 2617 quoque

235 2631 426 2675 Protagoras
444 2639 484 2669 „et
498 2635 640 2677 quisquis
656 2635 735 2666 alius
751 2634 893 2677 ejusdem
902 2631 1074 2667 sententiaa
1091 2635 1138 2663 cst
1154 2630 1365 2663 confiteretur.
1410 2628 1497 2661 Tua.
1520 2628 1594 2668 Quo
1611 2632 1705 2670 pacto

233 2690 271 2717 ct
297 2687 404 2728 qualia
426 2687 533 2721 dicis?
578 2689 637 2723 So.
658 2690 760 2722 Breve
786 2687 964 2730 exemplum
984 2686 1112 2728 accipe,
1128 2684 1350 2726 intelligesque
1370 2683 1456 2726 quod
1471 2682 1555 2714 volo.
1598 2681 1631 2714 Si
1655 2692 1709 2720 sex

237 2739 309 2773 talis
321 2745 455 2783 quatuor
470 2743 650 2781 admoveas,
668 2754 720 2775 sex
736 2742 854 2786 priores
870 2742 975 2786 plures
990 2751 1058 2772 esse
1082 2750 1176 2782 quam
1202 2743 1336 2781 quatuor
1357 2737 1553 2773 dicirnus„ac
1576 2734 1709 2777 dimidip

232 2803 396 2837 superare„
412 2796 496 2827 unde
518 2797 722 2840 sesquialtera
750 2797 913 2840 proportio
938 2796 1129 2836 nominatur,
1146 2794 1193 2825 sin
1209 2792 1389 2828 duodecim,
1407 2789 1566 2832 pauciores
1582 2788 1710 2822 dimidi-

239 2856 349 2890 osque.
371 2859 431 2882 nec
460 2849 550 2882 aliter
577 2851 639 2884 dici
663 2857 785 2894 potest.
811 2861 852 2884 an
878 2855 912 2882 tu
936 2849 1047 2882 aliter?
1092 2849 1181 2881 Tur„
1204 2846 1361 2890 Equidem
1387 2843 1476 2878 nullo
1501 2841 1607 2876 modo.
1652 2843 1706 2877 So.

230 2899 325 2937 »Quid
351 2904 448 2946 ergo?
471 2904 497 2936 si
523 2910 553 2937 tc
574 2904 762 2948 Protagoras
784 2910 840 2938 aut
869 2904 948 2938 alius
972 2903 1080 2946 ¹quivis
1112 2903 1327 2944 interrogaret,
1351 2898 1508 2932 Potestne
1523 2895 1666 2941 aliquid,
1685 2907 1706 2931 o

236 2953 411 2997 Tllcaetctc,
427 2958 527 3000 majus
551 2964 607 2991 aut
629 2959 700 3003 plus
724 2960 813 2993 aliter
837 2960 903 2992 fieri
925 2970 1017 3002 quam
1035 2957 1224 2991 adauctum?
1246 2955 1336 2999 quid,
1353 2954 1492 2996 inquam,
1505 2950 1728 2997 giutissiumui‘
