1846 3268
230 256 308 293 324
825 253 1094 294 PLATOle
1599 260 1697 313 [413

230 365 355 393 constat
370 360 431 391 hoc
446 370 514 392 esse
525 358 658 402 justum.
684 357 781 399 [413]
804 357 874 399 Ego
889 362 1007 396 autem,
1023 358 1251 401 Hermogenes,
1266 363 1377 402 utpote
1392 359 1535 393 discendi
1548 361 1706 395 desiderio

229 414 376 456 flagrans,
392 414 459 445 haec
475 413 581 444 onmia
597 416 806 454 perscrutatus
819 422 899 449 sum,
914 412 990 444 etin
1006 413 1127 447 arcanis
1142 413 1283 456 percepi,
1294 415 1379 457 quod
1397 416 1456 448 hoc
1467 415 1569 457 ipsum
1580 415 1702 458 justum

230 468 282 505 sit,
298 473 330 499 et
343 478 450 500 causa.
473 478 536 509 quo
553 465 636 498 enim
653 476 700 497 res
715 465 793 508 ipsae
819 466 910 504 fiunt,
926 467 988 498 hoc
1011 472 1059 499 est
1072 478 1188 500 causa:
1213 469 1399 511 proprieque
1425 469 1470 506 ita
1493 471 1597 503 vocari
1618 471 1704 504 istud

228 521 343 553 debere
358 521 514 563 quispiam
531 520 669 552 tradidit.
693 520 776 552 Cum
792 531 865 552 vero
882 521 921 552 ab
937 520 998 563 his,
1009 520 1076 563 jam
1093 522 1207 554 auditis
1221 523 1300 560 istis,
1316 524 1522 561 nihilominus
1535 524 1703 567 diligenter

229 576 370 618 exquiro,
386 575 462 617 quid
477 575 581 617 ipsum
592 574 714 616 justum
736 574 790 612 sit,
812 574 1071 618 quandoquidem
1093 576 1138 608 ita
1162 587 1195 609 se
1219 577 1335 610 habet:
1362 578 1470 610 videor
1484 578 1550 620 jam
1571 579 1702 611 ulterius

231 640 325 673 quam
342 631 435 661 decet
449 629 583 672 exigere,
600 634 633 661 et
646 639 786 667 caveam,
803 634 838 661 ut
853 629 980 671 dicitur,
996 630 1175 673 vallumque
1191 632 1384 675 supergredi,
1407 633 1481 664 satis
1495 633 1579 665 enim
1595 643 1704 675 super-

230 694 292 725 que
307 694 432 726 rogasse
448 694 496 715 me
520 688 554 715 et
567 683 692 715 audisse
706 683 919 725 respondent:
943 695 1058 726 meque
1080 685 1221 717 volentes
1243 686 1383 729 explere,
1397 687 1478 719 alius
1488 686 1577 719 aliud
1592 687 1703 720 afferre

229 742 396 776 conantur,
423 748 526 781 neque
551 738 632 769 ultra
655 737 868 771 consentiunt.
913 738 1051 776 Quidam
1080 740 1125 771 ait
1145 739 1265 782 justum
1292 741 1351 772 hoc
1377 740 1482 772 Solem
1501 751 1581 774 esse.
1602 741 1704 773 solum

230 792 351 834 quippe
375 792 472 824 solem
498 792 700 824 discurrendo
731 792 1013 834 calefaciendoque
1045 794 1150 826 omnia
1182 795 1365 837 gubernare.
1411 796 1492 828 Cum
1519 806 1590 828 vero
1618 796 1705 827 istud

229 846 333 878 alacer
358 846 518 888 cuiquam,
543 846 633 888 quasi
659 846 842 888 praeclarum
864 846 983 889 aliquid
1008 848 1194 887 audiverim,
1215 849 1327 890 refero,
1349 850 1453 881 statim
1476 849 1529 881 ille
1545 860 1594 881 me
1608 850 1704 882 ridet.

229 901 417 943 quoeritque,
433 900 576 942 nunquid
593 900 764 932 existimem
780 906 852 942 post
867 901 940 934 solis
951 912 1096 933 occasum
1105 902 1225 944 justum
1239 903 1318 934 nihil
1331 904 1508 935 hominibus
1518 903 1704 946 superesse?

230 955 435 987 Percontanti
450 955 556 996 itaque
579 954 656 985 mihi
671 955 747 996 quid
762 955 819 986 ille
842 956 982 997 sentiret,
996 955 1098 997 ipsum
1115 956 1160 987 ait
1185 956 1289 998 ignem
1301 956 1422 998 justum
1438 958 1579 991 existere.
1600 968 1704 1000 neque

229 1008 263 1040 id
278 1009 406 1050 cognitu
423 1009 527 1042 facile.
550 1019 647 1050 quare
661 1008 740 1039 alius
756 1008 872 1050 inquit,
888 1019 951 1039 non
965 1009 1074 1050 ignem
1099 1009 1215 1051 ipsum,
1231 1011 1287 1042 sed
1309 1011 1412 1051 ipsum
1438 1011 1545 1053 potius
1557 1011 1702 1044 innatum

227 1064 296 1106 igni
312 1064 459 1097 calorem.
504 1062 595 1094 Alius
611 1063 679 1094 haec
694 1063 800 1094 omnia
815 1073 871 1105 pro
888 1063 986 1094 nihilo
1003 1063 1109 1096 habet.
1133 1074 1200 1096 esse
1223 1064 1305 1098 enim
1318 1063 1439 1106 justum
1455 1069 1592 1098 mentem
1606 1066 1705 1105 illam,

228 1130 323 1162 quam
339 1118 464 1150 induxit
475 1117 690 1159 Anaxagoras.
737 1117 906 1149 Dominam
923 1122 1007 1150 certe
1022 1117 1108 1150 illam
1125 1123 1236 1160 suapte
1250 1124 1371 1157 natura,
1383 1130 1442 1152 nec
1456 1119 1551 1152 alicui
1564 1120 1704 1159 mixtam,

228 1184 376 1206 exornare
391 1172 497 1204 omnia
509 1172 623 1214 inquit,
640 1182 695 1214 per
709 1172 814 1204 omnia
830 1177 1058 1214 penetrantem.
1102 1173 1165 1204 Hic
1180 1173 1321 1215 quidem,
1345 1184 1364 1205 o
1378 1173 1489 1216 amice,
1503 1174 1536 1206 in
1553 1174 1702 1217 majorem

228 1229 466 1271 ambiguitatem
482 1238 549 1258 sum
565 1227 742 1270 prolapsus,
757 1238 851 1270 quam
868 1233 974 1266 antea,
995 1228 1070 1259 dum
1087 1227 1163 1259 nihil
1185 1228 1226 1260 de
1236 1226 1361 1270 justitia
1375 1229 1566 1262 sciscitabar.
1610 1230 1705 1275 Cetea

228 1293 309 1324 rum,
325 1287 360 1313 ut
374 1283 537 1314 redeamus
553 1282 593 1313 ad
609 1281 642 1312 id
657 1281 748 1323 cujus
763 1282 863 1324 gratia
877 1281 1087 1324 disputamus,
1099 1292 1214 1314 nomen
1229 1282 1276 1314 illi
1292 1282 1354 1315 tale
1370 1288 1497 1325 propter
1510 1284 1590 1323 haec,
1604 1284 1700 1327 quale

228 1337 374 1372 diximus,
388 1341 436 1368 est
451 1335 613 1367 tributum.
657 1335 781 1367 Hmm.
804 1335 945 1373 Videris,
961 1347 980 1368 o
995 1336 1151 1374 Socrates,
1177 1347 1214 1368 ex
1230 1337 1335 1380 aliquo
1359 1337 1483 1370 audisse
1503 1338 1582 1377 haec,
1598 1349 1703 1381 neque

227 1402 263 1423 ex
281 1396 335 1422 tua
349 1390 474 1422 officina
489 1390 607 1421 ruditer
621 1389 864 1432 deprompsisse.
898 1390 953 1422 So.
969 1391 1057 1428 Quid
1071 1391 1156 1422 alia?
1180 1391 1302 1424 Hamu-
1317 1391 1392 1423 Non
1408 1391 1463 1425 ita.
1486 1392 1543 1425 So.
1559 1391 1704 1426 Attende

226 1446 333 1487 igitur.
355 1445 435 1476 forte
456 1455 586 1487 nar-que
608 1444 640 1476 in
663 1444 791 1487 reliquis
815 1450 846 1476 te
868 1445 1058 1487 deciperem,
1081 1445 1171 1488 quasi
1194 1456 1264 1487 quae
1287 1446 1413 1478 afferam
1436 1457 1500 1478 non
1515 1446 1701 1479 audiverim.

228 1499 308 1531 Post
328 1499 483 1542 justitiam
509 1499 586 1541 quid
614 1499 732 1530 restat?
779 1498 948 1540 Andriam,
972 1499 1004 1530 id
1020 1503 1068 1531 est
1090 1499 1319 1538 fortitudinem,
1345 1500 1486 1532 nondum
1513 1500 1702 1542 peregimus.

226 1553 391 1596 Injustitia
406 1564 482 1585 sane
497 1553 692 1585 obstaculum
710 1552 777 1595 ejus
793 1559 840 1585 est
855 1554 940 1595 quod
966 1553 1114 1586 discurrit
1129 1565 1184 1596 per
1200 1554 1317 1586 omnia.
1340 1555 1448 1586 andria
1462 1555 1495 1586 in
1510 1565 1617 1597 pugna
1630 1565 1700 1587 ver-

227 1618 260 1639 sa
277 1613 337 1640 tur.
361 1618 467 1650 pugna
483 1607 515 1639 in
533 1609 637 1646 rebus,
654 1608 680 1640 si
696 1609 823 1650 quidem
840 1608 954 1646 fluunt,
968 1609 1046 1640 nihil
1062 1609 1148 1640 aliud
1164 1614 1211 1640 est
1225 1619 1317 1652 quam
1330 1609 1431 1641 fluxus
1442 1609 1508 1652 ipse
1517 1610 1702 1643 contrarius.

229 1662 431 1704 Quapropter
445 1661 471 1693 si
487 1662 556 1704 quis
582 1662 602 1693 d
619 1661 803 1696 subtraxerit
818 1672 856 1693 ex
878 1661 1007 1694 nomine
1030 1662 1090 1695 hoc
1105 1663 1225 1700 andria,
1249 1673 1364 1695 nomen
1379 1664 1464 1706 quod
1481 1668 1578 1696 restat
1601 1654 1702 1711 auria,

226 1726 307 1759 opus
322 1716 424 1758 ipsum
440 1716 590 1749 declarat.
638 1716 773 1748 Constat
788 1716 894 1758 plane,
909 1717 994 1758 quod
1010 1728 1073 1748 non
1089 1717 1190 1749 fluxus
1205 1718 1358 1760 cujusque
1373 1718 1544 1750 contrarius
1555 1719 1643 1757 rhoe,
1663 1719 1711 1751 id.

226 1777 275 1803 est
294 1772 410 1813 fluxus,
433 1771 585 1802 fortitudo
610 1777 670 1812 est,
697 1772 752 1803 sed
780 1771 945 1813 oppositus
970 1772 1031 1814 illi,
1053 1771 1109 1814 qui
1135 1778 1246 1815 praeter
1267 1772 1389 1815 justum
1402 1772 1454 1812 sit,
1467 1772 1576 1805 fluxui.
1601 1773 1705 1816 [414]

224 1836 328 1868 neque
344 1825 428 1858 enim
444 1825 533 1857 aliter
547 1825 699 1857 fortitudo
714 1830 798 1869 essert
812 1826 991 1859 laudabilis.
1037 1826 1136 1858 Arren
1152 1832 1269 1865 autem,
1293 1827 1325 1858 id
1342 1833 1390 1859 est
1404 1838 1481 1866 mas,
1496 1832 1530 1859 et
1543 1838 1629 1866 aner,
1643 1828 1714 1869 vir„

223 1891 243 1912 a
260 1880 353 1912 simili
369 1881 507 1922 quodam
533 1881 655 1912 ducunt
669 1881 832 1922 originem,
849 1880 969 1914 scilicet
981 1881 1020 1912 ab
1036 1892 1098 1924 ano
1113 1882 1200 1919 rhoe,
1215 1881 1248 1913 id
1264 1886 1312 1913 est
1326 1893 1444 1913 sursum
1460 1881 1559 1914 fluxu.
1603 1881 1700 1926 Gyne

222 1946 310 1972 vero,
326 1935 358 1966 id
374 1940 423 1966 est
438 1934 558 1972 mulier,
575 1935 662 1976 quasi
679 1945 773 1977 gone,
791 1935 823 1966 id
839 1940 887 1966 est
900 1935 1050 1969 foecunda
1073 1941 1104 1967 et
1120 1936 1294 1979 generatrix
1310 1947 1318 1967 ε
1342 1936 1444 1980 thely‚
1459 1936 1494 1968 id
1509 1942 1558 1968 est
1571 1936 1700 1975 semina,

223 1990 264 2021 ab
295 1989 407 2026 theles,
433 1989 465 2020 id
489 1993 538 2020 est
565 1989 685 2031 papilla
712 1989 838 2022 dicitur.
861 1989 945 2021 thele
972 1995 1076 2022 autem
1102 1991 1237 2028 videtur,
1265 1990 1492 2032 Hermogenes,
1520 1990 1597 2029 dici,
1625 1991 1702 2034 quia

224 2043 379 2085 thelenin,
395 2043 427 2074 id
444 2048 491 2075 est
507 2044 678 2085 germinare
694 2042 911 2085 pullulareque
927 2044 1016 2081 facit,
1031 2049 1068 2075 ut
1080 2044 1210 2087 irrigans
1225 2054 1263 2076 ea
1277 2055 1348 2087 quae
1363 2044 1538 2086 irrigantur.
1575 2045 1701 2078 Halm.

224 2097 277 2129 Sic
292 2101 436 2140 apparet,
452 2108 471 2129 o
486 2096 642 2129 Socrates.
688 2098 744 2130 So.
767 2097 794 2128 T
796 2097 906 2136 hallin,
923 2098 956 2129 id
973 2103 1022 2130 est
1043 2098 1206 2136 virescere,
1222 2098 1412 2137 adolescere,
1434 2099 1607 2137 florescere,
1622 2109 1700 2142 aug-

226 2150 531 2192 mentumjuvenum
547 2156 783 2193 repraesentant,
803 2152 894 2194 quasi
918 2152 1009 2183 velox
1025 2152 1176 2194 quiddam
1194 2157 1227 2184 et
1248 2152 1397 2191 subitum,
1419 2153 1504 2195 quod
1520 2153 1624 2186 innuit
1645 2154 1703 2186 ille

225 2206 281 2248 qni
296 2217 411 2237 nomen
428 2205 624 2237 conflavit-ex
639 2206 721 2243 thin,
736 2205 769 2239 id
781 2211 829 2238 est
844 2217 978 2248 currere,
988 2211 1021 2238 et
1032 2206 1206 2248 hallesthae,
1217 2206 1248 2238 id
1265 2212 1313 2239 est
1321 2207 1444 2240 saltare.
1467 2207 1702 2247 animadvertis,

226 2272 275 2293 me
291 2261 378 2293 velut
388 2265 475 2292 extra
487 2271 609 2292 cursum
623 2261 775 2299 delatum,
789 2266 955 2303 postquam
970 2261 1064 2303 plana
1075 2272 1111 2292 ac
1122 2261 1228 2303 pervia
1237 2268 1346 2294 nactus
1353 2263 1441 2294 sum?
1458 2261 1704 2305 Multaquoquev

224 2321 404 2358 supersunt,
419 2326 490 2358 qnae
505 2315 545 2346 ad
562 2315 641 2346 seria
658 2316 812 2358 pertinere
837 2310 992 2361 videntur.
1037 2315 1162 2349 Hanni.
1186 2316 1270 2348 Vera
1286 2317 1431 2359 loqueris.
1474 2317 1531 2349 So.
1554 2316 1699 2354 Quorum

225 2380 323 2401 unum
339 2375 399 2408 est,
416 2376 451 2401 ut
475 2370 648 2408 videamus,
665 2371 742 2413 quid
760 2371 885 2408 techne,
902 2371 933 2401 id
959 2376 1006 2402 est
1021 2374 1080 2408 a‘rs,
1103 2370 1262 2412 importet.
1307 2370 1430 2404 Herm.
1453 2371 1594 2404 Prorsus.
1639 2370 1698 2404 So.

225 2423 343 2456 Nonne
368 2425 429 2456 hoc
454 2425 548 2455 hexin
573 2435 630 2467 nu,
655 2426 686 2456 id
714 2430 763 2457 est
788 2425 928 2456 habitum
952 2425 1076 2462 mentis,
1100 2425 1251 2466 ostendit,
1273 2425 1486 2464 sitdemitur,
1509 2425 1700 2458 interseritur

225 2483 330 2510 autem
345 2489 365 2509 ο
380 2478 517 2510 medium
533 2479 614 2510 inter
627 2480 666 2511 ch
689 2485 721 2511 et
737 2491 756 2511 n
779 2485 812 2512 et
826 2481 868 2512 e?
914 2480 1039 2513 Harum.
1062 2478 1160 2511 Aride
1182 2479 1326 2521 nimium,
1347 2480 1501 2518 Socrates,
1519 2485 1552 2512 et
1564 2481 1699 2516 inculte.

224 2533 282 2565 So.
304 2532 358 2564 An
374 2532 509 2575 ignoras,
524 2533 616 2565 beate
631 2534 688 2572 vir,
703 2534 832 2566 nomina
845 2539 950 2567 vetera
962 2534 1109 2566 distracta
1115 2534 1183 2577 jam
1195 2545 1262 2566 esse
1272 2540 1366 2576 atque
1377 2536 1509 2569 confusa
1519 2545 1539 2567 a
1549 2535 1702 2580 sermonis

225 2586 336 2629 tragici
362 2587 522 2625 studiosis,
547 2588 713 2630 elegantiae
741 2589 839 2631 gratia
863 2588 1052 2621 addentibus
1075 2594 1108 2622 et
1130 2589 1382 2621 subtrahentibus
1403 2590 1519 2628 literas,
1534 2600 1571 2622 ac
1586 2590 1699 2632 partim

225 2641 375 2684 temporis
389 2642 606 2679 diuturnitate,
623 2643 734 2685 partim
751 2643 961 2675 exornationis
986 2643 1092 2675 studio
1117 2643 1256 2685 undique
1272 2644 1543 2685 pervertentibus?
1565 2650 1603 2676 ut
1623 2654 1699 2676 ecce

223 2692 257 2727 in
273 2700 427 2737 catoptro,
442 2696 474 2727 id
490 2702 539 2728 est
554 2697 695 2738 speculo,
717 2708 811 2741 quarn
827 2698 995 2730 absurdum
1009 2703 1058 2730 est
1071 2708 1085 2729 r
1106 2698 1206 2740 ipsius
1229 2698 1491 2731 additamentum.
1513 2699 1588 2731 talia
1601 2703 1700 2737 certe,

225 2755 262 2782 ut
286 2750 425 2786 arbitror,
454 2751 588 2789 faciunt,
603 2753 687 2793 quod
711 2753 771 2784 oris
786 2752 950 2785 illecebras
966 2752 1062 2795 pluris
1077 2753 1233 2784 aestimant
1252 2763 1346 2795 quam
1362 2753 1535 2785 veritatem.
1578 2753 1699 2791 Quam-

225 2804 332 2836 obrem
347 2814 417 2836 cum
435 2805 532 2836 multa
558 2807 738 2838 nominibus
755 2807 831 2849 ipsis
846 2807 1031 2850 adjecerint,
1048 2808 1175 2839 tandem
1198 2806 1383 2850 effecerunt,
1405 2812 1442 2839 ut
1455 2817 1548 2839 nemo
1557 2805 1625 2849 jam
1640 2817 1701 2840 no-

223 2859 344 2891 minum
359 2869 482 2891 sensum
498 2860 737 2894 animadvertat.
762 2861 1028 2904 quemadmodum
1045 2862 1120 2894 dum
1136 2861 1283 2905 sphinga,
1299 2862 1330 2894 id
1346 2866 1394 2894 est
1408 2865 1578 2894 monstrum
1592 2860 1696 2904 quod-

223 2914 308 2950 dam,
322 2913 494 2955 proferunt,
519 2924 591 2945 cum
619 2915 730 2957 phisga
746 2916 947 2958 pronuntiare
972 2917 1134 2953 deberent,
1162 2927 1200 2948 ac
1222 2922 1326 2951 cetera
1346 2916 1456 2949 multa.
1499 2915 1649 2948 Profecto
1672 2915 1700 2948 si

220 2967 346 3000 daretur
359 2968 476 3012 cuique
489 2968 638 3002 arbitratu
653 2980 710 3002 suo
734 2975 767 3002 et
781 2971 906 3004 demere
920 2976 952 3004 et
978 2972 1107 3011 addere,
1130 2981 1246 3015 magna
1267 2970 1377 3014 utique
1398 2974 1482 3004 esset
1503 2969 1644 3008 licentis,
1662 2973 1704 3007 et
