1846 3268
209 263 288 303 3⁶0
822 246 1088 302 Ριλτοκῐε
1586 265 1686 317 [255

218 366 334 400 idem?
371 364 461 399 Tun.
484 363 553 399 Est.
596 362 665 395 Ho.
687 361 775 401 Quid
799 362 848 394 ita
859 372 945 395 nunc
961 362 1046 395 idem
1059 368 1093 396 et
1109 363 1240 395 alterum
1264 363 1426 396 diximus?
1473 363 1626 409 Nunquid
1649 373 1686 399 ut

222 420 288 454 duo
303 420 448 463 quadam
463 428 581 461 genera
592 417 654 449 alia
667 426 762 458 quam
777 415 836 447 tria
849 415 1019 457 superiora,
1033 416 1095 449 illis
1108 422 1211 449 sutem
1222 417 1396 449 necessario
1407 428 1529 461 semper
1539 429 1660 452 annexa
1673 420 1684 451 ἓ

223 479 320 517 atque
334 473 381 505 ita
392 473 435 506 de
450 472 590 515 quinque
604 470 771 514 generibus
784 469 1012 512 cogitandum?
1028 480 1069 502 aa
1080 470 1164 503 idem
1180 472 1240 503 hoc
1255 476 1288 503 et
1301 471 1431 503 alterum
1447 471 1548 517 [255]
1561 472 1685 505 illorum

223 528 375 572 quiddam
399 526 648 564 enunciavimus,
673 524 760 567 quod
787 528 892 556 tamen
915 534 972 555 nos
988 523 1103 556 latuit?
1145 525 1233 557 Tar..
1256 525 1409 558 Forsitan.
1454 525 1522 557 Ηο.
1545 525 1593 558 At
1613 537 1687 558 vero

224 588 330 616 motus
342 586 503 623 statusque
517 590 622 622 neque
636 579 766 611 alterum
793 584 842 610 est
869 588 973 620 neque
988 578 1084 612 idem.
1125 579 1214 611 Tus.
1238 579 1342 617 Quam
1363 580 1405 611 ob
1419 579 1572 611 causam?
1615 580 1686 612 Ho.

223 636 320 674 Quod
335 634 541 669 communiter
555 638 674 666 motum
689 637 844 665 statumve
858 631 1061 670 uocavims,
1087 632 1147 665 hoc
1169 638 1314 664 neutrum
1335 632 1457 664 illorum
1485 643 1554 665 esse
1570 639 1685 676 potest.

223 690 313 723 Tne.
336 689 426 722 cur?
471 688 540 721 Ho.
563 687 649 726 Quia
673 693 706 719 et
719 691 824 718 motus
839 690 936 718 staret
951 690 984 718 ct
1008 691 1107 718 status
1132 686 1242 719 itidem
1267 692 1451 720 moveretur.
1496 687 1588 720 Circa
1602 687 1686 720 enim

222 744 317 776 ambo
331 743 475 781 alterum,
490 742 640 775 utrumvis
654 740 778 774 illorum
803 740 964 777 effectum,
990 746 1118 782 cogeret
1139 740 1270 772 alterum
1286 741 1323 772 in·
1339 746 1456 773 naturae
1479 752 1544 773 suae
1559 741 1686 774 transire

223 797 426 835 contrarium,
441 801 552 838 utpote
565 795 711 829 contrarii
729 795 896 838 particeps.
939 793 1029 826 Tur..
1051 793 1193 828 Prorsus.
1238 793 1306 830 Ho-
1327 794 1433 827 Ambo
1455 799 1559 827 tamen
1573 795 1685 827 eodem

222 853 360 885 alterove
375 851 576 894 participant.
619 849 707 882 Tus.
730 849 867 891 Nempe.
911 848 979 881 Ho.
1002 847 1053 880 Ne
1069 859 1142 890 ergo
1153 847 1309 886 dicamus,
1318 853 1374 880 aut
1389 853 1505 880 motum
1520 858 1587 881 esse
1601 849 1685 880 idem

222 905 273 938 vel
287 905 432 943 alterum,
446 910 502 936 ant
515 909 630 936 statum
645 902 798 937 similiter.
829 902 916 934 Tru-:-
939 902 1015 934 Non
1029 907 1127 936 certe.
1159 902 1226 935 Ho.
1249 903 1312 935 Sed
1329 902 1472 944 nunquid
1486 913 1543 935 ens
1556 907 1590 935 et
1600 902 1686 934 idem

222 970 320 993 unum
345 969 414 991 esse
439 958 573 990 invicem
596 957 824 999 cogitandum?
867 956 954 988 Tris.
978 956 1082 990 Forte.
1127 956 1195 988 Ho.
1218 955 1264 988 At
1288 956 1314 988 si
1338 966 1394 988 eus
1421 961 1454 987 et
1477 956 1563 988 idem
1588 956 1686 988 nihilo

220 1013 304 1046 inter
328 1023 362 1044 se
384 1012 546 1049 differunt,
571 1011 718 1053 quotiens
742 1015 859 1042 motum
885 1015 918 1042 ct
944 1015 1058 1042 statum
1080 1011 1173 1042 ambo
1189 1020 1258 1041 esse
1273 1009 1424 1046 dicemus,
1439 1010 1532 1042 ambo
1546 1009 1689 1042 similiter

222 1067 283 1100 ista
296 1066 380 1099 idem
394 1065 666 1098 denominabimus
681 1076 688 1096 :
712 1066 772 1096 hoc
787 1071 891 1096 autem
907 1063 1111 1106 impossibile.
1156 1063 1232 1095 Non
1250 1068 1354 1105 potest
1368 1063 1463 1105 igitur
1477 1063 1562 1095 idem
1584 1069 1618 1095 et
1631 1074 1688 1095 ens

222 1131 318 1152 unum
334 1130 412 1152 esse.
456 1119 544 1152 Txm.
567 1119 619 1151 Sic
643 1118 739 1150 ferme
765 1118 946 1150 dicendum.
991 1117 1057 1149 Ho.
1082 1118 1233 1155 Quartam
1248 1127 1322 1158 ergo
1344 1117 1478 1159 speciem
1495 1122 1606 1160 praeter
1628 1122 1689 1149 tres

222 1174 398 1216 superiores
411 1173 513 1216 ipsum
529 1173 612 1205 idem
635 1183 799 1215 ponamus.
840 1172 928 1205 Tan.
951 1171 1123 1204 Ponamus.
1166 1171 1234 1204 Ho.
1258 1171 1413 1213 Nunquid
1438 1171 1540 1214 ipsum
1555 1172 1686 1204 alterum

223 1229 344 1272 quinto
361 1229 431 1261 loco
455 1228 664 1270 ponendum?
688 1227 735 1259 vel
764 1227 824 1259 hoc
848 1232 881 1258 et
906 1236 963 1258 ens
987 1226 1116 1257 nomina
1142 1226 1206 1257 duo
1229 1236 1326 1258 unum
1349 1225 1500 1268 quiddam
1515 1226 1688 1268 significare

222 1283 423 1326 putandum?
466 1282 555 1315 Tus.
578 1282 682 1316 Forte.
728 1281 796 1313 Ho.
818 1281 959 1313 Arbitror
975 1285 1077 1312 tamen
1102 1290 1323 1312 concessurum
1341 1285 1383 1321 tc,
1398 1281 1483 1322 quod
1496 1291 1601 1312 eorum
1617 1291 1688 1323 quae

223 1342 307 1374 sunt,
332 1336 478 1379 quasdam
501 1337 571 1378 ipsa
599 1335 772 1368 seeundum
804 1335 911 1376 scipsa
938 1340 1024 1372 sunt,
1051 1334 1196 1376 quasdam
1221 1334 1261 1364 ad
1287 1334 1346 1365 alia
1377 1334 1559 1366 referuntur.
1600 1334 1686 1370 Tne.

223 1391 370 1429 Quidni?
414 1389 481 1423 Ho.
505 1389 648 1422 Alterum
675 1394 779 1421 autem
795 1399 916 1431 semper
930 1389 969 1420 sd
985 1388 1127 1420 alterum.
1150 1388 1281 1419 nonne?
1325 1387 1413 1420 Tim.
1435 1388 1576 1430 Semper.
1619 1388 1686 1422 Ho.

223 1445 301 1477 Non
317 1450 421 1480 tamen
436 1445 494 1487 ita,
509 1444 570 1476 nisi
585 1444 716 1475 alterum
730 1447 763 1474 et
777 1452 833 1474 ens
848 1442 929 1473 inter
943 1453 976 1473 sc
992 1441 1085 1483 longe
1107 1441 1278 1474 differrent.
1300 1442 1354 1472 sed
1371 1441 1397 1472 si
1422 1440 1554 1473 alterum
1568 1443 1688 1484 specie-

223 1499 282 1531 bus
307 1498 446 1540 utrisque
470 1497 683 1540 participaret,
710 1501 746 1527 ut
770 1506 838 1533 ens,
863 1500 947 1526 esset
970 1495 1077 1536 utique
1105 1494 1224 1536 aliquid
1251 1505 1370 1532 eorum,
1395 1505 1467 1537 quae
1491 1494 1588 1526 altera
1603 1501 1687 1531 sunt,

220 1552 350 1586 alterum
365 1551 475 1594 utique
490 1562 553 1582 non
568 1551 608 1582 ad
632 1551 775 1582 alterum.
820 1549 916 1581 Nunc
930 1554 1034 1580 autem
1051 1548 1203 1591 quicquid
1219 1559 1251 1580 re
1266 1559 1338 1580 vera
1359 1549 1489 1581 alterum
1503 1553 1562 1591 est,
1576 1560 1614 1582 ex
1631 1561 1686 1581 ne-

220 1606 366 1641 cessitate
381 1606 533 1649 sequitur,
547 1610 583 1637 ut
598 1605 768 1636 secundum
784 1604 816 1635 id
839 1604 925 1645 quod
949 1609 1007 1640 est,
1031 1604 1160 1635 alterum
1184 1603 1234 1635 sit.
1279 1603 1367 1635 Tm:-
1390 1603 1442 1635 Sic
1468 1608 1527 1639 est,
1552 1608 1587 1634 ut
1599 1603 1688 1636 dicis.

223 1661 291 1694 Ho.
315 1660 467 1699 Quintam
482 1670 555 1702 ergo
570 1659 695 1691 alterius
711 1658 808 1700 ipsius
821 1662 963 1690 naturam
979 1656 1013 1687 in
1029 1657 1205 1699 speciebus,
1220 1656 1334 1698 quibus
1345 1655 1554 1698 adjunximus,
1572 1667 1688 1699 ponere

223 1716 326 1751 decet·
369 1714 458 1749 Tua.
482 1713 639 1746 Profecto.
683 1712 752 1744 Ho.
777 1711 959 1744 Dicendum
985 1721 1114 1753 quoque
1129 1721 1184 1752 per
1206 1710 1310 1742 omnia
1326 1711 1392 1742 liaec
1408 1711 1493 1742 illam
1509 1711 1689 1743 discurrere.

222 1780 290 1802 esse
304 1769 388 1802 enim
403 1779 442 1801 ex
468 1768 537 1800 aliis
552 1767 799 1810 unumquodque
821 1766 964 1807 alterum,
985 1775 1049 1797 non
1076 1776 1130 1807 per
1156 1765 1204 1797 sui
1228 1765 1329 1807 ipsius
1352 1771 1509 1806 naturam,
1534 1766 1589 1797 sed
1614 1764 1689 1807 quia

222 1823 348 1856 alterius
362 1823 443 1855 ideae
457 1823 499 1854 sit
514 1822 683 1865 particeps.
726 1821 816 1853 Tun.
838 1821 891 1853 Re
906 1831 990 1854 vera.
1033 1819 1102 1852 Ho.
1122 1819 1175 1851 Sic
1197 1824 1300 1850 autem
1316 1819 1357 1851 de
1379 1818 1518 1861 quinquo
1533 1818 1689 1861 sigillatim

224 1879 397 1921 repetendo
424 1877 576 1910 dicamus.
617 1876 705 1909 Tur..
728 1876 817 1914 Qui?
862 1874 932 1907 Ho.
955 1874 1141 1916 Principio„
1158 1874 1244 1916 quod
1275 1878 1379 1904 motus
1401 1872 1529 1904 omnino
1557 1873 1689 1905 alterum

224 1933 376 1975 quiddam
392 1937 440 1964 est
454 1942 548 1974 quam
560 1936 671 1964 status.
716 1929 876 1967 Itane,an
891 1930 980 1961 aliter
995 1929 1195 1960 asserendum
1209 1929 1220 1959 ἓ
1265 1926 1354 1960 Tus.
1377 1927 1428 1958 Ita
1443 1937 1577 1969 prorsus.
1622 1926 1690 1958 Ho.

225 1987 303 2020 Non
318 1997 392 2029 ergo
407 1991 505 2018 status
519 1990 580 2019 est.
624 1985 715 2020 Tua.
738 1984 837 2015 Nullo
854 1988 958 2025 pacto.
1001 1983 1068 2015 Ho.
1092 1983 1150 2014 Est
1164 1987 1268 2014 autem
1279 1993 1317 2017 ex
1331 1981 1467 2023 eoquod
1490 1979 1588 2022 [2⁵6]
1609 1980 1692 2012 entis

225 2047 274 2076 eet
298 2042 466 2084 particeps.
508 2040 595 2073 Tur..
620 2039 688 2072 Est.
733 2039 801 2070 Ho.
825 2037 946 2070 Rursus
975 2042 1078 2069 motus
1103 2036 1234 2069 alterum
1260 2041 1319 2074 est,
1345 2046 1438 2078 quam
1464 2035 1567 2077 ipsum
1593 2033 1691 2067 idem.

224 2095 314 2129 Trnz.
337 2094 459 2127 Ferme.
501 2094 569 2127 Ho.
592 2094 669 2126 Non
693 2103 766 2135 ergo
781 2092 883 2134 ipsum
899 2092 982 2123 idem
998 2095 1058 2124 est.
1100 2091 1190 2122 Tne.
1211 2089 1285 2121 Non
1308 2095 1403 2122 certe.
1446 2088 1513 2120 Ho.
1538 2087 1690 2119 Attamen

225 2149 309 2182 idem
323 2149 557 2191 quodammodo
569 2154 616 2180 est
632 2152 759 2190 propter
770 2145 1056 2189 participationem.
1070 2145 1175 2177 omnia
1185 2144 1269 2176 enim
1284 2144 1352 2186 ipso
1365 2143 1476 2175 eodem
1488 2141 1687 2184 participant.

223 2202 312 2236 Tne.
332 2203 547 2245 Summopere.
592 2202 659 2233 Ho.
683 2200 931 2234 Concedendum
955 2198 1050 2240 igitur
1074 2199 1141 2230 sinc
1168 2197 1390 2237 controversia,
1414 2202 1533 2228 motum
1559 2200 1593 2227 et
1605 2195 1690 2227 idem

226 2267 295 2289 esse
316 2257 430 2299 pariter
444 2261 478 2288 et
491 2267 556 2288 non
575 2255 673 2288 idem.
696 2266 800 2297 neque
814 2254 899 2286 enim
916 2253 1008 2285 simili
1030 2252 1149 2284 ratione
1165 2258 1320 2294 utrunque
1344 2250 1603 2292 pronuntiamus:
1635 2250 1690 2281 sed

225 2311 323 2348 idem,
338 2311 411 2353 quia
425 2310 526 2353 ipsius
540 2309 682 2351 ejusdem
699 2309 868 2351 particeps,
882 2307 1008 2339 sibimet
1021 2307 1107 2339 idem
1123 2312 1190 2339 est:
1216 2317 1279 2337 non
1295 2306 1378 2337 idem
1397 2315 1481 2342 vero,
1495 2303 1572 2346 quia
1585 2304 1689 2345 ipsum

225 2375 353 2407 quoque
369 2365 499 2397 alterum
515 2364 639 2406 recipit,
652 2375 715 2406 quo
732 2363 772 2395 ab
787 2363 855 2405 ipso
880 2362 990 2394 eodem
1015 2361 1201 2403 sejungitur,
1227 2370 1330 2402 neque
1352 2358 1431 2389 illud
1451 2362 1510 2395 cst,
1525 2358 1579 2389 sed
1603 2356 1690 2388 aliud

225 2418 388 2460 quiddam.
420 2418 632 2458 Quamobrem
647 2423 731 2450 recte
747 2428 811 2449 non
827 2416 910 2448 idem
928 2416 1037 2447 iterum
1053 2415 1177 2447 dicitur.
1211 2413 1302 2445 Trm.
1323 2412 1422 2446 Recte
1438 2411 1597 2444 nimirum.
1619 2411 1690 2443 Ho.

228 2472 315 2510 Quin
339 2472 433 2507 etiam
449 2473 474 2503 si
490 2483 554 2515 quo
570 2473 663 2504 modo
679 2477 794 2504 statum
809 2471 876 2513 ipse
899 2475 1001 2501 motus
1026 2469 1216 2505 admitteret,
1240 2472 1359 2498 motum
1374 2465 1516 2497 stabilem
1531 2465 1691 2497 nominare

227 2536 426 2568 nequaquam
441 2531 522 2558 esset
547 2526 727 2559 absurdum.
771 2525 859 2558 Tun.
882 2523 998 2561 Recte,
1020 2523 1045 2555 si
1070 2522 1198 2564 quidem
1223 2519 1466 2553 concesserimus
1487 2531 1505 2551 e
1526 2519 1692 2561 generibus

226 2580 370 2622 quadam
386 2579 519 2612 invicem
534 2580 763 2613 communicare
779 2579 872 2620 velle,
887 2579 1030 2621 quaedam
1047 2577 1185 2609 minime.
1209 2575 1276 2607 110.
1299 2574 1343 2606 At
1357 2585 1429 2606 vero
1444 2573 1484 2605 ad
1500 2572 1594 2614 hujus
1605 2572 1691 2615 prius

227 2633 534 2672 demonstrationem,
545 2645 636 2676 quam
650 2634 846 2676 praesentium
858 2632 1029 2667 refellendo
1043 2630 1250 2674 pervenimus,
1266 2629 1351 2670 quod
1365 2627 1512 2660 videlieet
1523 2627 1568 2659 sic
1582 2630 1692 2661 natura

225 2697 260 2722 se
275 2697 323 2720 rea
337 2687 462 2720 habeat.
505 2688 594 2720 Tris.
619 2689 684 2721 Cur
697 2699 760 2720 non
774 2689 786 2719 ἓ
831 2687 900 2720 Ηο.
923 2686 1076 2718 Dicamus
1089 2685 1213 2722 iterum,
1228 2688 1346 2715 motum
1370 2681 1501 2714 alterum
1516 2691 1584 2712 esse
1593 2690 1691 2722 -quam

223 2741 329 2783 ipsum
341 2741 483 2779 alterum,
499 2742 762 2784 quemadmodum
778 2741 862 2773 aliud
878 2751 972 2783 quam
984 2739 1069 2771 idem
1085 2744 1116 2770 et
1132 2743 1230 2770 status
1246 2741 1323 2769 erat.
1365 2735 1453 2767 Tun.
1474 2733 1614 2766 Necesse
1629 2739 1691 2766 est.

226 2795 296 2830 Ho.
318 2795 375 2828 Est
389 2806 464 2838 ergo
478 2801 510 2828 et
525 2796 656 2828 alterum
680 2797 739 2828 hac
754 2795 872 2827 ratione
887 2793 1118 2837 quodammodo
1134 2797 1167 2825 et
1189 2803 1252 2824 non
1269 2790 1410 2823 alterum.
1453 2787 1540 2820 Tris.
1563 2786 1690 2819 Verum.

229 2849 296 2884 Ho.
319 2849 406 2888 Quid
421 2860 492 2882 vero
508 2849 683 2892 deinceps?
707 2860 782 2881 num
809 2849 940 2881 alterum
965 2849 1080 2890 ipsum,
1096 2856 1189 2888 quam
1212 2845 1269 2876 tria
1284 2843 1437 2880 dicemus,
1464 2845 1648 2872 nontamen
1671 2851 1690 2870 a

226 2907 338 2946 quarto
361 2902 528 2940 diversum,
543 2914 614 2935 cum
630 2903 768 2946 quinque
785 2903 838 2936 illa
850 2913 918 2947 esse
944 2901 1078 2935 confessi
1090 2901 1249 2936 fuerimus,
1267 2909 1285 2930 e
1299 2897 1412 2940 quibus
1428 2904 1523 2927 unum
1545 2893 1691 2926 conside-

226 2958 357 2991 randum
393 2957 635 2999 proposuimus?
689 2957 777 2990 Tne.
820 2956 864 2989 At
893 2956 1078 2999 quomodo?
1130 2954 1244 2997 Neque
1274 2951 1358 2984 enim
1388 2948 1538 2980 minorem
1566 2947 1688 2979 illorum

228 3022 402 3053 numerum,
431 3021 524 3053 quam
556 3021 648 3054 supra
678 3011 865 3051 constiterit,
891 3011 1021 3043 induere
1061 3018 1235 3051 possumus.
1280 3005 1346 3038 110.
1372 3002 1454 3044 Ergo
1487 3001 1565 3034 nihil
1601 3001 1690 3034 veriti
