1846 3268
177 260 256 299 382
799 258 1067 300 rimosis
1552 264 1657 316 [283

179 362 287 406 pensis
297 362 368 395 fuso
378 367 526 395 retortum
535 367 595 400 est,
610 362 810 405 solidumque
823 362 973 395 effectum
988 362 1088 401 filum,
1099 367 1220 396 stamen
1229 364 1414 406 appellante
1437 369 1534 397 artem
1545 370 1655 398 autem

183 417 296 459 ipsam,
310 427 383 460 qum
398 418 460 450 hoc
481 417 589 459 dirigit
613 422 646 448 et
669 415 836 458 protrahit,
850 416 1072 451 staminariam.
1114 418 1172 451 So.
1196 417 1312 451 Recte.
1357 418 1467 451 Hosr’.
1490 418 1653 457 Quamui-

182 481 246 515 que
260 482 333 503 vero
348 471 578 504 contortionem
593 470 718 502 mollem
734 470 909 512 accipiunt,
923 475 956 502 et
971 470 1114 503 staminis
1128 471 1343 514 implicatione
1359 472 1400 503 ad
1415 471 1593 505 reflexionis
1607 478 1655 505 at-

181 530 314 558 tractum
331 526 523 557 moderatam
533 524 696 556 mollitiem
711 524 946 562 nanciscuntur,
962 535 1000 556 ea
1014 525 1124 567 utique
1149 525 1203 558 filo
1226 527 1364 559 deducta
1380 526 1590 570 subtegmina,
1605 537 1654 559 ar-

182 585 247 612 tem
261 585 367 612 autem
382 579 482 622 ipsam
505 579 604 621 [283]
625 576 911 621 subtegminar'nm·
955 578 1013 610 So.
1035 578 1150 612 Probe.
1195 579 1304 612 Hosr.
1324 580 1424 623 Atqui
1440 591 1511 623 pars
1520 581 1575 614 illa
1587 586 1654 614 tex-

183 634 282 671 todae,
297 644 393 676 quam
416 634 647 677 proposuimus,
659 633 726 675 jam
751 631 852 665 cuivis
878 637 978 675 patet.
1023 632 1108 665 Nam
1130 644 1204 677 pars
1222 635 1425 667 concretoriae
1445 635 1606 668 facultatis
1620 636 1654 667 in

183 688 337 730 lanificio,
349 688 478 730 quando
501 692 587 720 recta
600 686 811 730 protractione
825 687 1032 729 subtegminis
1045 693 1142 730 atque
1157 688 1300 720 staminis
1313 688 1563 731 implicationem
1577 700 1654 722 con-

184 747 369 785 textumque
391 742 502 784 efficit,
516 747 618 774 toturn
643 742 772 784 quidem
798 741 902 785 ipsum
928 742 1119 784 implicitum
1142 747 1176 774 et
1189 747 1370 775 contextum
1385 748 1504 776 vestem
1519 744 1657 786 laneam,

185 801 282 828 artem
297 806 370 828 vero
385 796 566 838 hujusmodi
582 796 745 828 textoriam
763 806 993 838 nuncupamus.
1037 796 1094 828 So.
1117 796 1222 829 Recte
1245 797 1430 830 admodum.
1474 798 1583 831 Hosn.
1608 798 1656 830 At

185 860 242 882 cur
255 860 320 882 non
333 849 437 882 statim
451 850 680 892 respondimus,
695 849 858 881 tcxtoriam
875 855 971 881 artem
987 860 1069 892 esse,
1084 860 1156 893 quae
1171 851 1356 894 subtegmen
1371 857 1403 884 et
1417 857 1536 884 stamen
1547 852 1657 895 impli-

185 909 248 943 cat,
274 905 330 937 sed
354 915 411 947 per
433 904 542 946 longas
567 903 713 946 ambasses
737 904 849 936 frustra
872 904 974 946 vagati
1001 905 1131 936 sanius?
1174 905 1231 937 So.
1251 905 1341 936 Nihil
1369 906 1444 937 mibi
1468 906 1609 948 quidem,
1634 917 1655 938 o

185 960 315 1002 hospes,
337 959 449 991 frustra
470 959 591 991 dictum
615 958 750 991 videtur.
806 957 913 989 Hosr.
935 957 1025 989 Nihil
1050 958 1174 991 mirum.
1197 959 1252 990 sed
1277 958 1408 990 forsitan
1437 959 1606 998 videbitur,
1635 970 1656 991 o

184 1014 290 1055 beate,
306 1013 333 1045 si
357 1014 537 1056 frequenter
558 1013 593 1044 in
614 1014 698 1045 huuc
721 1013 864 1044 morbum
885 1012 919 1043 in
946 1018 1106 1054 posterum
1132 1012 1266 1045 incidas.
1311 1013 1395 1045 Nam
1421 1013 1497 1056 quid
1523 1014 1656 1047 mirum?

185 1068 273 1100 Audi
299 1078 486 1106 sermonem,
500 1067 557 1110 qui
582 1068 623 1100 de
647 1067 870 1110 hujuscemodi
892 1067 1037 1098 omnibus
1061 1078 1185 1110 semper
1206 1072 1254 1099 est
1269 1068 1301 1099 in
1317 1068 1456 1100 medium
1467 1069 1656 1103 afferendus.

184 1122 242 1154 So.
266 1122 331 1154 Dic
347 1123 455 1155 modo.
501 1122 609 1154 Hosr.
633 1121 786 1154 Excessus
811 1121 845 1152 in
868 1121 975 1164 primis
998 1121 1206 1164 defectusque
1231 1127 1375 1155 naturam
1389 1122 1604 1165 inspiciamus,
1619 1128 1657 1155 ut

185 1177 358 1208 secundum
384 1177 536 1209 rationem
560 1177 720 1208 moderata
743 1177 918 1215 laudemus,
944 1176 1218 1219 vituperemusque
1244 1177 1275 1208 in
1301 1177 1444 1219 singulis,
1457 1187 1655 1221 quaecunque

186 1231 314 1262 modum
328 1232 477 1267 sermonis
492 1242 556 1263 non
570 1236 706 1268 servant,
721 1231 796 1262 dum
820 1231 852 1262 in
876 1230 991 1262 talibus
1015 1231 1202 1273 quibusdam
1230 1231 1499 1274 disputationibus
1513 1237 1569 1264 aut
1582 1243 1655 1275 pro·

186 1285 290 1323 lixius,
305 1296 398 1328 quam
415 1287 519 1327 decet,
534 1291 591 1317 aut
605 1285 726 1318 brevius
742 1285 910 1328 loquimur.
956 1284 1014 1318 So.
1038 1285 1176 1328 Oportet
1201 1295 1287 1317 sane.
1331 1285 1441 1318 Hosn.
1463 1285 1516 1318 De
1531 1286 1581 1318 his
1596 1287 1659 1318 uti-

185 1350 248 1382 que
260 1339 332 1382 jure
346 1340 493 1372 habenda
507 1340 585 1372 ratio
600 1346 659 1372 est.
704 1340 761 1372 So.
785 1339 836 1371 De
861 1340 1002 1382 quibus?
1047 1339 1155 1373 Hosl’.
1179 1339 1233 1372 De
1258 1339 1452 1382 prolixitate,
1471 1340 1612 1383 inquam,
1626 1346 1660 1373 et

184 1394 350 1432 brevitate,
365 1394 469 1436 deque
485 1394 571 1426 omni
582 1404 709 1426 excessu
722 1398 817 1436 atque
832 1393 971 1425 defectu.
986 1403 1059 1425 nam
1071 1393 1257 1426 dimetiendi
1270 1394 1403 1426 facultas
1415 1395 1456 1426 ad
1471 1395 1540 1427 haec
1553 1396 1659 1427 omnia

185 1447 334 1491 pertinet.
391 1449 450 1481 So.
472 1449 632 1481 Profecto.
691 1448 800 1480 Hose.
822 1447 902 1479 Eam
930 1448 1038 1490 itaque
1067 1448 1210 1480 bifariam
1240 1448 1482 1491 distinguamus.
1503 1450 1660 1482 conducit

186 1503 271 1534 enim
286 1503 326 1534 ad
341 1502 388 1540 id,
404 1503 490 1545 quod
505 1503 708 1536 intendimus.
753 1502 809 1535 So.
834 1501 945 1540 Dicas,
968 1503 1128 1544 quomodo
1154 1502 1425 1545 distinguendum.
1467 1502 1572 1536 Hosr’.
1594 1504 1659 1536 Sic.

188 1557 264 1588 Pars
279 1567 342 1589 uua
357 1559 528 1590 secundum
554 1562 692 1589 mutuam
716 1557 941 1599 magnitudinis
957 1557 1182 1598 parvitatisque
1205 1557 1479 1589 communionem:
1499 1557 1597 1590 altera
1611 1569 1659 1590 se-

186 1612 327 1642 cundum
342 1612 549 1643 necessariam
575 1612 786 1654 generationis
800 1611 981 1643 essentiam.
1025 1611 1082 1644 So.
1107 1610 1173 1648 Qui
1189 1611 1268 1643 istuc
1280 1611 1351 1642 ais?
1396 1611 1505 1644 Hosn.
1528 1611 1580 1643 An
1595 1622 1660 1644 non

188 1666 361 1698 secundum
377 1671 518 1697 naturam
535 1666 592 1697 tibi
607 1666 742 1704 videtur,
757 1666 844 1708 quod
862 1665 962 1707 majus
984 1670 1043 1703 est,
1058 1665 1147 1696 nullo
1163 1664 1226 1696 alio
1241 1676 1335 1707 quam
1351 1665 1462 1697 minori
1476 1666 1578 1708 majus
1591 1676 1661 1699 esse

188 1718 384 1751 dicendum?
406 1720 534 1762 quodve.
561 1720 677 1761 minus,
705 1719 773 1751 solo
805 1719 914 1761 majori
945 1719 1073 1750 mInus?
1118 1719 1176 1752 So.
1198 1719 1284 1751 Mihi
1312 1730 1396 1751 vero.
1440 1720 1550 1754 Hosl’.
1572 1721 1659 1759 Quid

186 1774 283 1805 vero?
329 1773 426 1811 Quod
441 1774 567 1806 excedit
582 1774 827 1806 mediocritatem
848 1779 881 1806 et
901 1774 988 1815 quod
1013 1773 1187 1812 exceditur,
1209 1784 1264 1805 seu
1290 1774 1427 1806 dicendo
1443 1773 1509 1806 sive
1523 1775 1660 1817 agendo,

188 1837 296 1859 nonne
311 1837 380 1859 esse
403 1827 545 1860 dicemus
571 1839 621 1866 ca,
637 1828 750 1871 quibus
775 1828 853 1859 boni
878 1828 1020 1860 homines
1046 1838 1065 1859 a
1092 1828 1182 1860 malis
1207 1827 1381 1859 differunt?
1425 1828 1483 1860 So.
1504 1827 1660 1871 Apparet.

189 1880 301 1914 Hosr.
325 1881 392 1913 Has
407 1893 481 1924 ergo
497 1882 647 1914 essentias
663 1881 803 1925 geminas
814 1882 1001 1925 judiciaque
1017 1882 1121 1924 magni
1143 1887 1176 1914 et
1198 1882 1285 1924 parvi
1312 1892 1430 1924 ponere
1449 1882 1566 1915 decet:
1588 1892 1662 1925 nec,

189 1940 224 1966 ut
239 1935 335 1976 paulo
350 1941 423 1967 ante
438 1936 631 1975 dicebamus,
645 1937 780 1969 invicem
794 1937 894 1968 solum
910 1937 971 1969 ista
986 1937 1090 1969 referri
1102 1937 1221 1968 debent
1235 1949 1243 1968 :
1269 1937 1376 1976 immo,
1392 1942 1430 1968 ut
1442 1947 1527 1970 nunc
1540 1937 1661 1970 dictum

191 1995 251 2031 est,
265 1990 371 2032 potius
387 1990 499 2032 partim
515 1991 664 2033 invicem,
676 1991 788 2033 partim
804 1992 845 2023 ad
861 1991 1108 2023 mediocritatem
1125 1991 1336 2034 comparanda
1353 1990 1512 2024 videntur.
1555 1990 1662 2034 Hujus
1685 1990 1690 2001 '

193 2048 298 2076 autem
323 2045 474 2076 rationem
499 2046 644 2088 nunquid
668 2046 843 2088 intelligere
857 2045 1025 2078 volumus?
1071 2046 1127 2078 So.
1153 2045 1276 2083 Quidni
1293 2045 1448 2076 velimus?
1493 2045 1605 2079 How.
1626 2045 1662 2077 si

190 2098 261 2139 quis
278 2098 402 2140 majoris
417 2104 558 2131 naturam
575 2101 614 2131 ad
631 2101 733 2131 minus
747 2101 909 2132 dumtaxat
923 2101 1048 2141 reserat,
1064 2101 1105 2131 ad
1129 2099 1228 2142 [284]
1253 2099 1409 2131 mediocre
1424 2109 1488 2131 non
1503 2098 1662 2131 reseretur.

190 2152 267 2194 quid
282 2152 349 2184 ais?
395 2153 454 2186 So.
475 2153 514 2185 Id
529 2154 646 2196 ipsum.
691 2154 800 2187 Hosn.
823 2153 874 2185 An
891 2165 956 2185 non
971 2159 1052 2186 artes
1078 2154 1163 2196 ipsas
1188 2164 1357 2196 earumque
1373 2163 1469 2196 opera
1483 2154 1588 2186 omnia
1602 2155 1662 2187 hac

191 2206 312 2239 ratione
326 2209 581 2240 sccerncremus?
603 2219 725 2246 eamve,
747 2219 842 2251 quam
865 2209 1045 2251 quaerimus,
1058 2208 1182 2240 civilem
1205 2213 1238 2239 et
1261 2208 1426 2239 textoriam
1449 2207 1629 2240 facultatem
1645 2219 1664 2240 e

191 2260 297 2293 medio
313 2261 514 2294 tolleremus?
538 2263 586 2294 hae
601 2263 757 2305 siquidem
772 2273 881 2294 omnes
896 2263 981 2305 quod
1005 2262 1155 2294 mediocri
1179 2260 1280 2303 majus
1307 2266 1356 2293 est
1379 2266 1435 2293 aut
1459 2261 1573 2299 minus,
1598 2271 1663 2294 non

192 2315 284 2357 quasi
299 2326 363 2346 non
379 2315 432 2353 sit,
447 2317 502 2348 sed
519 2322 555 2348 ut
568 2317 695 2349 difficile
710 2316 860 2359 quiddam
876 2317 909 2348 in
926 2317 1104 2349 actionibus
1119 2316 1229 2354 vitant,
1246 2320 1340 2357 atque
1355 2316 1402 2347 ita
1416 2315 1661 2348 mediocritatem

193 2374 365 2411 servantes,
379 2371 463 2402 bona
477 2371 581 2403 omnia
596 2372 788 2414 pulchraque
800 2371 951 2404 efficiunt.
996 2371 1053 2403 So.
1077 2370 1207 2412 Absque
1222 2371 1331 2402 dubio.
1376 2369 1485 2401 How.
1507 2367 1624 2402 Nonne
1636 2371 1663 2402 si

193 2423 316 2455 civilem
333 2424 474 2465 peritiam
489 2425 716 2464 sustulerimus,
729 2436 838 2458 manca
853 2425 942 2457 nobis
954 2430 986 2457 ct
997 2425 1094 2457 dubia
1109 2425 1167 2456 erit
1176 2424 1268 2467 regiae
1280 2423 1418 2455 scientiae
1434 2423 1663 2465 perscrutatio?

195 2478 253 2511 So.
275 2478 392 2511 Valde.
439 2479 547 2513 HOSP.
571 2480 683 2512 Utrum
707 2480 973 2522 quemadmodum
997 2480 1030 2511 in
1053 2478 1268 2521 disputatione
1292 2478 1333 2509 de
1359 2477 1508 2519 Sophista
1527 2488 1592 2509 non
1607 2488 1664 2510 ens

195 2542 263 2564 esse
277 2532 452 2575 coegimus,
469 2539 636 2577 postquam
651 2535 684 2566 in
708 2536 768 2567 boc
792 2545 849 2566 nos
874 2534 986 2577 effugit
1011 2534 1129 2566 oratio:
1153 2534 1196 2565 ita
1211 2543 1295 2565 nunc
1312 2532 1382 2574 plus
1397 2532 1499 2575 ipsum
1515 2537 1549 2564 ct
1562 2532 1666 2564 minus

193 2596 306 2628 cogere
321 2586 472 2618 debemus
487 2589 780 2620 commensurabilia
795 2599 874 2630 esse,
889 2599 953 2620 non
969 2588 1102 2619 invicem
1125 2587 1238 2623 solum,
1255 2587 1310 2619 sod
1335 2587 1375 2618 ad
1398 2586 1564 2618 mediocris
1583 2596 1663 2630 quo·

194 2651 258 2683 que
273 2642 506 2683 generationem
520 2644 531 2674 ?
579 2643 693 2685 Neque
704 2644 786 2675 enirn
798 2643 900 2675 civilis
910 2642 1086 2685 disciplinae
1097 2642 1253 2685 quispiam
1265 2650 1368 2683 neque
1381 2640 1507 2672 alterius
1520 2641 1666 2672 humana

195 2695 354 2728 facultatis
369 2696 436 2728 sine
453 2697 548 2739 hujus
569 2697 772 2730 concessione
796 2702 902 2740 potest
923 2708 991 2730 esse
1017 2697 1147 2740 peritus.
1193 2697 1250 2729 So.
1273 2695 1392 2727 Nonne
1406 2694 1486 2727 etin
1501 2693 1666 2736 proesentia

198 2750 284 2783 idem
309 2761 505 2793 summopere
529 2757 576 2783 est
598 2754 780 2794 agendum?
825 2752 934 2784 Hosr’.
957 2751 1067 2794 Majus
1088 2753 1148 2783 hoc
1174 2761 1268 2794 opus,
1282 2761 1302 2782 o
1325 2750 1481 2786 Socrates,
1494 2753 1555 2787 est,
1568 2756 1664 2790 quam

197 2805 298 2837 illud:
324 2805 396 2847 etsi,
411 2816 504 2848 quam
521 2806 675 2848 prolixum
692 2807 768 2839 illud
784 2818 912 2850 quoque
935 2807 1051 2848 extitit,
1067 2806 1274 2851 recordamur.
1297 2814 1401 2837 verum
1427 2803 1490 2835 tale
1512 2801 1664 2845 quiddam

199 2859 309 2892 merito
337 2860 377 2892 de
398 2860 475 2903 ipsis
503 2866 551 2892 est
571 2863 826 2904 supponendum.
872 2861 927 2894 So.
951 2862 1078 2900 Quale?
1124 2861 1232 2892 How.
1257 2859 1352 2898 Quod
1379 2857 1570 2901 quaudoque
1584 2864 1666 2898 opus

200 2914 260 2946 erit
281 2925 332 2953 eo,
348 2916 434 2958 quod
460 2925 544 2948 nunc
570 2921 619 2947 est
639 2916 772 2959 dictum,
798 2917 838 2949 ad
862 2917 974 2950 sinceri
992 2916 1091 2959 ipsius
1113 2914 1310 2956 absolutiquc
1335 2910 1556 2944 ostensionem.
1578 2910 1664 2952 quod

202 2974 306 3002 autem
322 2981 385 3013 quo
402 2971 441 3003 ad
459 2970 622 3013 praesentia
648 2971 793 3013 pertinet.
810 2972 934 3014 egregio
962 2971 1210 3014 sufficienterque
1237 2970 1438 3002 monstratum
1451 2970 1512 3008 est,
1525 2964 1667 2999 conferre
