<?xml version="1.0" encoding="UTF-8"?>
<!DOCTYPE html PUBLIC "-//W3C//DTD XHTML 1.0 Transitional//EN"
    "http://www.w3.org/TR/xhtml1/DTD/xhtml1-transitional.dtd">
<html xmlns="http://www.w3.org/1999/xhtml" xml:lang="en" lang="en">
 <head>
  <title>
</title>
<meta http-equiv="Content-Type" content="text/html;charset=utf-8" />
  <meta name='ocr-system' content='tesseract 3.04.00' />
  <meta name='ocr-capabilities' content='ocr_page ocr_carea ocr_par ocr_line ocrx_word'/>
</head>
<body>
  <div class='ocr_page' id='page_1' title='image "./platonisetquaeve10plat_0273.png"; bbox 0 0 1846 3268; ppageno 0'>
   <div class='ocr_carea' id='block_1_1' title="bbox 173 281 1634 344">
    <p class='ocr_par' dir='ltr' id='par_1_1' title="bbox 173 281 1634 344">
     <span class='ocr_line' id='line_1_1' title="bbox 173 281 1634 344; baseline -0.011 -9"><span class='ocrx_word' id='word_1_1' title='bbox 173 294 267 344; x_wconf 81' lang='lat'>198]</span> <span class='ocrx_word' id='word_1_2' title='bbox 722 283 1069 326; x_wconf 79' lang='lat' dir='ltr'><strong>THEAETETUS.</strong></span> <span class='ocrx_word' id='word_1_3' title='bbox 1554 281 1634 319; x_wconf 78' lang='lat'><strong>263</strong></span> 
     </span>
    </p>
   </div>
   <div class='ocr_carea' id='block_1_2' title="bbox 159 387 1639 1247">
    <p class='ocr_par' dir='ltr' id='par_1_2' title="bbox 159 387 1639 1247">
     <span class='ocr_line' id='line_1_2' title="bbox 173 387 1635 438; baseline -0.01 -5"><span class='ocrx_word' id='word_1_4' title='bbox 173 400 235 432; x_wconf 88' lang='lat' dir='ltr'><strong>illis</strong></span> <span class='ocrx_word' id='word_1_5' title='bbox 250 400 297 432; x_wconf 84' lang='lat' dir='ltr'><strong>uti</strong></span> <span class='ocrx_word' id='word_1_6' title='bbox 311 397 469 435; x_wconf 83' lang='lat' dir='ltr'><strong>convenit,</strong></span> <span class='ocrx_word' id='word_1_7' title='bbox 485 396 512 429; x_wconf 86' lang='lat' dir='ltr'><strong>si</strong></span> <span class='ocrx_word' id='word_1_8' title='bbox 525 395 654 438; x_wconf 84' lang='lat' dir='ltr'><strong>quidem</strong></span> <span class='ocrx_word' id='word_1_9' title='bbox 666 393 805 425; x_wconf 82' lang='lat' dir='ltr'><strong>scientiae</strong></span> <span class='ocrx_word' id='word_1_10' title='bbox 820 397 963 433; x_wconf 77' lang='lat' dir='ltr'>expertes</span> <span class='ocrx_word' id='word_1_11' title='bbox 986 391 1093 423; x_wconf 83' lang='lat' dir='ltr'><strong>simus.</strong></span> <span class='ocrx_word' id='word_1_12' title='bbox 1139 389 1227 421; x_wconf 73' lang='lat' dir='ltr'><strong>Tun.</strong></span> <span class='ocrx_word' id='word_1_13' title='bbox 1251 388 1296 420; x_wconf 84' lang='lat' dir='ltr'><strong>At</strong></span> <span class='ocrx_word' id='word_1_14' title='bbox 1312 398 1374 431; x_wconf 91' lang='lat' dir='ltr'><strong>quo</strong></span> <span class='ocrx_word' id='word_1_15' title='bbox 1388 392 1482 431; x_wconf 83' lang='lat' dir='ltr'><strong>pacto</strong></span> <span class='ocrx_word' id='word_1_16' title='bbox 1497 387 1547 420; x_wconf 86' lang='lat' dir='ltr'><strong>his</strong></span> <span class='ocrx_word' id='word_1_17' title='bbox 1561 387 1635 419; x_wconf 92' lang='lat' dir='ltr'><strong>sub-</strong></span> 
     </span>
     <span class='ocr_line' id='line_1_3' title="bbox 173 442 1632 491; baseline -0.009 -5"><span class='ocrx_word' id='word_1_18' title='bbox 173 454 257 491; x_wconf 85' lang='lat' dir='ltr'><strong>latis,</strong></span> <span class='ocrx_word' id='word_1_19' title='bbox 283 465 303 485; x_wconf 91' lang='lat' dir='ltr'><strong>o</strong></span> <span class='ocrx_word' id='word_1_20' title='bbox 321 453 476 491; x_wconf 81' lang='lat' dir='ltr'><strong>Socrates,</strong></span> <span class='ocrx_word' id='word_1_21' title='bbox 495 450 653 491; x_wconf 79' lang='lat' dir='ltr'><strong>disputare</strong></span> <span class='ocrx_word' id='word_1_22' title='bbox 675 447 815 479; x_wconf 77' lang='lat' dir='ltr'>valeres?</span> <span class='ocrx_word' id='word_1_23' title='bbox 840 446 936 488; x_wconf 88' lang='grc'>[197]</span> <span class='ocrx_word' id='word_1_24' title='bbox 960 446 1017 478; x_wconf 89' lang='lat' dir='ltr'><strong>So.</strong></span> <span class='ocrx_word' id='word_1_25' title='bbox 1042 444 1154 480; x_wconf 85' lang='lat' dir='ltr'><strong>Nullo,</strong></span> <span class='ocrx_word' id='word_1_26' title='bbox 1177 444 1253 475; x_wconf 91' lang='lat' dir='ltr'><strong>dum</strong></span> <span class='ocrx_word' id='word_1_27' title='bbox 1276 442 1378 485; x_wconf 88' lang='lat' dir='ltr'><strong>qualis</strong></span> <span class='ocrx_word' id='word_1_28' title='bbox 1402 453 1484 486; x_wconf 87' lang='lat' dir='ltr'><strong>sum,</strong></span> <span class='ocrx_word' id='word_1_29' title='bbox 1499 453 1632 474; x_wconf 73' lang='lat' dir='ltr'><strong>maneoz</strong></span> 
     </span>
     <span class='ocr_line' id='line_1_4' title="bbox 174 497 1633 550; baseline -0.01 -10"><span class='ocrx_word' id='word_1_30' title='bbox 174 519 298 550; x_wconf 84' lang='lat' dir='ltr'><strong>possem</strong></span> <span class='ocrx_word' id='word_1_31' title='bbox 314 513 418 539; x_wconf 90' lang='lat' dir='ltr'><strong>tamen</strong></span> <span class='ocrx_word' id='word_1_32' title='bbox 432 514 558 547; x_wconf 88' lang='lat' dir='ltr'><strong>quoquo</strong></span> <span class='ocrx_word' id='word_1_33' title='bbox 573 503 680 539; x_wconf 90' lang='lat' dir='ltr'><strong>modo,</strong></span> <span class='ocrx_word' id='word_1_34' title='bbox 696 502 723 532; x_wconf 88' lang='lat' dir='ltr'><strong>si</strong></span> <span class='ocrx_word' id='word_1_35' title='bbox 738 501 953 534; x_wconf 85' lang='lat' dir='ltr'><strong>contentiosus</strong></span> <span class='ocrx_word' id='word_1_36' title='bbox 976 510 1086 531; x_wconf 86' lang='lat' dir='ltr'><strong>essem.</strong></span> <span class='ocrx_word' id='word_1_37' title='bbox 1132 498 1175 529; x_wconf 82' lang='lat' dir='ltr'><strong>Et</strong></span> <span class='ocrx_word' id='word_1_38' title='bbox 1189 508 1274 529; x_wconf 87' lang='lat' dir='ltr'><strong>nunc</strong></span> <span class='ocrx_word' id='word_1_39' title='bbox 1287 498 1312 529; x_wconf 85' lang='lat' dir='ltr'><strong>si</strong></span> <span class='ocrx_word' id='word_1_40' title='bbox 1327 497 1398 539; x_wconf 84' lang='lat' dir='ltr'><strong>quis</strong></span> <span class='ocrx_word' id='word_1_41' title='bbox 1413 497 1482 528; x_wconf 87' lang='lat' dir='ltr'><strong>talis</strong></span> <span class='ocrx_word' id='word_1_42' title='bbox 1497 497 1633 538; x_wconf 77' lang='lat' dir='ltr'><strong>adesset,</strong></span> 
     </span>
     <span class='ocr_line' id='line_1_5' title="bbox 159 551 1636 598; baseline -0.009 -5"><span class='ocrx_word' id='word_1_43' title='bbox 159 561 331 593; x_wconf 77' lang='lat' dir='ltr'><strong>‘abstinere</strong></span> <span class='ocrx_word' id='word_1_44' title='bbox 344 561 384 592; x_wconf 82' lang='lat' dir='ltr'><strong>ab</strong></span> <span class='ocrx_word' id='word_1_45' title='bbox 398 559 446 590; x_wconf 91' lang='lat' dir='ltr'><strong>his</strong></span> <span class='ocrx_word' id='word_1_46' title='bbox 459 556 618 590; x_wconf 84' lang='lat' dir='ltr'><strong>vocabulis</strong></span> <span class='ocrx_word' id='word_1_47' title='bbox 642 556 850 598; x_wconf 86' lang='lat' dir='ltr'><strong>profiteretur,</strong></span> <span class='ocrx_word' id='word_1_48' title='bbox 866 560 899 585; x_wconf 87' lang='lat' dir='ltr'><strong>et</strong></span> <span class='ocrx_word' id='word_1_49' title='bbox 923 564 982 584; x_wconf 90' lang='lat' dir='ltr'><strong>nos</strong></span> <span class='ocrx_word' id='word_1_50' title='bbox 1002 554 1041 584; x_wconf 90' lang='lat' dir='ltr'><strong>ab</strong></span> <span class='ocrx_word' id='word_1_51' title='bbox 1066 553 1124 590; x_wconf 88' lang='lat' dir='ltr'><strong>his,</strong></span> <span class='ocrx_word' id='word_1_52' title='bbox 1140 562 1210 593; x_wconf 79' lang='lat' dir='ltr'><strong>quae</strong></span> <span class='ocrx_word' id='word_1_53' title='bbox 1224 551 1293 593; x_wconf 87' lang='lat' dir='ltr'><strong>ipse</strong></span> <span class='ocrx_word' id='word_1_54' title='bbox 1319 561 1420 588; x_wconf 82' lang='lat' dir='ltr'><strong>narro,</strong></span> <span class='ocrx_word' id='word_1_55' title='bbox 1437 551 1636 582; x_wconf 86' lang='lat' dir='ltr'><strong>vehementer</strong></span> 
     </span>
     <span class='ocr_line' id='line_1_6' title="bbox 174 604 1635 654; baseline -0.007 -8"><span class='ocrx_word' id='word_1_56' title='bbox 174 615 351 646; x_wconf 86' lang='lat' dir='ltr'><strong>deterreret.</strong></span> <span class='ocrx_word' id='word_1_57' title='bbox 395 613 565 654; x_wconf 84' lang='lat' dir='ltr'><strong>Postquam</strong></span> <span class='ocrx_word' id='word_1_58' title='bbox 581 621 652 642; x_wconf 86' lang='lat' dir='ltr'><strong>vero</strong></span> <span class='ocrx_word' id='word_1_59' title='bbox 668 609 825 651; x_wconf 79' lang='lat' dir='ltr'><strong>simplices</strong></span> <span class='ocrx_word' id='word_1_60' title='bbox 840 613 872 640; x_wconf 89' lang='lat' dir='ltr'><strong>et</strong></span> <span class='ocrx_word' id='word_1_61' title='bbox 883 608 987 650; x_wconf 84' lang='lat' dir='ltr'><strong>ignavi</strong></span> <span class='ocrx_word' id='word_1_62' title='bbox 1003 616 1120 643; x_wconf 87' lang='lat' dir='ltr'><strong>sumus,</strong></span> <span class='ocrx_word' id='word_1_63' title='bbox 1132 606 1220 637; x_wconf 88' lang='lat' dir='ltr'><strong>visne</strong></span> <span class='ocrx_word' id='word_1_64' title='bbox 1236 605 1370 646; x_wconf 90' lang='lat' dir='ltr'><strong>proferre</strong></span> <span class='ocrx_word' id='word_1_65' title='bbox 1386 605 1530 642; x_wconf 83' lang='lat' dir='ltr'><strong>audeam,</strong></span> <span class='ocrx_word' id='word_1_66' title='bbox 1549 604 1635 636; x_wconf 89' lang='lat' dir='ltr'><strong>Scire</strong></span> 
     </span>
     <span class='ocr_line' id='line_1_7' title="bbox 172 657 1632 709; baseline -0.006 -10"><span class='ocrx_word' id='word_1_67' title='bbox 172 667 273 709; x_wconf 87' lang='lat' dir='ltr'><strong>ipsum</strong></span> <span class='ocrx_word' id='word_1_68' title='bbox 288 667 381 708; x_wconf 81' lang='lat' dir='ltr'><strong>quale</strong></span> <span class='ocrx_word' id='word_1_69' title='bbox 395 666 457 697; x_wconf 84' lang='lat' dir='ltr'><strong>sit?</strong></span> <span class='ocrx_word' id='word_1_70' title='bbox 479 665 556 696; x_wconf 90' lang='lat' dir='ltr'><strong>mihi</strong></span> <span class='ocrx_word' id='word_1_71' title='bbox 570 664 654 696; x_wconf 88' lang='lat' dir='ltr'><strong>enim</strong></span> <span class='ocrx_word' id='word_1_72' title='bbox 669 674 773 706; x_wconf 84' lang='lat' dir='ltr'><strong>operae</strong></span> <span class='ocrx_word' id='word_1_73' title='bbox 789 662 922 704; x_wconf 86' lang='lat' dir='ltr'><strong>pretium</strong></span> <span class='ocrx_word' id='word_1_74' title='bbox 938 671 1006 692; x_wconf 88' lang='lat' dir='ltr'><strong>esse</strong></span> <span class='ocrx_word' id='word_1_75' title='bbox 1021 660 1152 691; x_wconf 85' lang='lat' dir='ltr'><strong>videtur.</strong></span> <span class='ocrx_word' id='word_1_76' title='bbox 1195 658 1283 692; x_wconf 64' lang='lat' dir='ltr'><strong>Tne.</strong></span> <span class='ocrx_word' id='word_1_77' title='bbox 1307 657 1416 696; x_wconf 88' lang='lat' dir='ltr'><strong>Aude,</strong></span> <span class='ocrx_word' id='word_1_78' title='bbox 1431 669 1487 700; x_wconf 88' lang='lat' dir='ltr'><strong>per</strong></span> <span class='ocrx_word' id='word_1_79' title='bbox 1506 658 1527 691; x_wconf 89' lang='lat' dir='ltr'>J</span> <span class='ocrx_word' id='word_1_80' title='bbox 1530 669 1632 690; x_wconf 83' lang='lat' dir='ltr'><strong>ovem.</strong></span> 
     </span>
     <span class='ocr_line' id='line_1_8' title="bbox 171 713 1628 756; baseline -0.005 -3"><span class='ocrx_word' id='word_1_81' title='bbox 171 721 255 753; x_wconf 85' lang='lat' dir='ltr'><strong>Nam</strong></span> <span class='ocrx_word' id='word_1_82' title='bbox 269 720 317 752; x_wconf 88' lang='lat' dir='ltr'><strong>his</strong></span> <span class='ocrx_word' id='word_1_83' title='bbox 331 719 502 752; x_wconf 73' lang='lat' dir='ltr'><strong>tibiutenti</strong></span> <span class='ocrx_word' id='word_1_84' title='bbox 517 719 639 750; x_wconf 86' lang='lat' dir='ltr'><strong>veniam</strong></span> <span class='ocrx_word' id='word_1_85' title='bbox 651 718 806 749; x_wconf 83' lang='lat' dir='ltr'>dabimus.</span> <span class='ocrx_word' id='word_1_86' title='bbox 851 716 908 747; x_wconf 88' lang='lat' dir='ltr'><strong>So.</strong></span> <span class='ocrx_word' id='word_1_87' title='bbox 930 713 1102 751; x_wconf 87' lang='lat' dir='ltr'><strong>Audistiu’‚</strong></span> <span class='ocrx_word' id='word_1_88' title='bbox 1117 713 1195 756; x_wconf 84' lang='lat' dir='ltr'><strong>quid</strong></span> <span class='ocrx_word' id='word_1_89' title='bbox 1213 723 1298 745; x_wconf 90' lang='lat' dir='ltr'><strong>nunc</strong></span> <span class='ocrx_word' id='word_1_90' title='bbox 1312 713 1398 745; x_wconf 83' lang='lat' dir='ltr'><strong>Scire</strong></span> <span class='ocrx_word' id='word_1_91' title='bbox 1413 714 1523 745; x_wconf 88' lang='lat' dir='ltr'><strong>dicant</strong></span> <span class='ocrx_word' id='word_1_92' title='bbox 1537 724 1603 746; x_wconf 87' lang='lat' dir='ltr'><strong>esse</strong></span> <span class='ocrx_word' id='word_1_93' title='bbox 1616 715 1628 745; x_wconf 86' lang='lat'>?</span> 
     </span>
     <span class='ocr_line' id='line_1_9' title="bbox 172 767 1633 814; baseline -0.005 -7"><span class='ocrx_word' id='word_1_94' title='bbox 172 775 260 809; x_wconf 63' lang='lat' dir='ltr'><strong>Tne.</strong></span> <span class='ocrx_word' id='word_1_95' title='bbox 283 775 396 807; x_wconf 83' lang='lat' dir='ltr'><strong>Forte:</strong></span> <span class='ocrx_word' id='word_1_96' title='bbox 419 785 483 806; x_wconf 90' lang='lat' dir='ltr'><strong>non</strong></span> <span class='ocrx_word' id='word_1_97' title='bbox 505 779 609 805; x_wconf 83' lang='lat' dir='ltr'><strong>tamen</strong></span> <span class='ocrx_word' id='word_1_98' title='bbox 633 773 664 803; x_wconf 93' lang='lat' dir='ltr'><strong>in</strong></span> <span class='ocrx_word' id='word_1_99' title='bbox 692 771 860 814; x_wconf 84' lang='lat' dir='ltr'><strong>praesentia</strong></span> <span class='ocrx_word' id='word_1_100' title='bbox 874 769 1013 801; x_wconf 87' lang='lat' dir='ltr'><strong>memini.</strong></span> <span class='ocrx_word' id='word_1_101' title='bbox 1057 768 1112 800; x_wconf 91' lang='lat' dir='ltr'><strong>So.</strong></span> <span class='ocrx_word' id='word_1_102' title='bbox 1136 767 1307 799; x_wconf 77' lang='lat' dir='ltr'><strong>Scientiam</strong></span> <span class='ocrx_word' id='word_1_103' title='bbox 1322 767 1448 804; x_wconf 86' lang='lat' dir='ltr'><strong>habere,</strong></span> <span class='ocrx_word' id='word_1_104' title='bbox 1463 767 1494 798; x_wconf 89' lang='lat' dir='ltr'><strong>id</strong></span> <span class='ocrx_word' id='word_1_105' title='bbox 1511 773 1559 799; x_wconf 88' lang='lat' dir='ltr'><strong>est</strong></span> <span class='ocrx_word' id='word_1_106' title='bbox 1574 769 1633 800; x_wconf 86' lang='lat' dir='ltr'><strong>uti.</strong></span> 
     </span>
     <span class='ocr_line' id='line_1_10' title="bbox 173 820 1633 867; baseline -0.003 -8"><span class='ocrx_word' id='word_1_107' title='bbox 173 827 262 860; x_wconf 73' lang='lat' dir='ltr'><strong>Tne.</strong></span> <span class='ocrx_word' id='word_1_108' title='bbox 283 828 335 860; x_wconf 84' lang='lat' dir='ltr'><strong>Sic</strong></span> <span class='ocrx_word' id='word_1_109' title='bbox 348 833 408 861; x_wconf 82' lang='lat' dir='ltr'><strong>est.</strong></span> <span class='ocrx_word' id='word_1_110' title='bbox 453 827 508 859; x_wconf 85' lang='lat' dir='ltr'><strong>So·</strong></span> <span class='ocrx_word' id='word_1_111' title='bbox 531 826 600 858; x_wconf 91' lang='lat' dir='ltr'><strong>Nos</strong></span> <span class='ocrx_word' id='word_1_112' title='bbox 623 831 727 858; x_wconf 84' lang='lat' dir='ltr'><strong>autem</strong></span> <span class='ocrx_word' id='word_1_113' title='bbox 750 825 876 867; x_wconf 89' lang='lat' dir='ltr'><strong>paulum</strong></span> <span class='ocrx_word' id='word_1_114' title='bbox 900 827 1110 866; x_wconf 79' lang='lat' dir='ltr'><strong>permutantes</strong></span> <span class='ocrx_word' id='word_1_115' title='bbox 1125 820 1287 853; x_wconf 88' lang='lat' dir='ltr'><strong>scientiam</strong></span> <span class='ocrx_word' id='word_1_116' title='bbox 1305 820 1463 861; x_wconf 88' lang='lat' dir='ltr'><strong>possidere</strong></span> <span class='ocrx_word' id='word_1_117' title='bbox 1478 822 1633 856; x_wconf 87' lang='lat' dir='ltr'><strong>dicamus.</strong></span> 
     </span>
     <span class='ocr_line' id='line_1_11' title="bbox 175 876 1637 925; baseline -0.003 -11"><span class='ocrx_word' id='word_1_118' title='bbox 175 882 305 920; x_wconf 81' lang='lat' dir='ltr'><strong>Quaeres</strong></span> <span class='ocrx_word' id='word_1_119' title='bbox 319 883 409 920; x_wconf 77' lang='lat' dir='ltr'><strong>forte,</strong></span> <span class='ocrx_word' id='word_1_120' title='bbox 422 892 558 925; x_wconf 88' lang='lat' dir='ltr'><strong>quonam</strong></span> <span class='ocrx_word' id='word_1_121' title='bbox 573 882 633 913; x_wconf 87' lang='lat' dir='ltr'><strong>hoc</strong></span> <span class='ocrx_word' id='word_1_122' title='bbox 649 881 688 912; x_wconf 84' lang='lat' dir='ltr'><strong>ab</strong></span> <span class='ocrx_word' id='word_1_123' title='bbox 713 880 769 912; x_wconf 89' lang='lat' dir='ltr'><strong>illo</strong></span> <span class='ocrx_word' id='word_1_124' title='bbox 793 878 939 910; x_wconf 84' lang='lat' dir='ltr'><strong>differat?</strong></span> <span class='ocrx_word' id='word_1_125' title='bbox 984 876 1095 908; x_wconf 80' lang='lat' dir='ltr'><strong>Nihilo</strong></span> <span class='ocrx_word' id='word_1_126' title='bbox 1110 876 1250 908; x_wconf 77' lang='lat' dir='ltr'><strong>forsitan.</strong></span> <span class='ocrx_word' id='word_1_127' title='bbox 1273 877 1359 918; x_wconf 91' lang='lat' dir='ltr'><strong>quod</strong></span> <span class='ocrx_word' id='word_1_128' title='bbox 1375 882 1478 908; x_wconf 88' lang='lat' dir='ltr'><strong>autem</strong></span> <span class='ocrx_word' id='word_1_129' title='bbox 1493 878 1637 910; x_wconf 84' lang='lat' dir='ltr'><strong>videatur</strong></span> 
     </span>
     <span class='ocr_line' id='line_1_12' title="bbox 174 930 1635 978; baseline -0.003 -10"><span class='ocrx_word' id='word_1_130' title='bbox 174 936 263 974; x_wconf 83' lang='lat' dir='ltr'><strong>mihi,</strong></span> <span class='ocrx_word' id='word_1_131' title='bbox 278 936 323 974; x_wconf 85' lang='lat' dir='ltr'><strong>id,</strong></span> <span class='ocrx_word' id='word_1_132' title='bbox 338 941 503 978; x_wconf 84' lang='lat' dir='ltr'><strong>postquam</strong></span> <span class='ocrx_word' id='word_1_133' title='bbox 519 934 686 975; x_wconf 80' lang='lat' dir='ltr'><strong>audiveris,</strong></span> <span class='ocrx_word' id='word_1_134' title='bbox 700 944 822 965; x_wconf 91' lang='lat' dir='ltr'><strong>mecum</strong></span> <span class='ocrx_word' id='word_1_135' title='bbox 838 931 1027 963; x_wconf 82' lang='lat' dir='ltr'><strong>examinato.</strong></span> <span class='ocrx_word' id='word_1_136' title='bbox 1059 930 1147 961; x_wconf 74' lang='lat' dir='ltr'><strong>Tus.</strong></span> <span class='ocrx_word' id='word_1_137' title='bbox 1170 930 1273 961; x_wconf 90' lang='lat' dir='ltr'><strong>Modo</strong></span> <span class='ocrx_word' id='word_1_138' title='bbox 1285 930 1413 971; x_wconf 89' lang='lat' dir='ltr'><strong>possim.</strong></span> <span class='ocrx_word' id='word_1_139' title='bbox 1457 931 1514 964; x_wconf 91' lang='lat' dir='ltr'><strong>So.</strong></span> <span class='ocrx_word' id='word_1_140' title='bbox 1537 932 1635 964; x_wconf 85' lang='lat' dir='ltr'><strong>Haud</strong></span> 
     </span>
     <span class='ocr_line' id='line_1_13' title="bbox 176 984 1637 1032; baseline -0.003 -9"><span class='ocrx_word' id='word_1_141' title='bbox 176 1000 252 1022; x_wconf 79' lang='lat' dir='ltr'><strong>sane</strong></span> <span class='ocrx_word' id='word_1_142' title='bbox 266 991 423 1032; x_wconf 79' lang='lat' dir='ltr'><strong>poss’tdere</strong></span> <span class='ocrx_word' id='word_1_143' title='bbox 435 991 518 1022; x_wconf 89' lang='lat' dir='ltr'><strong>idem</strong></span> <span class='ocrx_word' id='word_1_144' title='bbox 533 989 619 1032; x_wconf 91' lang='lat' dir='ltr'><strong>quod</strong></span> <span class='ocrx_word' id='word_1_145' title='bbox 635 989 747 1019; x_wconf 85' lang='lat' dir='ltr'><strong>habere</strong></span> <span class='ocrx_word' id='word_1_146' title='bbox 763 987 905 1018; x_wconf 87' lang='lat' dir='ltr'><strong>videtur:</strong></span> <span class='ocrx_word' id='word_1_147' title='bbox 930 996 988 1017; x_wconf 90' lang='lat' dir='ltr'><strong>ceu</strong></span> <span class='ocrx_word' id='word_1_148' title='bbox 1004 986 1029 1016; x_wconf 86' lang='lat' dir='ltr'><strong>si</strong></span> <span class='ocrx_word' id='word_1_149' title='bbox 1044 984 1114 1026; x_wconf 90' lang='lat' dir='ltr'><strong>quis</strong></span> <span class='ocrx_word' id='word_1_150' title='bbox 1128 990 1235 1026; x_wconf 86' lang='lat' dir='ltr'><strong>empta</strong></span> <span class='ocrx_word' id='word_1_151' title='bbox 1250 989 1346 1021; x_wconf 85' lang='lat' dir='ltr'><strong>veste,</strong></span> <span class='ocrx_word' id='word_1_152' title='bbox 1362 984 1447 1016; x_wconf 87' lang='lat' dir='ltr'><strong>illam</strong></span> <span class='ocrx_word' id='word_1_153' title='bbox 1463 996 1588 1017; x_wconf 85' lang='lat' dir='ltr'><strong>servans</strong></span> <span class='ocrx_word' id='word_1_154' title='bbox 1603 992 1637 1019; x_wconf 88' lang='lat' dir='ltr'><strong>et</strong></span> 
     </span>
     <span class='ocr_line' id='line_1_14' title="bbox 177 1038 1639 1086; baseline -0.002 -11"><span class='ocrx_word' id='word_1_155' title='bbox 177 1043 225 1075; x_wconf 83' lang='lat' dir='ltr'><strong>uti</strong></span> <span class='ocrx_word' id='word_1_156' title='bbox 239 1043 387 1076; x_wconf 85' lang='lat' dir='ltr'><strong>arbitratu</strong></span> <span class='ocrx_word' id='word_1_157' title='bbox 402 1055 458 1075; x_wconf 92' lang='lat' dir='ltr'><strong>suo</strong></span> <span class='ocrx_word' id='word_1_158' title='bbox 474 1049 585 1086; x_wconf 88' lang='lat' dir='ltr'><strong>potens</strong></span> <span class='ocrx_word' id='word_1_159' title='bbox 606 1053 671 1074; x_wconf 92' lang='lat' dir='ltr'><strong>non</strong></span> <span class='ocrx_word' id='word_1_160' title='bbox 694 1042 784 1079; x_wconf 83' lang='lat' dir='ltr'><strong>ferat,</strong></span> <span class='ocrx_word' id='word_1_161' title='bbox 797 1042 911 1072; x_wconf 82' lang='lat' dir='ltr'><strong>habere</strong></span> <span class='ocrx_word' id='word_1_162' title='bbox 935 1040 1020 1070; x_wconf 86' lang='lat' dir='ltr'><strong>illam</strong></span> <span class='ocrx_word' id='word_1_163' title='bbox 1042 1038 1184 1076; x_wconf 86' lang='lat' dir='ltr'><strong>minime,</strong></span> <span class='ocrx_word' id='word_1_164' title='bbox 1200 1038 1359 1080; x_wconf 82' lang='lat' dir='ltr'><strong>possidere</strong></span> <span class='ocrx_word' id='word_1_165' title='bbox 1374 1044 1458 1071; x_wconf 86' lang='lat' dir='ltr'><strong>certe</strong></span> <span class='ocrx_word' id='word_1_166' title='bbox 1473 1041 1639 1073; x_wconf 84' lang='lat' dir='ltr'><strong>confitere-</strong></span> 
     </span>
     <span class='ocr_line' id='line_1_15' title="bbox 177 1093 1639 1140; baseline -0.001 -11"><span class='ocrx_word' id='word_1_167' title='bbox 177 1107 256 1130; x_wconf 85' lang='lat' dir='ltr'><strong>mur.</strong></span> <span class='ocrx_word' id='word_1_168' title='bbox 299 1098 385 1130; x_wconf 76' lang='lat' dir='ltr'><strong>Tna.</strong></span> <span class='ocrx_word' id='word_1_169' title='bbox 408 1098 450 1129; x_wconf 88' lang='lat' dir='ltr'><strong>Et</strong></span> <span class='ocrx_word' id='word_1_170' title='bbox 462 1103 545 1129; x_wconf 86' lang='lat' dir='ltr'><strong>recte</strong></span> <span class='ocrx_word' id='word_1_171' title='bbox 559 1097 699 1140; x_wconf 89' lang='lat' dir='ltr'><strong>quidem.</strong></span> <span class='ocrx_word' id='word_1_172' title='bbox 744 1096 797 1127; x_wconf 89' lang='lat' dir='ltr'><strong>So.</strong></span> <span class='ocrx_word' id='word_1_173' title='bbox 820 1095 904 1126; x_wconf 84' lang='lat' dir='ltr'><strong>Vide</strong></span> <span class='ocrx_word' id='word_1_174' title='bbox 918 1099 1079 1136; x_wconf 78' lang='lat' dir='ltr'><strong>praeterea,</strong></span> <span class='ocrx_word' id='word_1_175' title='bbox 1095 1098 1198 1124; x_wconf 89' lang='lat' dir='ltr'><strong>utrum</strong></span> <span class='ocrx_word' id='word_1_176' title='bbox 1212 1093 1278 1124; x_wconf 82' lang='lat' dir='ltr'><strong>fieri</strong></span> <span class='ocrx_word' id='word_1_177' title='bbox 1293 1093 1403 1134; x_wconf 80' lang='lat' dir='ltr'><strong>possit,</strong></span> <span class='ocrx_word' id='word_1_178' title='bbox 1419 1098 1455 1124; x_wconf 83' lang='lat' dir='ltr'><strong>ut</strong></span> <span class='ocrx_word' id='word_1_179' title='bbox 1469 1095 1524 1136; x_wconf 91' lang='lat' dir='ltr'><strong>qui</strong></span> <span class='ocrx_word' id='word_1_180' title='bbox 1537 1095 1639 1127; x_wconf 90' lang='lat' dir='ltr'><strong>scien-</strong></span> 
     </span>
     <span class='ocr_line' id='line_1_16' title="bbox 178 1147 1638 1193; baseline -0.005 -10"><span class='ocrx_word' id='word_1_181' title='bbox 178 1151 253 1182; x_wconf 78' lang='lat' dir='ltr'><strong>tiam</strong></span> <span class='ocrx_word' id='word_1_182' title='bbox 269 1151 410 1183; x_wconf 87' lang='lat' dir='ltr'><strong>similiter</strong></span> <span class='ocrx_word' id='word_1_183' title='bbox 425 1152 596 1193; x_wconf 85' lang='lat' dir='ltr'><strong>possideat,</strong></span> <span class='ocrx_word' id='word_1_184' title='bbox 611 1161 676 1182; x_wconf 89' lang='lat' dir='ltr'><strong>non</strong></span> <span class='ocrx_word' id='word_1_185' title='bbox 691 1151 804 1181; x_wconf 84' lang='lat' dir='ltr'><strong>habeat</strong></span> <span class='ocrx_word' id='word_1_186' title='bbox 817 1161 825 1180; x_wconf 91' lang='lat'><strong>:</strong></span> <span class='ocrx_word' id='word_1_187' title='bbox 850 1149 980 1191; x_wconf 83' lang='lat' dir='ltr'><strong>perinde</strong></span> <span class='ocrx_word' id='word_1_188' title='bbox 995 1159 1031 1180; x_wconf 83' lang='lat' dir='ltr'><strong>ac</strong></span> <span class='ocrx_word' id='word_1_189' title='bbox 1049 1148 1076 1179; x_wconf 85' lang='lat' dir='ltr'><strong>si</strong></span> <span class='ocrx_word' id='word_1_190' title='bbox 1090 1147 1160 1189; x_wconf 89' lang='lat' dir='ltr'><strong>quis</strong></span> <span class='ocrx_word' id='word_1_191' title='bbox 1174 1147 1329 1179; x_wconf 85' lang='lat' dir='ltr'><strong>silvestres</strong></span> <span class='ocrx_word' id='word_1_192' title='bbox 1344 1157 1428 1185; x_wconf 87' lang='lat' dir='ltr'><strong>aves,</strong></span> <span class='ocrx_word' id='word_1_193' title='bbox 1443 1148 1508 1180; x_wconf 86' lang='lat' dir='ltr'><strong>sive</strong></span> <span class='ocrx_word' id='word_1_194' title='bbox 1518 1149 1638 1181; x_wconf 88' lang='lat' dir='ltr'><strong>colum.</strong></span> 
     </span>
     <span class='ocr_line' id='line_1_17' title="bbox 178 1201 1638 1247; baseline -0.001 -11"><span class='ocrx_word' id='word_1_195' title='bbox 178 1205 234 1236; x_wconf 77' lang='lat' dir='ltr'><strong>bas</strong></span> <span class='ocrx_word' id='word_1_196' title='bbox 258 1204 323 1236; x_wconf 84' lang='lat' dir='ltr'><strong>sive</strong></span> <span class='ocrx_word' id='word_1_197' title='bbox 348 1205 473 1247; x_wconf 85' lang='lat' dir='ltr'><strong>quasvis</strong></span> <span class='ocrx_word' id='word_1_198' title='bbox 497 1205 574 1236; x_wconf 81' lang='lat' dir='ltr'><strong>alias</strong></span> <span class='ocrx_word' id='word_1_199' title='bbox 595 1209 783 1246; x_wconf 81' lang='lat' dir='ltr'><strong>aucupatus,</strong></span> <span class='ocrx_word' id='word_1_200' title='bbox 810 1202 925 1234; x_wconf 80' lang='lat' dir='ltr'><strong>aviario</strong></span> <span class='ocrx_word' id='word_1_201' title='bbox 949 1202 1036 1233; x_wconf 89' lang='lat' dir='ltr'><strong>domi</strong></span> <span class='ocrx_word' id='word_1_202' title='bbox 1062 1205 1239 1234; x_wconf 83' lang='lat' dir='ltr'><strong>constructo</strong></span> <span class='ocrx_word' id='word_1_203' title='bbox 1260 1201 1389 1242; x_wconf 83' lang='lat' dir='ltr'><strong>nutriat,</strong></span> <span class='ocrx_word' id='word_1_204' title='bbox 1404 1203 1638 1244; x_wconf 80' lang='lat' dir='ltr'><strong>quodammodo</strong></span> 
     </span>
    </p>
   </div>
   <div class='ocr_carea' id='block_1_3' title="bbox 113 1255 1637 1301">
    <p class='ocr_par' dir='ltr' id='par_1_3' title="bbox 113 1255 1637 1301">
     <span class='ocr_line' id='line_1_18' title="bbox 113 1255 1637 1301; baseline -0.001 -11"><span class='ocrx_word' id='word_1_205' title='bbox 113 1263 126 1272; x_wconf 84' lang='lat'><strong><em>‘</em></strong></span> <span class='ocrx_word' id='word_1_206' title='bbox 178 1258 293 1290; x_wconf 81' lang='lat' dir='ltr'><strong>habere</strong></span> <span class='ocrx_word' id='word_1_207' title='bbox 307 1269 429 1301; x_wconf 86' lang='lat' dir='ltr'><strong>semper</strong></span> <span class='ocrx_word' id='word_1_208' title='bbox 439 1259 508 1290; x_wconf 82' lang='lat' dir='ltr'><strong>illas</strong></span> <span class='ocrx_word' id='word_1_209' title='bbox 522 1259 653 1294; x_wconf 88' lang='lat' dir='ltr'><strong>dicetur,</strong></span> <span class='ocrx_word' id='word_1_210' title='bbox 669 1258 743 1300; x_wconf 84' lang='lat' dir='ltr'><strong>quia</strong></span> <span class='ocrx_word' id='word_1_211' title='bbox 758 1258 909 1300; x_wconf 81' lang='lat' dir='ltr'><strong>possidet,</strong></span> <span class='ocrx_word' id='word_1_212' title='bbox 925 1256 1157 1298; x_wconf 81' lang='lat' dir='ltr'><strong>quodammodo</strong></span> <span class='ocrx_word' id='word_1_213' title='bbox 1174 1265 1238 1286; x_wconf 90' lang='lat' dir='ltr'><strong>non</strong></span> <span class='ocrx_word' id='word_1_214' title='bbox 1254 1255 1366 1286; x_wconf 82' lang='lat' dir='ltr'><strong>habere</strong></span> <span class='ocrx_word' id='word_1_215' title='bbox 1380 1266 1389 1287; x_wconf 72' lang='grc' dir='ltr'>ς</span> <span class='ocrx_word' id='word_1_216' title='bbox 1412 1256 1467 1287; x_wconf 90' lang='lat' dir='ltr'><strong>sed</strong></span> <span class='ocrx_word' id='word_1_217' title='bbox 1482 1258 1637 1290; x_wconf 82' lang='lat' dir='ltr'><strong>dominari</strong></span> 
     </span>
    </p>
   </div>
   <div class='ocr_carea' id='block_1_4' title="bbox 177 1309 1658 3024">
    <p class='ocr_par' dir='ltr' id='par_1_4' title="bbox 177 1309 1658 3024">
     <span class='ocr_line' id='line_1_19' title="bbox 178 1309 1638 1354; baseline 0.001 -12"><span class='ocrx_word' id='word_1_218' title='bbox 178 1311 306 1353; x_wconf 87' lang='lat' dir='ltr'><strong>quidem</strong></span> <span class='ocrx_word' id='word_1_219' title='bbox 320 1312 394 1352; x_wconf 87' lang='lat' dir='ltr'><strong>illis,</strong></span> <span class='ocrx_word' id='word_1_220' title='bbox 407 1323 541 1354; x_wconf 89' lang='lat' dir='ltr'><strong>cumque</strong></span> <span class='ocrx_word' id='word_1_221' title='bbox 555 1313 589 1343; x_wconf 88' lang='lat' dir='ltr'><strong>in</strong></span> <span class='ocrx_word' id='word_1_222' title='bbox 605 1311 777 1343; x_wconf 86' lang='lat' dir='ltr'><strong>domestico</strong></span> <span class='ocrx_word' id='word_1_223' title='bbox 804 1310 923 1341; x_wconf 85' lang='lat' dir='ltr'><strong>ambitu</strong></span> <span class='ocrx_word' id='word_1_224' title='bbox 948 1310 1017 1341; x_wconf 87' lang='lat' dir='ltr'><strong>illas</strong></span> <span class='ocrx_word' id='word_1_225' title='bbox 1039 1309 1208 1345; x_wconf 86' lang='lat' dir='ltr'><strong>incluserit,</strong></span> <span class='ocrx_word' id='word_1_226' title='bbox 1225 1319 1317 1351; x_wconf 89' lang='lat' dir='ltr'><strong>posse</strong></span> <span class='ocrx_word' id='word_1_227' title='bbox 1333 1310 1480 1351; x_wconf 89' lang='lat' dir='ltr'><strong>quotiens</strong></span> <span class='ocrx_word' id='word_1_228' title='bbox 1494 1311 1571 1342; x_wconf 87' lang='lat' dir='ltr'><strong>velit</strong></span> <span class='ocrx_word' id='word_1_229' title='bbox 1585 1323 1638 1344; x_wconf 83' lang='lat' dir='ltr'><strong>ca-</strong></span> 
     </span>
     <span class='ocr_line' id='line_1_20' title="bbox 178 1362 1638 1408; baseline 0.001 -12"><span class='ocrx_word' id='word_1_230' title='bbox 178 1375 253 1407; x_wconf 85' lang='lat' dir='ltr'><strong>pere</strong></span> <span class='ocrx_word' id='word_1_231' title='bbox 266 1370 299 1397; x_wconf 91' lang='lat' dir='ltr'><strong>et</strong></span> <span class='ocrx_word' id='word_1_232' title='bbox 319 1366 432 1398; x_wconf 86' lang='lat' dir='ltr'><strong>habere</strong></span> <span class='ocrx_word' id='word_1_233' title='bbox 455 1366 628 1408; x_wconf 79' lang='lat' dir='ltr'><strong>quamlibet</strong></span> <span class='ocrx_word' id='word_1_234' title='bbox 643 1365 682 1396; x_wconf 90' lang='lat' dir='ltr'><strong>ad</strong></span> <span class='ocrx_word' id='word_1_235' title='bbox 699 1370 805 1395; x_wconf 85' lang='lat' dir='ltr'><strong>votum</strong></span> <span class='ocrx_word' id='word_1_236' title='bbox 820 1369 916 1405; x_wconf 86' lang='lat' dir='ltr'><strong>atque</strong></span> <span class='ocrx_word' id='word_1_237' title='bbox 937 1363 1104 1394; x_wconf 87' lang='lat' dir='ltr'><strong>dimittere.</strong></span> <span class='ocrx_word' id='word_1_238' title='bbox 1148 1363 1236 1393; x_wconf 70' lang='lat' dir='ltr'><strong>Tuz.</strong></span> <span class='ocrx_word' id='word_1_239' title='bbox 1259 1362 1309 1394; x_wconf 82' lang='lat' dir='ltr'><strong>Ita</strong></span> <span class='ocrx_word' id='word_1_240' title='bbox 1332 1368 1391 1394; x_wconf 88' lang='lat' dir='ltr'><strong>est.</strong></span> <span class='ocrx_word' id='word_1_241' title='bbox 1435 1363 1492 1397; x_wconf 86' lang='lat' dir='ltr'><strong>So.</strong></span> <span class='ocrx_word' id='word_1_242' title='bbox 1515 1364 1638 1398; x_wconf 85' lang='lat' dir='ltr'><strong>Rursus</strong></span> 
     </span>
     <span class='ocr_line' id='line_1_21' title="bbox 179 1416 1639 1460; baseline 0.002 -11"><span class='ocrx_word' id='word_1_243' title='bbox 179 1419 443 1460; x_wconf 80' lang='lat' dir='ltr'><strong>quemadmodum</strong></span> <span class='ocrx_word' id='word_1_244' title='bbox 468 1429 562 1460; x_wconf 85' lang='lat' dir='ltr'><strong>supra</strong></span> <span class='ocrx_word' id='word_1_245' title='bbox 586 1419 621 1450; x_wconf 88' lang='lat' dir='ltr'><strong>in</strong></span> <span class='ocrx_word' id='word_1_246' title='bbox 645 1418 756 1449; x_wconf 79' lang='lat' dir='ltr'><strong>animis</strong></span> <span class='ocrx_word' id='word_1_247' title='bbox 771 1417 879 1449; x_wconf 88' lang='lat' dir='ltr'><strong>nescio</strong></span> <span class='ocrx_word' id='word_1_248' title='bbox 895 1417 980 1458; x_wconf 89' lang='lat' dir='ltr'><strong>quod</strong></span> <span class='ocrx_word' id='word_1_249' title='bbox 997 1417 1178 1458; x_wconf 86' lang='lat' dir='ltr'><strong>figmentum</strong></span> <span class='ocrx_word' id='word_1_250' title='bbox 1194 1426 1318 1447; x_wconf 87' lang='lat' dir='ltr'><strong>cereum</strong></span> <span class='ocrx_word' id='word_1_251' title='bbox 1335 1416 1506 1449; x_wconf 72' lang='lat' dir='ltr'><strong>machinati</strong></span> <span class='ocrx_word' id='word_1_252' title='bbox 1521 1431 1639 1458; x_wconf 86' lang='lat' dir='ltr'><strong>sumus,</strong></span> 
     </span>
     <span class='ocr_line' id='line_1_22' title="bbox 177 1469 1637 1515; baseline 0.003 -13"><span class='ocrx_word' id='word_1_253' title='bbox 177 1471 223 1502; x_wconf 83' lang='lat' dir='ltr'><strong>ita</strong></span> <span class='ocrx_word' id='word_1_254' title='bbox 237 1475 270 1503; x_wconf 84' lang='lat' dir='ltr'><strong>et</strong></span> <span class='ocrx_word' id='word_1_255' title='bbox 282 1482 367 1504; x_wconf 85' lang='lat' dir='ltr'><strong>nunc</strong></span> <span class='ocrx_word' id='word_1_256' title='bbox 383 1472 414 1503; x_wconf 91' lang='lat' dir='ltr'><strong>in</strong></span> <span class='ocrx_word' id='word_1_257' title='bbox 430 1473 570 1515; x_wconf 88' lang='lat' dir='ltr'><strong>qualibet</strong></span> <span class='ocrx_word' id='word_1_258' title='bbox 584 1472 686 1504; x_wconf 85' lang='lat' dir='ltr'><strong>anima</strong></span> <span class='ocrx_word' id='word_1_259' title='bbox 709 1471 858 1503; x_wconf 87' lang='lat' dir='ltr'><strong>aviarium</strong></span> <span class='ocrx_word' id='word_1_260' title='bbox 881 1471 1040 1512; x_wconf 82' lang='lat' dir='ltr'><strong>quoddam</strong></span> <span class='ocrx_word' id='word_1_261' title='bbox 1057 1469 1158 1500; x_wconf 84' lang='lat' dir='ltr'><strong>omnis</strong></span> <span class='ocrx_word' id='word_1_262' title='bbox 1172 1470 1292 1511; x_wconf 86' lang='lat' dir='ltr'><strong>generis</strong></span> <span class='ocrx_word' id='word_1_263' title='bbox 1308 1471 1411 1502; x_wconf 83' lang='lat' dir='ltr'><strong>avium</strong></span> <span class='ocrx_word' id='word_1_264' title='bbox 1428 1472 1614 1509; x_wconf 82' lang='lat' dir='ltr'><strong>fabricemus</strong></span> <span class='ocrx_word' id='word_1_265' title='bbox 1628 1490 1637 1510; x_wconf 84' lang='lat'>:</span> 
     </span>
     <span class='ocr_line' id='line_1_23' title="bbox 179 1524 1643 1566; baseline 0.005 -10"><span class='ocrx_word' id='word_1_266' title='bbox 179 1525 331 1566; x_wconf 85' lang='lat' dir='ltr'><strong>quasdam</strong></span> <span class='ocrx_word' id='word_1_267' title='bbox 347 1536 418 1558; x_wconf 92' lang='lat' dir='ltr'><strong>vero</strong></span> <span class='ocrx_word' id='word_1_268' title='bbox 442 1538 480 1558; x_wconf 82' lang='lat' dir='ltr'><strong>ex</strong></span> <span class='ocrx_word' id='word_1_269' title='bbox 501 1526 550 1557; x_wconf 90' lang='lat' dir='ltr'><strong>his</strong></span> <span class='ocrx_word' id='word_1_270' title='bbox 573 1534 710 1558; x_wconf 89' lang='lat' dir='ltr'><strong>seorsum</strong></span> <span class='ocrx_word' id='word_1_271' title='bbox 737 1526 777 1556; x_wconf 88' lang='lat' dir='ltr'><strong>ab</strong></span> <span class='ocrx_word' id='word_1_272' title='bbox 802 1525 871 1556; x_wconf 86' lang='lat' dir='ltr'><strong>aliis</strong></span> <span class='ocrx_word' id='word_1_273' title='bbox 887 1524 1028 1556; x_wconf 86' lang='lat' dir='ltr'><strong>discretis</strong></span> <span class='ocrx_word' id='word_1_274' title='bbox 1045 1524 1187 1565; x_wconf 87' lang='lat' dir='ltr'><strong>gregibus</strong></span> <span class='ocrx_word' id='word_1_275' title='bbox 1201 1525 1361 1566; x_wconf 84' lang='lat' dir='ltr'><strong>pervagari</strong></span> <span class='ocrx_word' id='word_1_276' title='bbox 1373 1537 1383 1565; x_wconf 90' lang='lat'>;</span> <span class='ocrx_word' id='word_1_277' title='bbox 1406 1526 1483 1558; x_wconf 87' lang='lat' dir='ltr'><strong>alias</strong></span> <span class='ocrx_word' id='word_1_278' title='bbox 1497 1529 1643 1563; x_wconf 88' lang='lat' dir='ltr'><strong>similiter</strong></span> 
     </span>
     <span class='ocr_line' id='line_1_24' title="bbox 179 1578 1640 1622; baseline 0.004 -11"><span class='ocrx_word' id='word_1_279' title='bbox 179 1578 350 1611; x_wconf 73' lang='lat' dir='ltr'><strong>admodum</strong></span> <span class='ocrx_word' id='word_1_280' title='bbox 366 1590 492 1622; x_wconf 82' lang='lat' dir='ltr'><strong>paucas,</strong></span> <span class='ocrx_word' id='word_1_281' title='bbox 508 1580 676 1611; x_wconf 81' lang='lat' dir='ltr'><strong>nonnullas</strong></span> <span class='ocrx_word' id='word_1_282' title='bbox 692 1579 772 1611; x_wconf 86' lang='lat' dir='ltr'><strong>solas</strong></span> <span class='ocrx_word' id='word_1_283' title='bbox 795 1579 911 1621; x_wconf 85' lang='lat' dir='ltr'><strong>passim</strong></span> <span class='ocrx_word' id='word_1_284' title='bbox 931 1588 1121 1620; x_wconf 88' lang='lat' dir='ltr'><strong>quocunque</strong></span> <span class='ocrx_word' id='word_1_285' title='bbox 1144 1578 1322 1619; x_wconf 86' lang='lat' dir='ltr'><strong>contigerit,</strong></span> <span class='ocrx_word' id='word_1_286' title='bbox 1337 1581 1510 1621; x_wconf 84' lang='lat' dir='ltr'><strong>pervolare.</strong></span> <span class='ocrx_word' id='word_1_287' title='bbox 1553 1584 1640 1619; x_wconf 70' lang='lat' dir='ltr'><strong>Tris.</strong></span> 
     </span>
     <span class='ocr_line' id='line_1_25' title="bbox 178 1631 1642 1676; baseline 0.005 -13"><span class='ocrx_word' id='word_1_288' title='bbox 178 1631 270 1664; x_wconf 82' lang='lat' dir='ltr'><strong>Fiat:</strong></span> <span class='ocrx_word' id='word_1_289' title='bbox 294 1634 370 1676; x_wconf 89' lang='lat' dir='ltr'><strong>quid</strong></span> <span class='ocrx_word' id='word_1_290' title='bbox 387 1639 452 1665; x_wconf 90' lang='lat' dir='ltr'><strong>tum</strong></span> <span class='ocrx_word' id='word_1_291' title='bbox 467 1634 602 1675; x_wconf 80' lang='lat' dir='ltr'><strong>postea?</strong></span> <span class='ocrx_word' id='word_1_292' title='bbox 647 1633 703 1665; x_wconf 87' lang='lat' dir='ltr'><strong>So.</strong></span> <span class='ocrx_word' id='word_1_293' title='bbox 727 1633 820 1665; x_wconf 87' lang='lat' dir='ltr'><strong>Hanc</strong></span> <span class='ocrx_word' id='word_1_294' title='bbox 842 1633 983 1674; x_wconf 84' lang='lat' dir='ltr'><strong>profecto</strong></span> <span class='ocrx_word' id='word_1_295' title='bbox 1009 1642 1136 1664; x_wconf 82' lang='lat' dir='ltr'><strong>caveam</strong></span> <span class='ocrx_word' id='word_1_296' title='bbox 1158 1632 1192 1663; x_wconf 92' lang='lat' dir='ltr'><strong>in</strong></span> <span class='ocrx_word' id='word_1_297' title='bbox 1208 1632 1311 1673; x_wconf 87' lang='lat' dir='ltr'><strong>pueris</strong></span> <span class='ocrx_word' id='word_1_298' title='bbox 1328 1643 1455 1665; x_wconf 84' lang='lat' dir='ltr'><strong>vacuam</strong></span> <span class='ocrx_word' id='word_1_299' title='bbox 1472 1646 1539 1668; x_wconf 88' lang='lat' dir='ltr'><strong>esse</strong></span> <span class='ocrx_word' id='word_1_300' title='bbox 1554 1638 1642 1671; x_wconf 85' lang='lat' dir='ltr'><strong>dica-</strong></span> 
     </span>
     <span class='ocr_line' id='line_1_26' title="bbox 180 1685 1641 1728; baseline 0.005 -11"><span class='ocrx_word' id='word_1_301' title='bbox 180 1697 267 1718; x_wconf 85' lang='lat' dir='ltr'><strong>mus:</strong></span> <span class='ocrx_word' id='word_1_302' title='bbox 290 1692 324 1718; x_wconf 90' lang='lat' dir='ltr'><strong>et</strong></span> <span class='ocrx_word' id='word_1_303' title='bbox 337 1687 407 1720; x_wconf 84' lang='lat' dir='ltr'><strong>loco</strong></span> <span class='ocrx_word' id='word_1_304' title='bbox 421 1687 525 1719; x_wconf 82' lang='lat' dir='ltr'><strong>avium</strong></span> <span class='ocrx_word' id='word_1_305' title='bbox 540 1687 687 1719; x_wconf 81' lang='lat' dir='ltr'><strong>scientias</strong></span> <span class='ocrx_word' id='word_1_306' title='bbox 702 1687 911 1728; x_wconf 80' lang='lat' dir='ltr'><strong>intelligamus</strong></span> <span class='ocrx_word' id='word_1_307' title='bbox 926 1698 933 1717; x_wconf 73' lang='grc' dir='ltr'>ε</span> <span class='ocrx_word' id='word_1_308' title='bbox 957 1691 990 1718; x_wconf 90' lang='lat' dir='ltr'><strong>et</strong></span> <span class='ocrx_word' id='word_1_309' title='bbox 1003 1686 1144 1728; x_wconf 89' lang='lat' dir='ltr'><strong>quisquis</strong></span> <span class='ocrx_word' id='word_1_310' title='bbox 1159 1685 1321 1717; x_wconf 83' lang='lat' dir='ltr'><strong>scientiam</strong></span> <span class='ocrx_word' id='word_1_311' title='bbox 1334 1692 1445 1719; x_wconf 88' lang='lat' dir='ltr'><strong>nactus</strong></span> <span class='ocrx_word' id='word_1_312' title='bbox 1469 1689 1530 1722; x_wconf 87' lang='lat' dir='ltr'><strong>hoc</strong></span> <span class='ocrx_word' id='word_1_313' title='bbox 1551 1692 1641 1725; x_wconf 79' lang='lat' dir='ltr'><strong>coe&#39;r-</strong></span> 
     </span>
     <span class='ocr_line' id='line_1_27' title="bbox 180 1739 1642 1789; baseline 0.003 -18"><span class='ocrx_word' id='word_1_314' title='bbox 180 1740 249 1772; x_wconf 77' lang='lat' dir='ltr'><strong>cuit</strong></span> <span class='ocrx_word' id='word_1_315' title='bbox 261 1741 392 1779; x_wconf 85' lang='lat' dir='ltr'><strong>ambitu,</strong></span> <span class='ocrx_word' id='word_1_316' title='bbox 407 1742 490 1773; x_wconf 87' lang='lat' dir='ltr'><strong>hunc</strong></span> <span class='ocrx_word' id='word_1_317' title='bbox 505 1740 662 1773; x_wconf 83' lang='lat' dir='ltr'><strong>invenisse</strong></span> <span class='ocrx_word' id='word_1_318' title='bbox 684 1741 894 1783; x_wconf 87' lang='lat' dir='ltr'><strong>didicisseque</strong></span> <span class='ocrx_word' id='word_1_319' title='bbox 917 1751 981 1772; x_wconf 89' lang='lat' dir='ltr'><strong>rem</strong></span> <span class='ocrx_word' id='word_1_320' title='bbox 1005 1740 1116 1782; x_wconf 86' lang='lat' dir='ltr'><strong>ipsam,</strong></span> <span class='ocrx_word' id='word_1_321' title='bbox 1133 1739 1224 1781; x_wconf 85' lang='lat' dir='ltr'><strong>cujus</strong></span> <span class='ocrx_word' id='word_1_322' title='bbox 1247 1740 1378 1772; x_wconf 83' lang='lat' dir='ltr'><strong>scientia</strong></span> <span class='ocrx_word' id='word_1_323' title='bbox 1401 1746 1459 1783; x_wconf 86' lang='lat' dir='ltr'><strong>est,</strong></span> <span class='ocrx_word' id='word_1_324' title='bbox 1474 1743 1642 1789; x_wconf 69' lang='lat' dir='ltr'><strong>ipsumque</strong></span> 
     </span>
     <span class='ocr_line' id='line_1_28' title="bbox 180 1793 1641 1837; baseline 0.005 -12"><span class='ocrx_word' id='word_1_325' title='bbox 180 1793 258 1828; x_wconf 86' lang='lat' dir='ltr'><strong>scire</strong></span> <span class='ocrx_word' id='word_1_326' title='bbox 272 1793 305 1826; x_wconf 89' lang='lat' dir='ltr'><strong>id</strong></span> <span class='ocrx_word' id='word_1_327' title='bbox 320 1805 400 1827; x_wconf 89' lang='lat' dir='ltr'><strong>esse.</strong></span> <span class='ocrx_word' id='word_1_328' title='bbox 440 1795 529 1828; x_wconf 74' lang='lat' dir='ltr'><strong>Tur-2.</strong></span> <span class='ocrx_word' id='word_1_329' title='bbox 553 1795 642 1827; x_wconf 87' lang='lat' dir='ltr'><strong>Esto.</strong></span> <span class='ocrx_word' id='word_1_330' title='bbox 685 1796 741 1827; x_wconf 92' lang='lat' dir='ltr'><strong>So.</strong></span> <span class='ocrx_word' id='word_1_331' title='bbox 766 1795 894 1826; x_wconf 88' lang='lat' dir='ltr'><strong>Deinde</strong></span> <span class='ocrx_word' id='word_1_332' title='bbox 905 1804 1007 1826; x_wconf 87' lang='lat' dir='ltr'><strong>rursus</strong></span> <span class='ocrx_word' id='word_1_333' title='bbox 1022 1804 1242 1836; x_wconf 88' lang='lat' dir='ltr'><strong>quamcunque</strong></span> <span class='ocrx_word' id='word_1_334' title='bbox 1266 1793 1364 1837; x_wconf 84' lang='lat'><strong>[198]</strong></span> <span class='ocrx_word' id='word_1_335' title='bbox 1387 1796 1463 1828; x_wconf 87' lang='lat' dir='ltr'><strong>velit</strong></span> <span class='ocrx_word' id='word_1_336' title='bbox 1477 1799 1641 1834; x_wconf 84' lang='lat' dir='ltr'><strong>scientiam</strong></span> 
     </span>
     <span class='ocr_line' id='line_1_29' title="bbox 183 1847 1643 1893; baseline 0.006 -15"><span class='ocrx_word' id='word_1_337' title='bbox 183 1847 331 1890; x_wconf 80' lang='lat' dir='ltr'><strong>aucupari</strong></span> <span class='ocrx_word' id='word_1_338' title='bbox 344 1853 532 1890; x_wconf 84' lang='lat' dir='ltr'><strong>captamque</strong></span> <span class='ocrx_word' id='word_1_339' title='bbox 548 1848 662 1879; x_wconf 89' lang='lat' dir='ltr'><strong>habere</strong></span> <span class='ocrx_word' id='word_1_340' title='bbox 678 1847 852 1890; x_wconf 88' lang='lat' dir='ltr'><strong>iterumque</strong></span> <span class='ocrx_word' id='word_1_341' title='bbox 875 1847 1031 1879; x_wconf 86' lang='lat' dir='ltr'><strong>dimittere</strong></span> <span class='ocrx_word' id='word_1_342' title='bbox 1045 1858 1054 1879; x_wconf 73' lang='lat' dir='ltr'><strong>t</strong></span> <span class='ocrx_word' id='word_1_343' title='bbox 1078 1848 1158 1889; x_wconf 86' lang='lat' dir='ltr'><strong>haec,</strong></span> <span class='ocrx_word' id='word_1_344' title='bbox 1178 1847 1319 1889; x_wconf 86' lang='lat' dir='ltr'><strong>inquam,</strong></span> <span class='ocrx_word' id='word_1_345' title='bbox 1334 1850 1439 1881; x_wconf 87' lang='lat' dir='ltr'><strong>omnia</strong></span> <span class='ocrx_word' id='word_1_346' title='bbox 1458 1852 1573 1893; x_wconf 92' lang='lat' dir='ltr'><strong>quibus</strong></span> <span class='ocrx_word' id='word_1_347' title='bbox 1588 1866 1643 1886; x_wconf 82' lang='lat' dir='ltr'><strong>ex-</strong></span> 
     </span>
     <span class='ocr_line' id='line_1_30' title="bbox 182 1901 1645 1950; baseline 0.004 -18"><span class='ocrx_word' id='word_1_348' title='bbox 182 1901 344 1942; x_wconf 85' lang='lat' dir='ltr'><strong>primenda</strong></span> <span class='ocrx_word' id='word_1_349' title='bbox 355 1901 534 1933; x_wconf 88' lang='lat' dir='ltr'><strong>nominibus</strong></span> <span class='ocrx_word' id='word_1_350' title='bbox 545 1901 618 1940; x_wconf 85' lang='lat' dir='ltr'><strong>sint,</strong></span> <span class='ocrx_word' id='word_1_351' title='bbox 633 1902 808 1934; x_wconf 88' lang='lat' dir='ltr'><strong>considera.</strong></span> <span class='ocrx_word' id='word_1_352' title='bbox 832 1901 976 1944; x_wconf 88' lang='lat' dir='ltr'><strong>nunquid</strong></span> <span class='ocrx_word' id='word_1_353' title='bbox 989 1901 1120 1938; x_wconf 81' lang='lat' dir='ltr'><strong>eisdem,</strong></span> <span class='ocrx_word' id='word_1_354' title='bbox 1135 1901 1248 1943; x_wconf 80' lang='lat' dir='ltr'><strong>quibus</strong></span> <span class='ocrx_word' id='word_1_355' title='bbox 1269 1907 1373 1941; x_wconf 85' lang='lat' dir='ltr'><strong>antea,</strong></span> <span class='ocrx_word' id='word_1_356' title='bbox 1394 1915 1466 1936; x_wconf 89' lang='lat' dir='ltr'><strong>cum</strong></span> <span class='ocrx_word' id='word_1_357' title='bbox 1490 1909 1645 1950; x_wconf 68' lang='lat' dir='ltr'><strong>acquisita</strong></span> 
     </span>
     <span class='ocr_line' id='line_1_31' title="bbox 183 1954 1642 1998; baseline 0.003 -12"><span class='ocrx_word' id='word_1_358' title='bbox 183 1954 336 1986; x_wconf 76' lang='lat' dir='ltr'><strong>duntaxat</strong></span> <span class='ocrx_word' id='word_1_359' title='bbox 349 1955 598 1997; x_wconf 87' lang='lat' dir='ltr'><strong>possidebantur,</strong></span> <span class='ocrx_word' id='word_1_360' title='bbox 613 1966 655 1987; x_wconf 86' lang='lat' dir='ltr'><strong>an</strong></span> <span class='ocrx_word' id='word_1_361' title='bbox 670 1955 762 1987; x_wconf 83' lang='lat' dir='ltr'><strong>aliis?</strong></span> <span class='ocrx_word' id='word_1_362' title='bbox 808 1955 894 1987; x_wconf 87' lang='lat' dir='ltr'><strong>Hinc</strong></span> <span class='ocrx_word' id='word_1_363' title='bbox 908 1956 989 1988; x_wconf 79' lang='lat' dir='ltr'><strong>forte</strong></span> <span class='ocrx_word' id='word_1_364' title='bbox 1004 1955 1116 1986; x_wconf 88' lang='lat' dir='ltr'><strong>clarius</strong></span> <span class='ocrx_word' id='word_1_365' title='bbox 1133 1966 1181 1986; x_wconf 90' lang='lat' dir='ltr'><strong>me</strong></span> <span class='ocrx_word' id='word_1_366' title='bbox 1192 1955 1359 1998; x_wconf 83' lang='lat' dir='ltr'><strong>intelliges.</strong></span> <span class='ocrx_word' id='word_1_367' title='bbox 1403 1958 1642 1995; x_wconf 78' lang='lat' dir='ltr'><strong>Arithmeticam</strong></span> 
     </span>
     <span class='ocr_line' id='line_1_32' title="bbox 182 2009 1646 2059; baseline 0.003 -20"><span class='ocrx_word' id='word_1_368' title='bbox 182 2012 280 2040; x_wconf 80' lang='lat' dir='ltr'><strong>artem</strong></span> <span class='ocrx_word' id='word_1_369' title='bbox 293 2009 411 2042; x_wconf 85' lang='lat' dir='ltr'><strong>vocas?</strong></span> <span class='ocrx_word' id='word_1_370' title='bbox 455 2009 542 2042; x_wconf 68' lang='lat' dir='ltr'><strong>Tus.</strong></span> <span class='ocrx_word' id='word_1_371' title='bbox 566 2009 669 2043; x_wconf 86' lang='lat' dir='ltr'><strong>voco.</strong></span> <span class='ocrx_word' id='word_1_372' title='bbox 715 2009 772 2042; x_wconf 90' lang='lat' dir='ltr'><strong>So.</strong></span> <span class='ocrx_word' id='word_1_373' title='bbox 797 2009 888 2041; x_wconf 88' lang='lat' dir='ltr'><strong>Hanc</strong></span> <span class='ocrx_word' id='word_1_374' title='bbox 904 2019 1048 2051; x_wconf 88' lang='lat' dir='ltr'><strong>suppone</strong></span> <span class='ocrx_word' id='word_1_375' title='bbox 1063 2009 1261 2041; x_wconf 85' lang='lat' dir='ltr'><strong>scientiarum</strong></span> <span class='ocrx_word' id='word_1_376' title='bbox 1274 2010 1376 2042; x_wconf 88' lang='lat' dir='ltr'><strong>omnis</strong></span> <span class='ocrx_word' id='word_1_377' title='bbox 1395 2013 1477 2054; x_wconf 84' lang='lat' dir='ltr'><strong>paris</strong></span> <span class='ocrx_word' id='word_1_378' title='bbox 1496 2019 1530 2046; x_wconf 88' lang='lat' dir='ltr'><strong>et</strong></span> <span class='ocrx_word' id='word_1_379' title='bbox 1544 2016 1646 2059; x_wconf 69' lang='lat' dir='ltr'><strong>impa-</strong></span> 
     </span>
     <span class='ocr_line' id='line_1_33' title="bbox 182 2062 1645 2107; baseline 0.007 -14"><span class='ocrx_word' id='word_1_380' title='bbox 182 2062 224 2093; x_wconf 89' lang='lat' dir='ltr'><strong>ris</strong></span> <span class='ocrx_word' id='word_1_381' title='bbox 238 2063 406 2106; x_wconf 79' lang='lat' dir='ltr'><strong>aucupium</strong></span> <span class='ocrx_word' id='word_1_382' title='bbox 421 2074 502 2105; x_wconf 79' lang='lat' dir='ltr'><strong>esse.</strong></span> <span class='ocrx_word' id='word_1_383' title='bbox 545 2063 632 2095; x_wconf 74' lang='lat' dir='ltr'><strong>Tmz.</strong></span> <span class='ocrx_word' id='word_1_384' title='bbox 656 2063 822 2106; x_wconf 90' lang='lat' dir='ltr'><strong>Suppono.</strong></span> <span class='ocrx_word' id='word_1_385' title='bbox 868 2063 926 2095; x_wconf 92' lang='lat' dir='ltr'><strong>So.</strong></span> <span class='ocrx_word' id='word_1_386' title='bbox 952 2063 1023 2095; x_wconf 86' lang='lat' dir='ltr'><strong>Hac</strong></span> <span class='ocrx_word' id='word_1_387' title='bbox 1034 2067 1099 2095; x_wconf 83' lang='lat' dir='ltr'><strong>arte</strong></span> <span class='ocrx_word' id='word_1_388' title='bbox 1112 2063 1325 2095; x_wconf 83' lang='lat' dir='ltr'><strong>arithmeticus</strong></span> <span class='ocrx_word' id='word_1_389' title='bbox 1339 2064 1408 2107; x_wconf 86' lang='lat' dir='ltr'><strong>ipse</strong></span> <span class='ocrx_word' id='word_1_390' title='bbox 1424 2067 1570 2101; x_wconf 84' lang='lat' dir='ltr'><strong>scientias</strong></span> <span class='ocrx_word' id='word_1_391' title='bbox 1585 2081 1645 2103; x_wconf 90' lang='lat' dir='ltr'><strong>nu-</strong></span> 
     </span>
     <span class='ocr_line' id='line_1_34' title="bbox 185 2116 1645 2160; baseline 0.003 -13"><span class='ocrx_word' id='word_1_392' title='bbox 185 2126 336 2148; x_wconf 86' lang='lat' dir='ltr'><strong>merorum</strong></span> <span class='ocrx_word' id='word_1_393' title='bbox 351 2117 441 2159; x_wconf 78' lang='lat' dir='ltr'><strong>quasi</strong></span> <span class='ocrx_word' id='word_1_394' title='bbox 454 2118 610 2160; x_wconf 87' lang='lat' dir='ltr'><strong>mancipia</strong></span> <span class='ocrx_word' id='word_1_395' title='bbox 624 2118 769 2160; x_wconf 81' lang='lat' dir='ltr'><strong>quaedam</strong></span> <span class='ocrx_word' id='word_1_396' title='bbox 795 2116 953 2159; x_wconf 78' lang='lat' dir='ltr'><strong>subjectas</strong></span> <span class='ocrx_word' id='word_1_397' title='bbox 977 2118 1074 2149; x_wconf 86' lang='lat' dir='ltr'><strong>habet</strong></span> <span class='ocrx_word' id='word_1_398' title='bbox 1096 2122 1129 2149; x_wconf 89' lang='lat' dir='ltr'><strong>et</strong></span> <span class='ocrx_word' id='word_1_399' title='bbox 1150 2117 1218 2148; x_wconf 84' lang='lat' dir='ltr'><strong>aliis</strong></span> <span class='ocrx_word' id='word_1_400' title='bbox 1240 2119 1346 2151; x_wconf 83' lang='lat' dir='ltr'><strong>tradit.</strong></span> <span class='ocrx_word' id='word_1_401' title='bbox 1390 2119 1478 2155; x_wconf 67' lang='lat' dir='ltr'><strong>Tne.</strong></span> <span class='ocrx_word' id='word_1_402' title='bbox 1502 2123 1645 2157; x_wconf 69' lang='lat' dir='ltr'><strong>Prorsus,</strong></span> 
     </span>
     <span class='ocr_line' id='line_1_35' title="bbox 185 2170 1648 2220; baseline 0.005 -18"><span class='ocrx_word' id='word_1_403' title='bbox 185 2170 241 2202; x_wconf 80' lang='lat' dir='ltr'><strong>So.</strong></span> <span class='ocrx_word' id='word_1_404' title='bbox 264 2170 420 2214; x_wconf 89' lang='lat' dir='ltr'><strong>Eumque,</strong></span> <span class='ocrx_word' id='word_1_405' title='bbox 433 2172 486 2214; x_wconf 89' lang='lat' dir='ltr'><strong>qui</strong></span> <span class='ocrx_word' id='word_1_406' title='bbox 511 2171 617 2212; x_wconf 82' lang='lat' dir='ltr'><strong>tradit,</strong></span> <span class='ocrx_word' id='word_1_407' title='bbox 640 2172 754 2204; x_wconf 87' lang='lat' dir='ltr'><strong>docere</strong></span> <span class='ocrx_word' id='word_1_408' title='bbox 778 2172 935 2204; x_wconf 88' lang='lat' dir='ltr'><strong>dicimus:</strong></span> <span class='ocrx_word' id='word_1_409' title='bbox 959 2172 1101 2214; x_wconf 86' lang='lat' dir='ltr'><strong>quivero</strong></span> <span class='ocrx_word' id='word_1_410' title='bbox 1127 2171 1258 2214; x_wconf 85' lang='lat' dir='ltr'><strong>accipit,</strong></span> <span class='ocrx_word' id='word_1_411' title='bbox 1272 2172 1415 2204; x_wconf 87' lang='lat' dir='ltr'><strong>discere:</strong></span> <span class='ocrx_word' id='word_1_412' title='bbox 1437 2179 1471 2206; x_wconf 87' lang='lat' dir='ltr'><strong>et</strong></span> <span class='ocrx_word' id='word_1_413' title='bbox 1493 2186 1565 2208; x_wconf 81' lang='lat' dir='ltr'><strong>euin</strong></span> <span class='ocrx_word' id='word_1_414' title='bbox 1591 2178 1648 2220; x_wconf 87' lang='lat' dir='ltr'><strong>qui</strong></span> 
     </span>
     <span class='ocr_line' id='line_1_36' title="bbox 184 2223 1648 2268; baseline 0.005 -14"><span class='ocrx_word' id='word_1_415' title='bbox 184 2223 291 2262; x_wconf 74' lang='lat' dir='ltr'><strong>habet,</strong></span> <span class='ocrx_word' id='word_1_416' title='bbox 305 2235 343 2256; x_wconf 89' lang='lat' dir='ltr'><strong>ex</strong></span> <span class='ocrx_word' id='word_1_417' title='bbox 368 2226 514 2268; x_wconf 83' lang='lat' dir='ltr'><strong>eoquod</strong></span> <span class='ocrx_word' id='word_1_418' title='bbox 535 2226 568 2256; x_wconf 89' lang='lat' dir='ltr'><strong>in</strong></span> <span class='ocrx_word' id='word_1_419' title='bbox 591 2226 662 2267; x_wconf 85' lang='lat' dir='ltr'><strong>ipsa</strong></span> <span class='ocrx_word' id='word_1_420' title='bbox 685 2236 782 2258; x_wconf 87' lang='lat' dir='ltr'><strong>cavea</strong></span> <span class='ocrx_word' id='word_1_421' title='bbox 807 2225 960 2268; x_wconf 86' lang='lat' dir='ltr'><strong>possidet,</strong></span> <span class='ocrx_word' id='word_1_422' title='bbox 982 2225 1069 2258; x_wconf 89' lang='lat' dir='ltr'><strong>scire.</strong></span> <span class='ocrx_word' id='word_1_423' title='bbox 1113 2224 1203 2257; x_wconf 75' lang='lat' dir='ltr'><strong>Tne.</strong></span> <span class='ocrx_word' id='word_1_424' title='bbox 1225 2225 1378 2258; x_wconf 81' lang='lat' dir='ltr'><strong>Maxime.</strong></span> <span class='ocrx_word' id='word_1_425' title='bbox 1421 2227 1479 2260; x_wconf 90' lang='lat' dir='ltr'><strong>So.</strong></span> <span class='ocrx_word' id='word_1_426' title='bbox 1503 2229 1583 2266; x_wconf 87' lang='lat' dir='ltr'><strong>Quae</strong></span> <span class='ocrx_word' id='word_1_427' title='bbox 1599 2241 1648 2262; x_wconf 87' lang='lat' dir='ltr'><strong>se-</strong></span> 
     </span>
     <span class='ocr_line' id='line_1_37' title="bbox 185 2278 1648 2322; baseline 0.005 -14"><span class='ocrx_word' id='word_1_428' title='bbox 185 2282 335 2319; x_wconf 84' lang='lat' dir='ltr'><strong>quuntur,</strong></span> <span class='ocrx_word' id='word_1_429' title='bbox 359 2278 524 2321; x_wconf 84' lang='lat' dir='ltr'><strong>diligenter</strong></span> <span class='ocrx_word' id='word_1_430' title='bbox 549 2279 773 2313; x_wconf 80' lang='lat' dir='ltr'><strong>animadverte.</strong></span> <span class='ocrx_word' id='word_1_431' title='bbox 819 2279 884 2317; x_wconf 88' lang='lat' dir='ltr'><strong>Qui</strong></span> <span class='ocrx_word' id='word_1_432' title='bbox 909 2279 1067 2322; x_wconf 83' lang='lat' dir='ltr'><strong>perfectus</strong></span> <span class='ocrx_word' id='word_1_433' title='bbox 1091 2278 1304 2317; x_wconf 69' lang='lat' dir='ltr'><strong>arithmeticus</strong></span> <span class='ocrx_word' id='word_1_434' title='bbox 1329 2285 1390 2321; x_wconf 91' lang='lat' dir='ltr'><strong>est,</strong></span> <span class='ocrx_word' id='word_1_435' title='bbox 1405 2291 1512 2314; x_wconf 89' lang='lat' dir='ltr'><strong>nonne</strong></span> <span class='ocrx_word' id='word_1_436' title='bbox 1537 2294 1648 2316; x_wconf 90' lang='lat' dir='ltr'><strong>omnes</strong></span> 
     </span>
     <span class='ocr_line' id='line_1_38' title="bbox 186 2330 1648 2376; baseline 0.005 -14"><span class='ocrx_word' id='word_1_437' title='bbox 186 2330 246 2362; x_wconf 89' lang='lat' dir='ltr'><strong>scit</strong></span> <span class='ocrx_word' id='word_1_438' title='bbox 261 2333 427 2365; x_wconf 83' lang='lat' dir='ltr'><strong>numeros?</strong></span> <span class='ocrx_word' id='word_1_439' title='bbox 450 2333 588 2365; x_wconf 90' lang='lat' dir='ltr'><strong>omnium</strong></span> <span class='ocrx_word' id='word_1_440' title='bbox 604 2334 723 2376; x_wconf 89' lang='lat' dir='ltr'><strong>quippe</strong></span> <span class='ocrx_word' id='word_1_441' title='bbox 743 2344 941 2365; x_wconf 89' lang='lat' dir='ltr'><strong>numerorum</strong></span> <span class='ocrx_word' id='word_1_442' title='bbox 957 2332 1026 2375; x_wconf 88' lang='lat' dir='ltr'><strong>ejus</strong></span> <span class='ocrx_word' id='word_1_443' title='bbox 1041 2332 1145 2365; x_wconf 87' lang='lat' dir='ltr'><strong>animo</strong></span> <span class='ocrx_word' id='word_1_444' title='bbox 1160 2332 1300 2364; x_wconf 74' lang='lat' dir='ltr'><strong>scientiae</strong></span> <span class='ocrx_word' id='word_1_445' title='bbox 1316 2334 1434 2367; x_wconf 89' lang='lat' dir='ltr'><strong>insunt.</strong></span> <span class='ocrx_word' id='word_1_446' title='bbox 1478 2336 1566 2370; x_wconf 72' lang='lat' dir='ltr'><strong>Tun.</strong></span> <span class='ocrx_word' id='word_1_447' title='bbox 1589 2338 1648 2370; x_wconf 89' lang='lat' dir='ltr'><strong>Nil</strong></span> 
     </span>
     <span class='ocr_line' id='line_1_39' title="bbox 185 2385 1647 2434; baseline 0.005 -18"><span class='ocrx_word' id='word_1_448' title='bbox 185 2385 300 2419; x_wconf 78' lang='lat' dir='ltr'><strong>obstat.</strong></span> <span class='ocrx_word' id='word_1_449' title='bbox 341 2386 399 2418; x_wconf 84' lang='lat' dir='ltr'><strong>So.</strong></span> <span class='ocrx_word' id='word_1_450' title='bbox 419 2386 536 2419; x_wconf 90' lang='lat' dir='ltr'><strong>Nonne</strong></span> <span class='ocrx_word' id='word_1_451' title='bbox 550 2388 609 2419; x_wconf 88' lang='lat' dir='ltr'><strong>iste</strong></span> <span class='ocrx_word' id='word_1_452' title='bbox 619 2387 776 2419; x_wconf 85' lang='lat' dir='ltr'><strong>interdum</strong></span> <span class='ocrx_word' id='word_1_453' title='bbox 791 2388 842 2419; x_wconf 90' lang='lat' dir='ltr'><strong>vel</strong></span> <span class='ocrx_word' id='word_1_454' title='bbox 862 2398 967 2420; x_wconf 88' lang='lat' dir='ltr'><strong>secum</strong></span> <span class='ocrx_word' id='word_1_455' title='bbox 982 2388 1049 2429; x_wconf 87' lang='lat' dir='ltr'><strong>ipse</strong></span> <span class='ocrx_word' id='word_1_456' title='bbox 1063 2386 1187 2419; x_wconf 82' lang='lat' dir='ltr'><strong>interna</strong></span> <span class='ocrx_word' id='word_1_457' title='bbox 1198 2387 1248 2418; x_wconf 90' lang='lat' dir='ltr'><strong>vel</strong></span> <span class='ocrx_word' id='word_1_458' title='bbox 1261 2392 1389 2420; x_wconf 84' lang='lat' dir='ltr'><strong>externa</strong></span> <span class='ocrx_word' id='word_1_459' title='bbox 1403 2391 1559 2431; x_wconf 82' lang='lat' dir='ltr'><strong>quaedam,</strong></span> <span class='ocrx_word' id='word_1_460' title='bbox 1575 2394 1647 2434; x_wconf 61' lang='lat' dir='ltr'><strong>quae</strong></span> 
     </span>
     <span class='ocr_line' id='line_1_40' title="bbox 187 2440 1649 2481; baseline 0.006 -12"><span class='ocrx_word' id='word_1_461' title='bbox 187 2448 316 2470; x_wconf 80' lang='lat' dir='ltr'><strong>numero</strong></span> <span class='ocrx_word' id='word_1_462' title='bbox 339 2445 495 2478; x_wconf 85' lang='lat' dir='ltr'><strong>constant,</strong></span> <span class='ocrx_word' id='word_1_463' title='bbox 519 2441 717 2474; x_wconf 82' lang='lat' dir='ltr'><strong>dinumerat?</strong></span> <span class='ocrx_word' id='word_1_464' title='bbox 760 2441 846 2474; x_wconf 74' lang='lat' dir='ltr'><strong>Tun.</strong></span> <span class='ocrx_word' id='word_1_465' title='bbox 871 2441 1017 2478; x_wconf 88' lang='lat' dir='ltr'><strong>Quidni?</strong></span> <span class='ocrx_word' id='word_1_466' title='bbox 1061 2440 1118 2472; x_wconf 92' lang='lat' dir='ltr'><strong>So.</strong></span> <span class='ocrx_word' id='word_1_467' title='bbox 1141 2440 1312 2473; x_wconf 85' lang='lat' dir='ltr'><strong>Numerare</strong></span> <span class='ocrx_word' id='word_1_468' title='bbox 1339 2444 1649 2481; x_wconf 36' lang='lat' dir='ltr'><strong>autem-nihilaliud</strong></span> 
     </span>
     <span class='ocr_line' id='line_1_41' title="bbox 188 2494 1649 2538; baseline 0.005 -14"><span class='ocrx_word' id='word_1_469' title='bbox 188 2503 256 2524; x_wconf 87' lang='lat' dir='ltr'><strong>esse</strong></span> <span class='ocrx_word' id='word_1_470' title='bbox 278 2503 442 2535; x_wconf 82' lang='lat' dir='ltr'><strong>ponemus,</strong></span> <span class='ocrx_word' id='word_1_471' title='bbox 456 2505 551 2536; x_wconf 81' lang='lat' dir='ltr'><strong>quam</strong></span> <span class='ocrx_word' id='word_1_472' title='bbox 574 2496 770 2527; x_wconf 79' lang='lat' dir='ltr'><strong>considerare</strong></span> <span class='ocrx_word' id='word_1_473' title='bbox 793 2502 930 2538; x_wconf 85' lang='lat' dir='ltr'><strong>quantus</strong></span> <span class='ocrx_word' id='word_1_474' title='bbox 956 2495 1091 2537; x_wconf 87' lang='lat' dir='ltr'><strong>quisque</strong></span> <span class='ocrx_word' id='word_1_475' title='bbox 1111 2494 1151 2526; x_wconf 89' lang='lat' dir='ltr'><strong>sit</strong></span> <span class='ocrx_word' id='word_1_476' title='bbox 1175 2505 1333 2528; x_wconf 86' lang='lat' dir='ltr'><strong>numerus.</strong></span> <span class='ocrx_word' id='word_1_477' title='bbox 1377 2496 1463 2530; x_wconf 75' lang='lat' dir='ltr'><strong>Tun.</strong></span> <span class='ocrx_word' id='word_1_478' title='bbox 1487 2497 1544 2530; x_wconf 89' lang='lat' dir='ltr'><strong>Nil</strong></span> <span class='ocrx_word' id='word_1_479' title='bbox 1561 2499 1649 2531; x_wconf 86' lang='lat' dir='ltr'><strong>aliud</strong></span> 
     </span>
     <span class='ocr_line' id='line_1_42' title="bbox 188 2546 1652 2594; baseline 0.003 -15"><span class='ocrx_word' id='word_1_480' title='bbox 188 2552 283 2579; x_wconf 80' lang='lat' dir='ltr'><strong>certe.</strong></span> <span class='ocrx_word' id='word_1_481' title='bbox 326 2546 379 2580; x_wconf 91' lang='lat' dir='ltr'><strong>So.</strong></span> <span class='ocrx_word' id='word_1_482' title='bbox 400 2547 496 2585; x_wconf 86' lang='lat' dir='ltr'><strong>Quod</strong></span> <span class='ocrx_word' id='word_1_483' title='bbox 519 2559 592 2590; x_wconf 85' lang='lat' dir='ltr'><strong>ergo</strong></span> <span class='ocrx_word' id='word_1_484' title='bbox 619 2549 689 2587; x_wconf 83' lang='lat' dir='ltr'><strong>scit,</strong></span> <span class='ocrx_word' id='word_1_485' title='bbox 705 2548 854 2592; x_wconf 75' lang='lat' dir='ltr'><strong>tanquam</strong></span> <span class='ocrx_word' id='word_1_486' title='bbox 880 2549 1006 2581; x_wconf 85' lang='lat' dir='ltr'><strong>nescius</strong></span> <span class='ocrx_word' id='word_1_487' title='bbox 1031 2549 1227 2580; x_wconf 82' lang='lat' dir='ltr'><strong>considerare</strong></span> <span class='ocrx_word' id='word_1_488' title='bbox 1241 2549 1366 2581; x_wconf 88' lang='lat' dir='ltr'><strong>videtur</strong></span> <span class='ocrx_word' id='word_1_489' title='bbox 1391 2551 1429 2589; x_wconf 84' lang='lat' dir='ltr'><strong>is,</strong></span> <span class='ocrx_word' id='word_1_490' title='bbox 1454 2562 1548 2594; x_wconf 88' lang='lat' dir='ltr'><strong>quem</strong></span> <span class='ocrx_word' id='word_1_491' title='bbox 1572 2554 1652 2587; x_wconf 82' lang='lat' dir='ltr'><strong>scire</strong></span> 
     </span>
     <span class='ocr_line' id='line_1_43' title="bbox 191 2602 1650 2649; baseline 0.005 -18"><span class='ocrx_word' id='word_1_492' title='bbox 191 2610 313 2632; x_wconf 86' lang='lat' dir='ltr'><strong>omnem</strong></span> <span class='ocrx_word' id='word_1_493' title='bbox 328 2611 489 2632; x_wconf 86' lang='lat' dir='ltr'><strong>numerum</strong></span> <span class='ocrx_word' id='word_1_494' title='bbox 505 2602 638 2634; x_wconf 74' lang='lat' dir='ltr'><strong>confessi</strong></span> <span class='ocrx_word' id='word_1_495' title='bbox 653 2613 771 2636; x_wconf 90' lang='lat' dir='ltr'><strong>sumus.</strong></span> <span class='ocrx_word' id='word_1_496' title='bbox 817 2602 920 2635; x_wconf 88' lang='lat' dir='ltr'><strong>Audis</strong></span> <span class='ocrx_word' id='word_1_497' title='bbox 944 2602 1165 2644; x_wconf 76' lang='lat' dir='ltr'><strong>ambiguitates</strong></span> <span class='ocrx_word' id='word_1_498' title='bbox 1188 2602 1396 2645; x_wconf 85' lang='lat' dir='ltr'><strong>hujusmodi?</strong></span> <span class='ocrx_word' id='word_1_499' title='bbox 1439 2605 1527 2639; x_wconf 71' lang='lat' dir='ltr'><strong>Tun.</strong></span> <span class='ocrx_word' id='word_1_500' title='bbox 1551 2607 1650 2649; x_wconf 87' lang='lat' dir='ltr'><strong>Equi-</strong></span> 
     </span>
     <span class='ocr_line' id='line_1_44' title="bbox 190 2652 1651 2702; baseline 0.005 -17"><span class='ocrx_word' id='word_1_501' title='bbox 190 2652 273 2688; x_wconf 85' lang='lat' dir='ltr'><strong>dem.</strong></span> <span class='ocrx_word' id='word_1_502' title='bbox 317 2654 373 2687; x_wconf 78' lang='lat' dir='ltr'><strong>So-</strong></span> <span class='ocrx_word' id='word_1_503' title='bbox 397 2654 478 2687; x_wconf 87' lang='lat' dir='ltr'><strong>Cum</strong></span> <span class='ocrx_word' id='word_1_504' title='bbox 493 2655 704 2687; x_wconf 84' lang='lat' dir='ltr'><strong>columbarum</strong></span> <span class='ocrx_word' id='word_1_505' title='bbox 729 2657 918 2698; x_wconf 86' lang='lat' dir='ltr'><strong>possessioni</strong></span> <span class='ocrx_word' id='word_1_506' title='bbox 940 2661 973 2688; x_wconf 86' lang='lat' dir='ltr'><strong>et</strong></span> <span class='ocrx_word' id='word_1_507' title='bbox 991 2656 1127 2697; x_wconf 90' lang='lat' dir='ltr'><strong>aucupio</strong></span> <span class='ocrx_word' id='word_1_508' title='bbox 1154 2658 1444 2698; x_wconf 84' lang='lat' dir='ltr'><strong>comparaverimus,</strong></span> <span class='ocrx_word' id='word_1_509' title='bbox 1461 2660 1578 2702; x_wconf 84' lang='lat' dir='ltr'><strong>duplex</strong></span> <span class='ocrx_word' id='word_1_510' title='bbox 1594 2671 1651 2692; x_wconf 86' lang='lat' dir='ltr'><strong>au-</strong></span> 
     </span>
     <span class='ocr_line' id='line_1_45' title="bbox 191 2709 1652 2756; baseline 0.003 -15"><span class='ocrx_word' id='word_1_511' title='bbox 191 2709 318 2750; x_wconf 78' lang='lat' dir='ltr'><strong>cupium</strong></span> <span class='ocrx_word' id='word_1_512' title='bbox 327 2719 394 2741; x_wconf 86' lang='lat' dir='ltr'><strong>esse</strong></span> <span class='ocrx_word' id='word_1_513' title='bbox 406 2709 566 2741; x_wconf 86' lang='lat' dir='ltr'><strong>dicemus:</strong></span> <span class='ocrx_word' id='word_1_514' title='bbox 583 2720 679 2742; x_wconf 87' lang='lat' dir='ltr'><strong>unum</strong></span> <span class='ocrx_word' id='word_1_515' title='bbox 691 2715 764 2743; x_wconf 87' lang='lat' dir='ltr'><strong>ante</strong></span> <span class='ocrx_word' id='word_1_516' title='bbox 773 2710 1014 2752; x_wconf 83' lang='lat' dir='ltr'><strong>acquisitionem</strong></span> <span class='ocrx_word' id='word_1_517' title='bbox 1027 2709 1211 2752; x_wconf 86' lang='lat' dir='ltr'><strong>possidendi</strong></span> <span class='ocrx_word' id='word_1_518' title='bbox 1222 2711 1330 2752; x_wconf 84' lang='lat' dir='ltr'><strong>gratia,</strong></span> <span class='ocrx_word' id='word_1_519' title='bbox 1342 2710 1472 2744; x_wconf 84' lang='lat' dir='ltr'><strong>alterum</strong></span> <span class='ocrx_word' id='word_1_520' title='bbox 1485 2718 1652 2756; x_wconf 86' lang='lat' dir='ltr'><strong>postquam</strong></span> 
     </span>
     <span class='ocr_line' id='line_1_46' title="bbox 191 2762 1653 2809; baseline 0.003 -15"><span class='ocrx_word' id='word_1_521' title='bbox 191 2762 360 2805; x_wconf 82' lang='lat' dir='ltr'><strong>acquisivit</strong></span> <span class='ocrx_word' id='word_1_522' title='bbox 385 2763 600 2806; x_wconf 85' lang='lat' dir='ltr'><strong>posseditque,</strong></span> <span class='ocrx_word' id='word_1_523' title='bbox 625 2764 723 2805; x_wconf 82' lang='lat' dir='ltr'><strong>gratia</strong></span> <span class='ocrx_word' id='word_1_524' title='bbox 746 2764 895 2806; x_wconf 87' lang='lat' dir='ltr'><strong>capiendi</strong></span> <span class='ocrx_word' id='word_1_525' title='bbox 921 2774 1078 2806; x_wconf 87' lang='lat' dir='ltr'><strong>manuque</strong></span> <span class='ocrx_word' id='word_1_526' title='bbox 1106 2764 1237 2795; x_wconf 87' lang='lat' dir='ltr'><strong>tenendi</strong></span> <span class='ocrx_word' id='word_1_527' title='bbox 1259 2764 1316 2796; x_wconf 88' lang='lat' dir='ltr'><strong>illa</strong></span> <span class='ocrx_word' id='word_1_528' title='bbox 1330 2765 1410 2807; x_wconf 88' lang='lat' dir='ltr'><strong>ipsa,</strong></span> <span class='ocrx_word' id='word_1_529' title='bbox 1425 2777 1496 2808; x_wconf 83' lang='lat' dir='ltr'><strong>quae</strong></span> <span class='ocrx_word' id='word_1_530' title='bbox 1512 2767 1581 2809; x_wconf 89' lang='lat' dir='ltr'><strong>quis</strong></span> <span class='ocrx_word' id='word_1_531' title='bbox 1597 2768 1653 2799; x_wconf 88' lang='lat' dir='ltr'><strong>diu</strong></span> 
     </span>
     <span class='ocr_line' id='line_1_47' title="bbox 193 2815 1652 2862; baseline 0.002 -14"><span class='ocrx_word' id='word_1_532' title='bbox 193 2816 346 2858; x_wconf 81' lang='lat' dir='ltr'><strong>possedit.</strong></span> <span class='ocrx_word' id='word_1_533' title='bbox 391 2815 500 2859; x_wconf 86' lang='lat' dir='ltr'><strong>Atque</strong></span> <span class='ocrx_word' id='word_1_534' title='bbox 524 2816 571 2848; x_wconf 85' lang='lat' dir='ltr'><strong>ita</strong></span> <span class='ocrx_word' id='word_1_535' title='bbox 598 2827 728 2858; x_wconf 87' lang='lat' dir='ltr'><strong>quorum</strong></span> <span class='ocrx_word' id='word_1_536' title='bbox 746 2817 937 2860; x_wconf 84' lang='lat' dir='ltr'><strong>jampridem</strong></span> <span class='ocrx_word' id='word_1_537' title='bbox 963 2817 1102 2849; x_wconf 89' lang='lat' dir='ltr'><strong>scientiis</strong></span> <span class='ocrx_word' id='word_1_538' title='bbox 1127 2817 1279 2850; x_wconf 89' lang='lat' dir='ltr'><strong>discendo</strong></span> <span class='ocrx_word' id='word_1_539' title='bbox 1298 2819 1448 2860; x_wconf 80' lang='lat' dir='ltr'><strong>praeditus</strong></span> <span class='ocrx_word' id='word_1_540' title='bbox 1464 2825 1652 2862; x_wconf 78' lang='lat' dir='ltr'><strong>est‚-quaeve</strong></span> 
     </span>
     <span class='ocr_line' id='line_1_48' title="bbox 195 2870 1654 2915; baseline 0.003 -15"><span class='ocrx_word' id='word_1_541' title='bbox 195 2875 288 2901; x_wconf 82' lang='lat' dir='ltr'><strong>antea</strong></span> <span class='ocrx_word' id='word_1_542' title='bbox 301 2870 403 2911; x_wconf 83' lang='lat' dir='ltr'><strong>novit,</strong></span> <span class='ocrx_word' id='word_1_543' title='bbox 416 2880 454 2902; x_wconf 88' lang='lat' dir='ltr'><strong>ea</strong></span> <span class='ocrx_word' id='word_1_544' title='bbox 478 2870 589 2902; x_wconf 87' lang='lat' dir='ltr'><strong>iterum</strong></span> <span class='ocrx_word' id='word_1_545' title='bbox 614 2871 733 2903; x_wconf 83' lang='lat' dir='ltr'><strong>discere</strong></span> <span class='ocrx_word' id='word_1_546' title='bbox 757 2876 873 2913; x_wconf 85' lang='lat' dir='ltr'><strong>potest,</strong></span> <span class='ocrx_word' id='word_1_547' title='bbox 899 2870 1233 2915; x_wconf 34' lang='lat' dir='ltr'><strong>resumensvcujusque</strong></span> <span class='ocrx_word' id='word_1_548' title='bbox 1258 2872 1480 2912; x_wconf 54' lang='lat' dir='ltr'><strong>scientiamyet</strong></span> <span class='ocrx_word' id='word_1_549' title='bbox 1505 2874 1537 2904; x_wconf 87' lang='lat' dir='ltr'><strong>in</strong></span> <span class='ocrx_word' id='word_1_550' title='bbox 1552 2873 1654 2905; x_wconf 86' lang='lat' dir='ltr'><strong>lucem</strong></span> 
     </span>
     <span class='ocr_line' id='line_1_49' title="bbox 195 2923 1655 2969; baseline 0.003 -16"><span class='ocrx_word' id='word_1_551' title='bbox 195 2932 305 2954; x_wconf 85' lang='lat' dir='ltr'><strong>eruens</strong></span> <span class='ocrx_word' id='word_1_552' title='bbox 320 2933 390 2965; x_wconf 83' lang='lat' dir='ltr'><strong>quae</strong></span> <span class='ocrx_word' id='word_1_553' title='bbox 405 2924 556 2957; x_wconf 86' lang='lat' dir='ltr'><strong>latebant.</strong></span> <span class='ocrx_word' id='word_1_554' title='bbox 600 2923 692 2956; x_wconf 68' lang='lat' dir='ltr'><strong>Tne.</strong></span> <span class='ocrx_word' id='word_1_555' title='bbox 709 2924 793 2957; x_wconf 81' lang='lat' dir='ltr'><strong>Vera</strong></span> <span class='ocrx_word' id='word_1_556' title='bbox 816 2935 932 2959; x_wconf 85' lang='lat' dir='ltr'><strong>narras.</strong></span> <span class='ocrx_word' id='word_1_557' title='bbox 976 2925 1033 2958; x_wconf 86' lang='lat' dir='ltr'><strong>So.</strong></span> <span class='ocrx_word' id='word_1_558' title='bbox 1057 2925 1344 2969; x_wconf 64' lang='lat' dir='ltr'><strong>Propter-espaulo</strong></span> <span class='ocrx_word' id='word_1_559' title='bbox 1368 2931 1441 2959; x_wconf 84' lang='lat' dir='ltr'><strong>ante</strong></span> <span class='ocrx_word' id='word_1_560' title='bbox 1467 2927 1655 2969; x_wconf 81' lang='lat' dir='ltr'><strong>quaerebarn,</strong></span> 
     </span>
     <span class='ocr_line' id='line_1_50' title="bbox 195 2977 1658 3024; baseline 0.003 -18"><span class='ocrx_word' id='word_1_561' title='bbox 195 2977 354 3018; x_wconf 85' lang='lat' dir='ltr'><strong>quomodo</strong></span> <span class='ocrx_word' id='word_1_562' title='bbox 369 2978 546 3011; x_wconf 73' lang='lat' dir='ltr'><strong>nominibus</strong></span> <span class='ocrx_word' id='word_1_563' title='bbox 560 2983 608 3012; x_wconf 81' lang='lat' dir='ltr'><strong>est</strong></span> <span class='ocrx_word' id='word_1_564' title='bbox 622 2979 922 3024; x_wconf 34' lang='lat' dir='ltr'><strong>utendumLcumgde</strong></span> <span class='ocrx_word' id='word_1_565' title='bbox 933 2979 968 3012; x_wconf 87' lang='lat' dir='ltr'><strong>iis</strong></span> <span class='ocrx_word' id='word_1_566' title='bbox 984 2979 1139 3022; x_wconf 87' lang='lat' dir='ltr'><strong>loquimur</strong></span> <span class='ocrx_word' id='word_1_567' title='bbox 1152 2991 1160 3014; x_wconf 85' lang='lat'>:</span> <span class='ocrx_word' id='word_1_568' title='bbox 1178 2985 1290 3022; x_wconf 86' lang='lat' dir='ltr'><strong>utputa</strong></span> <span class='ocrx_word' id='word_1_569' title='bbox 1302 2981 1429 3023; x_wconf 84' lang='lat' dir='ltr'><strong>quando</strong></span> <span class='ocrx_word' id='word_1_570' title='bbox 1445 2979 1658 3012; x_wconf 84' lang='lat' dir='ltr'><strong>arithmeticus</strong></span> 
     </span>
    </p>
   </div>
  </div>
 </body>
</html>
