1846 3268
226 239 306 278 442
847 235 1113 278 PLATONIS
1617 240 1687 293 [82

226 347 347 374 naturae
359 351 516 385 corporeas
533 340 718 379 comitante,
733 346 836 372 rursus
851 340 985 372 induant
999 351 1123 383 corpus.
1146 339 1282 372 induunt
1304 338 1420 378 autem,
1434 344 1470 372 ut
1493 340 1608 372 decens
1631 346 1692 380 est,

230 396 386 438 ejusmodi
402 407 514 434 mores,
529 396 639 439 quales
653 395 688 427 in
704 395 770 426 vita
782 399 999 426 exercuerunt.
1043 394 1106 426 Cu.
1130 393 1247 432 Quales
1262 394 1341 426 dicis
1357 404 1468 432 mores,
1484 405 1503 425 o
1526 394 1691 426 Socrates?

227 449 286 482 So.
309 447 476 491 Ejusmodi
489 460 544 481 eos
558 449 697 491 quidem,
712 448 767 490 qui
783 448 883 480 ventri
897 447 997 479 dediti
1012 458 1067 489 per
1076 446 1216 479 inertiam
1232 452 1326 490 atque
1338 447 1495 479 lasciviam
1508 447 1603 479 vitam
1618 458 1692 489 ege-

226 507 313 543 runt,
338 513 442 545 neque
461 502 631 545 quicquam
656 501 748 544 pensi
774 500 967 543 pudorisque
991 501 1178 538 habuerunt,
1194 501 1309 533 decens
1323 506 1382 539 est,
1398 501 1502 533 asinos
1517 501 1691 543 similiaque

227 554 342 587 subire.
363 565 404 587 an
418 564 483 587 non
497 560 589 598 putas
605 555 617 587 ?
662 555 725 588 Cn.
749 554 970 587 Consentanea
987 553 1133 595 loqueris.
1179 552 1236 586 so.
1251 553 1323 599 ,Qui
1338 564 1410 586 vero
1425 554 1568 597 injurias,
1582 559 1690 598 tyran-

226 608 331 646 nides,
345 608 470 651 rapinas
484 619 548 651 prae
563 608 675 646 ceteris
690 608 789 641 secuti
800 613 886 646 sunt,
896 608 930 640 in
945 608 1101 650 luporum,
1117 607 1311 649 accipitrum,
1331 607 1495 640 milvorum
1509 619 1623 650 genera
1638 617 1693 650 par

228 666 278 694 est
293 663 490 704 pertransire.
512 673 587 694 num
611 661 688 704 [82]
711 661 774 694 alio
799 663 856 694 has
880 661 1010 703 migrare
1034 661 1205 693 dicendum
1220 661 1291 694 est?
1335 661 1396 694 Cis.
1418 662 1470 694 Ita
1485 662 1692 705 potissimum.

227 715 284 749 So.
308 715 456 748 Similiter
479 721 512 749 et
535 717 567 749 in
591 716 724 749 ceteris:
749 716 867 748 abeunt
889 715 971 747 enirn
997 715 1032 747 in
1057 725 1095 747 ea
1120 725 1233 757 genera
1256 715 1416 757 quaelibet,
1441 715 1555 758 quibus
1580 715 1613 746 in
1628 715 1695 747 vita

228 779 331 801 mores
346 769 461 802 similes
477 775 708 803 contraxerunt.
753 770 815 803 Cn.
837 769 1044 801 Manifestum
1071 769 1104 800 id
1128 769 1267 811 quidem.
1311 769 1368 802 So.
1391 769 1508 802 Nonne
1523 770 1631 801 horum
1646 769 1693 801 fe-

226 822 367 855 licissimi
382 830 455 856 sunt
470 829 503 857 et
517 825 550 856 ln
565 825 720 867 optimum
735 824 974 867 proficiscuntur
989 824 1105 862 locum,
1121 823 1301 866 quicunque
1313 823 1496 866 popularem
1506 823 1692 866 civilemque

227 875 383 914 virtutem,
399 888 494 920 quam
509 879 746 920 temperantiam
760 883 794 910 et
802 877 960 920 justitiam
976 877 1153 915 nominant,
1164 888 1341 916 exercuere,
1355 878 1473 920 absque
1495 878 1695 920 philosophia

226 930 355 972 qpidem
384 936 480 974 atque
510 937 626 968 mente,
652 933 708 964 sed
737 943 775 964 ex
805 932 1036 964 consuetudine
1065 932 1354 974 exercitationeque
1384 931 1588 974 acquisitam?
1632 931 1697 966 Cn.

229 984 378 1022 Quonam
394 990 488 1027 pacto
504 986 536 1017 hi
559 985 732 1018 felicissimi
755 987 852 1017 sunt?
897 986 954 1019 So.
978 986 1137 1024 Quoniam
1161 986 1278 1017 decens
1302 991 1362 1022 est,
1377 984 1435 1016 hos
1458 985 1492 1016 in
1517 984 1578 1017 tale
1593 985 1695 1027 quod.-

227 1038 302 1070 dam
333 1049 432 1081 genus
463 1039 574 1071 iterum
607 1039 702 1072 civile
732 1039 874 1082 miteque
908 1039 1091 1081 demigrare,
1114 1039 1251 1081 quodam
1275 1038 1369 1070 modo
1391 1048 1487 1080 apum
1506 1043 1562 1070 aut
1575 1048 1694 1081 ,vespa-

227 1102 295 1124 rum
313 1092 367 1124 arel
390 1092 586 1125 formicarum
599 1104 609 1133 3
641 1098 737 1135 atque
768 1093 892 1125 deinde
925 1093 959 1124 in
980 1093 1066 1125 idem
1089 1103 1191 1124 rursus
1223 1103 1322 1135 genus
1355 1093 1536 1130 humanum,
1572 1092 1696 1124 modes-

228 1150 342 1189 tosque
363 1157 403 1179 ex
439 1146 501 1178 illis
525 1146 667 1179 homines
700 1146 780 1179 fieri.
836 1145 898 1179 Cn.
930 1146 982 1178 Ita
1017 1147 1122 1178 decet.
1175 1145 1231 1179 So.
1269 1145 1310 1176 In
1346 1145 1475 1177 deorum
1498 1155 1570 1177 vero
1597 1155 1696 1187 genus

227 1199 308 1232 nulli
333 1200 381 1232 fas
405 1205 454 1232 est
479 1201 641 1243 pervenire
669 1205 781 1243 praeter
804 1211 873 1238 eos,
887 1200 944 1242 qui
970 1199 1114 1232 discendi
1138 1198 1313 1243 cupiditate
1335 1198 1501 1241 flagrantes
1527 1203 1560 1231 ct
1591 1199 1694 1242 philo·
1733 1238 1739 1245 .

227 1254 352 1297 sophati
375 1258 449 1286 sunt
462 1259 496 1286 et
520 1255 592 1297 puri
617 1254 744 1298 penitus
771 1255 985 1288 decesserunt.
1029 1254 1150 1286 Horum
1173 1253 1302 1296 quidem
1316 1253 1425 1295 gratia,
1439 1263 1470 1296 ¹o
1494 1252 1592 1285 amice
1615 1252 1698 1284 Sim·

226 1307 290 1339 mia
303 1312 399 1351 atque
413 1308 527 1346 Cebes,
544 1309 599 1351 qul
614 1314 698 1341 recte
710 1308 986 1351 philosophantur,
999 1309 1039 1340 ab
1063 1308 1206 1340 omnibus
1227 1307 1365 1350 corporis
1386 1307 1614 1350 cupiditatibus
1641 1308 1696 1339 ab·

225 1361 366 1402 stinent;
389 1367 484 1404 atque
499 1362 543 1394 ita
558 1367 769 1405 perseverant,
785 1373 845 1394 nec
859 1372 893 1394 sc
919 1362 983 1394 illis
1007 1372 1144 1404 unquam
1164 1362 1312 1394 tradunt:
1335 1371 1439 1404 neque
1452 1360 1579 1393 familia
1590 1360 1695 1403 jactu-

224 1425 290 1447 ram
302 1420 582 1458 paupertatemque
603 1416 786 1458 formidant,
801 1416 1067 1458 quemadmodum
1091 1415 1182 1448 multi
1208 1415 1410 1458 pecuniarum
1435 1413 1567 1457 cupidi:
1590 1407 1694 1457 neque

224 1478 328 1501 rursus
343 1474 559 1512 contemptum
585 1475 682 1512 atque
704 1470 922 1512 ignominiam,
935 1470 1199 1513 quemadmodum
1224 1469 1280 1512 qui
1295 1469 1491 1511 magistratus
1505 1467 1648 1500 ambiunt
1661 1474 1696 1500 et

225 1523 373 1561 honores,
402 1523 518 1555 deinde
538 1524 579 1555 ab
606 1524 655 1556 his
684 1523 855 1556 abstinent.
901 1523 962 1557 Cr..
985 1524 1100 1566 Neque
1125 1524 1209 1556 enim
1236 1524 1373 1561 deceret,
1390 1533 1409 1554 o
1435 1522 1589 1554 Socrates.
1631 1522 1688 1554 So.

224 1574 314 1614 Non,
331 1587 386 1619 per
399 1576 525 1610 Jovem.
569 1578 843 1616 Quamobremlhi,
857 1578 913 1621 qui
926 1578 1063 1615 animum
1074 1588 1164 1609 suum
1175 1576 1286 1610 colunt
1294 1587 1396 1619 neque
1407 1576 1529 1619 corpori
1543 1576 1692 1619 fingendo

224 1630 349 1668 vivunt,
363 1631 473 1673 spretis
501 1632 549 1663 his
573 1632 731 1671 omnibus,
748 1633 990 1675 haudquaquam
1014 1642 1052 1664 ea
1075 1633 1258 1674 gradiuntur
1273 1631 1336 1669 via,
1352 1641 1415 1674 qua
1440 1630 1611 1673 superiores
1635 1629 1696 1667 ini.

225 1694 308 1726 quos
332 1685 545 1726 narravimus;
566 1686 641 1728 quia
655 1686 816 1725 videlicet,
842 1698 905 1729 quo
933 1686 1180 1729 proficiscantur,
1201 1686 1357 1728 ignorent.
1401 1684 1469 1727 Ipsi
1483 1695 1568 1723 vero,
1589 1683 1696 1716 existi-

225 1742 348 1770 mantes
362 1739 573 1782 philosophiae
588 1739 721 1783 ejusque
736 1741 886 1773 solutioni
910 1741 1148 1783 repugnandum
1173 1751 1237 1771 non
1261 1750 1342 1777 esse,
1357 1740 1437 1771 hanc
1462 1749 1500 1770 ea
1523 1742 1696 1780 sequuntur

224 1792 286 1830 via,
302 1802 365 1835 qua
379 1803 434 1825 eos
448 1794 517 1836 ipsa
531 1794 633 1828 ducit.
678 1795 741 1828 Cn.
765 1795 912 1833 Quonam
928 1800 1037 1838 pacto,
1052 1805 1072 1826 ο
1099 1795 1242 1827 Socrates
1257 1794 1270 1825 ἓ
1314 1794 1372 1825 So.
1394 1792 1508 1825 Dicam
1534 1791 1694 1834 equidem.

223 1845 430 1889 cognoscunt
453 1847 595 1890 profecto
611 1847 666 1880 viri
691 1848 832 1880 scientias
859 1849 981 1891 cupidi,
996 1849 1262 1890 quemadmodum
1287 1858 1394 1879 eorum
1409 1847 1543 1878 animam
1557 1846 1689 1888 suscipit

221 1909 330 1934 revera
341 1901 469 1943 ligatam
485 1901 517 1933 in
533 1913 665 1945 corpore
680 1907 776 1944 atque
791 1902 988 1945 implicitam,
1004 1913 1041 1935 ac
1058 1914 1112 1944 per
1127 1902 1228 1945 ipsum
1243 1902 1333 1944 quasi
1349 1912 1403 1944 per
1416 1911 1568 1934 carcerem
1583 1910 1687 1942 quen-

223 1954 298 1985 dam
314 1965 362 1986 res
375 1955 573 1987 considerare
589 1961 729 1989 coactam
742 1967 752 1996 3
774 1967 909 1999 cumque
925 1967 980 1999 per
995 1957 1128 1999 seipsam
1145 1957 1176 1988 id
1193 1967 1256 1987 non
1280 1956 1387 1997 faciat,
1406 1955 1491 1986 omni
1507 1965 1628 1997 prorsus
1642 1953 1694 1985 in·

224 2007 314 2039 scitia
329 2008 503 2041 involutam
518 2020 527 2042 :
553 2009 767 2052 (cognoscunt
783 2010 963 2054 praeterea‚)
985 2011 1251 2053 quemadmodum
1273 2009 1473 2052 philosophia
1487 2008 1694 2051 perspiciens,

223 2071 320 2104 quam
334 2062 447 2095 callide
462 2073 645 2106 corporeum
661 2064 820 2097 vinculum
846 2064 1019 2106 adstringat
1045 2065 1179 2097 animam
1192 2075 1202 2103 3
1223 2064 1343 2106 quippe
1366 2074 1436 2095 cum
1453 2073 1509 2105 per
1522 2062 1623 2104 ipsam
1637 2062 1693 2094 fiat

224 2117 525 2160 concupiscentiam,
539 2129 595 2160 per
609 2129 703 2161 quam
728 2119 804 2162 [83]
828 2119 993 2152 devinctus
1008 2119 1130 2150 animus
1146 2118 1272 2160 adjutor
1285 2118 1326 2150 sit
1340 2118 1379 2149 ad
1396 2117 1531 2159 seipsum
1550 2116 1692 2148 devinci-

224 2171 341 2203 endum
356 2183 364 2203 e
389 2178 596 2214 cognoscunt,
612 2173 751 2215 inquam,
769 2173 826 2205 viri
848 2174 991 2206 scientlae
1009 2173 1131 2216 cupidi,
1147 2173 1409 2216 quemadmodum
1426 2170 1624 2214 philosophia
1638 2181 1693 2202 eo-

223 2235 290 2256 rum
314 2225 449 2257 animam
471 2226 518 2257 ita
539 2227 741 2259 constitutam
766 2227 952 2270 suscipiens,
969 2227 1120 2269 paulatim
1145 2227 1273 2258 instruit
1295 2225 1476 2268 solvereque
1500 2224 1691 2266 aggreditur,

222 2279 392 2310 ostendens
404 2290 498 2321 quam
513 2280 607 2312 fallax
622 2281 795 2320 oculorum,
808 2292 902 2324 quam
918 2282 1011 2313 fallax
1027 2281 1146 2313 aurium
1162 2286 1397 2322 ceterorumque
1413 2289 1558 2311 sensuum
1584 2278 1626 2310 sit
1635 2278 1690 2320 ju-

223 2331 356 2374 dicium,
367 2334 502 2366 suadens
516 2335 555 2365 ab
570 2335 617 2366 his
631 2335 806 2373 discedere,
820 2341 977 2378 quatenus
991 2336 1106 2367 haerere
1119 2334 1181 2366 illis
1197 2344 1316 2366 summa
1326 2344 1390 2364 non
1403 2338 1497 2375 cogat
1510 2332 1694 2370 necessitas,

222 2395 318 2427 seque
332 2386 367 2418 in
379 2398 412 2419 se
428 2387 525 2429 ipsam
539 2399 682 2421 revocare
697 2394 792 2431 atque
806 2390 968 2431 colligere,
982 2399 1042 2421 nec
1070 2389 1127 2420 ulli
1153 2389 1290 2426 credere,
1306 2392 1509 2430 praeterquam
1525 2387 1597 2424 sibi,
1612 2396 1690 2429 qua-

225 2444 315 2471 tenus
329 2440 478 2473 videlicet
493 2442 560 2484 ipsa
576 2453 631 2484 per
645 2444 778 2485 seipsam
794 2444 952 2486 intelligat
965 2443 1131 2486 quodlibet
1151 2453 1270 2480 eorum,
1286 2452 1357 2484 quae
1380 2446 1464 2479 sunt,
1480 2441 1615 2472 existens
1631 2450 1687 2482 per

222 2493 361 2535 seipsum
375 2506 382 2525 ε
408 2496 493 2537 quod
508 2506 580 2527 vero
596 2496 663 2539 ipsa
680 2507 734 2538 per
747 2497 810 2528 alia
823 2497 1010 2536 consideret,
1023 2497 1160 2528 existens
1173 2495 1207 2527 in
1225 2495 1293 2526 aliis
1309 2494 1407 2532 aliud,
1423 2494 1501 2525 nihil
1516 2494 1691 2526 existimare

224 2557 329 2578 verum
344 2557 353 2580 ι
377 2548 460 2590 (esse
476 2560 549 2581 vero
565 2549 723 2592 ejusmodi
735 2551 864 2593 quidem
878 2550 1023 2583 sensibile
1037 2555 1131 2592 atque
1148 2549 1270 2581 visibile
1285 2548 1312 2590 z)
1335 2549 1421 2590 quod
1435 2554 1539 2580 autem
1554 2548 1622 2590 ipsa
1635 2559 1690 2591 per

225 2610 260 2631 se
279 2601 467 2640 consideret,
494 2603 692 2646 intelligibile
718 2610 814 2647 atque
838 2605 1005 2638 invisibile.
1049 2604 1135 2637 Huic
1161 2615 1234 2646 ergo
1260 2603 1409 2634 solutioni
1424 2603 1488 2635 veri
1513 2603 1692 2646 philosophi

222 2653 345 2686 animus
358 2657 597 2698 repugnandum
612 2669 675 2690 non
690 2669 758 2690 esse
769 2657 929 2700 judicans,
945 2659 989 2691 sic
1000 2668 1019 2690 a
1029 2658 1255 2701 voluptatibus,
1267 2655 1510 2699 cupiditatibus,
1518 2656 1692 2704 doloribus,

223 2707 397 2747 timoribus,
420 2720 478 2752 pro
501 2710 616 2743 viribus
643 2712 800 2744 abstinet:
821 2712 982 2754 judicans,
998 2713 1126 2755 quando
1152 2711 1222 2754 quis
1238 2711 1438 2742 vehementer
1451 2710 1626 2743 delectetur
1640 2711 1691 2743 vei

223 2767 343 2795 metuat
357 2764 406 2795 vel
421 2763 528 2796 doleat
542 2756 597 2797 'aut
611 2767 730 2808 cupiat,
744 2767 828 2799 haud
845 2772 965 2799 tantum
991 2768 1030 2799 ab
1055 2767 1104 2799 his
1133 2767 1286 2798 duntaxat
1308 2765 1373 2807 pati
1397 2764 1524 2800 malum,
1537 2769 1688 2806 quantum

225 2816 296 2858 quis
305 2817 408 2849 forsan
423 2817 616 2857 existimarit,
631 2821 781 2853 videlicet
795 2821 822 2853 si
838 2826 965 2863 propter
980 2820 1254 2862 concupiscentias
1261 2819 1314 2850 vel
1331 2823 1460 2860 aegrotet
1474 2818 1627 2861 quispiam
1640 2817 1689 2849 vel

224 2870 378 2912 pecunias
391 2873 636 2915 consumpserit:
663 2874 717 2905 scd
733 2875 819 2916 quod
837 2875 987 2906 malorum
1001 2875 1140 2906 omnium
1158 2874 1336 2914 niaximum,
1351 2877 1533 2912 extremum,
1550 2871 1689 2913 turpissi-

220 2933 305 2954 mum
318 2929 378 2964 cst,
392 2927 526 2968 perpeti,
540 2937 642 2969 neque
658 2933 762 2960 tamen
777 2929 855 2960 illud
871 2929 1128 2961 animadvertere.
1174 2928 1235 2960 Cn.
1259 2927 1419 2965 Quidnam
1435 2926 1495 2958 hoc
1511 2925 1580 2957 cst?
1626 2926 1684 2957 So.

223 2977 319 3014 Quod
335 2978 482 3014 videlicet
496 2982 596 3014 omnis
612 2982 714 3016 anima
740 2984 875 3017 hominis
891 2984 1012 3027 cogitur
1036 2983 1186 3017 delectari
1204 2982 1252 3015 vel
1274 2979 1378 3014 dolere
1400 2980 1482 3013 circa
1497 2979 1615 3022 aliquid
1632 2986 1700 3011 νὺ·
