1846 3268
685 779 1292 831 THEAETETUS.

301 1046 537 1089 EUCLIDES‚
559 1043 801 1082 TERPSION‚
824 1041 1062 1082 SOCRATES,
1085 1043 1376 1089 THEODORUS,
1399 1045 1690 1080 THEAETETUS.

261 1250 360 1293 [142]
385 1249 527 1292 Numa,
550 1261 569 1281 o
592 1247 758 1290 Terpsion,
779 1256 818 1278 an
837 1247 957 1289 pridem
975 1257 1042 1279 rure
1059 1247 1195 1279 venisti?
1239 1247 1326 1280 Ten.
1350 1249 1421 1280 Jam
1447 1251 1580 1293 pridem.
1596 1261 1634 1284 ac
1651 1256 1682 1284 te
1697 1252 1731 1283 in

259 1303 328 1334 foro
343 1303 485 1345 quaesivi,
500 1308 533 1335 et
557 1303 684 1334 miratus
709 1311 788 1339 sum,
803 1301 888 1343 quod
913 1306 943 1332 te
970 1301 1101 1342 reperire
1127 1312 1325 1344 nequaquam
1353 1305 1518 1343 potuerim-
1565 1305 1630 1338 Eu.
1653 1305 1731 1337 Non

260 1366 343 1388 eram
359 1357 390 1387 in
406 1358 494 1388 urbe.
539 1357 626 1388 TER.
649 1355 695 1388 At
710 1355 786 1386 ubi?
831 1355 896 1385 Eu.
921 1354 1003 1387 Cum
1025 1355 1058 1385 in
1080 1361 1204 1396 portum
1221 1356 1465 1395 descendissem,
1481 1358 1730 1391 offendiTheae-

259 1414 372 1446 tetum,
398 1410 451 1452 qui
471 1410 626 1443 Corintho
658 1420 677 1440 e
699 1408 806 1440 castris
832 1407 976 1439 Athenas
999 1408 1167 1439 ferebatur.
1224 1408 1310 1439 Tm.
1333 1408 1476 1442 Vivusne
1500 1421 1540 1442 an
1566 1413 1731 1444 mortuus?

258 1462 324 1495 Eu.
347 1463 543 1495 Semivivus:
567 1461 749 1493 vulneribus
775 1461 860 1491 enin»
877 1462 1065 1501 quibusdam
1083 1461 1217 1492 afflictus
1230 1467 1288 1498 est,
1305 1467 1337 1492 et
1352 1464 1437 1503 quod
1455 1465 1606 1503 deterius,
1621 1466 1730 1498 morbo
1763 1470 1767 1472 ’

257 1517 354 1548 etiarn
365 1516 514 1547 diuturno
530 1515 563 1545 in
589 1515 697 1546 castris
719 1518 766 1544 est
789 1513 966 1546 confectus.
1011 1513 1099 1545 TER.
1123 1514 1209 1545 Num
1225 1515 1430 1556 dysenteria?
1474 1518 1539 1549 Eu.
1563 1519 1634 1551 Hac
1649 1519 1731 1562 ipsa.

259 1570 348 1601 TEa.
370 1569 400 1600 O
419 1569 543 1611 qualem
561 1568 659 1600 virum
682 1568 776 1599 refers
803 1567 836 1597 in
859 1567 1037 1598 discrimine
1062 1567 1219 1608 positum!
1267 1568 1332 1600 Eu.
1354 1569 1542 1602 Praeclarum
1557 1573 1728 1604 admodum

259 1629 355 1665 atque
371 1624 538 1665 optimum,
555 1633 574 1653 o
587 1621 739 1663 Terpsion
755 1633 762 1651 :
786 1631 859 1652 nam
885 1621 983 1662 paulo
999 1625 1073 1652 ante
1087 1621 1257 1653 nonnullos
1273 1623 1391 1661 audivi,
1405 1623 1460 1665 qui
1481 1635 1552 1656 eum
1568 1626 1652 1657 circa
1665 1637 1729 1658 rem

258 1678 423 1708 militarem
443 1677 527 1708 miris
552 1676 700 1707 laudibus
722 1674 928 1707 extollebant.
974 1674 1044 1706 Nec
1065 1675 1175 1706 mirum
1203 1675 1235 1706 id
1252 1676 1351 1707 videri
1367 1677 1490 1709 debet:
1514 1678 1610 1710 immo
1636 1679 1730 1722 longe

259 1731 360 1774 magis
376 1731 550 1762 mirandum
566 1735 659 1766 esset,
679 1729 704 1760 si
731 1733 839 1760 contra
862 1739 893 1760 se
917 1729 1056 1760 haberet.
1101 1729 1190 1761 Tan.
1214 1730 1278 1761 Cur
1303 1740 1368 1761 non
1395 1730 1523 1763 divertit
1535 1732 1728 1774 Megaram?

259 1784 324 1817 Eu.
349 1784 544 1827 Properabat
566 1784 708 1815 domum.
729 1794 790 1825 ego
815 1783 899 1814 enim
920 1789 952 1815 et
977 1783 1121 1815 consului
1143 1789 1176 1814 et
1201 1784 1380 1815 obsecravi:
1404 1784 1458 1816 ille
1481 1785 1594 1819 noluit.
1640 1786 1729 1824 Quin

258 1839 354 1871 etiam
369 1839 537 1870 comitatus
551 1838 666 1880 ipsum,
684 1847 755 1868 cum
771 1837 810 1868 ab
833 1847 871 1868 eo
897 1837 1102 1875 discederem,
1118 1838 1299 1869 recordatus
1313 1848 1380 1869 sum
1396 1838 1546 1881 Socratis,
1557 1845 1656 1883 atque
1670 1841 1729 1872 ad-

257 1893 400 1928 miratus,
415 1901 508 1934 quam
523 1891 632 1927 divine
647 1895 680 1921 et
693 1900 777 1931 saepe
793 1890 869 1920 alias
884 1895 915 1920 et
927 1891 968 1922 de
983 1892 1043 1922 hoc
1060 1891 1192 1922 maxime
1202 1890 1390 1923 vaticinatus
1404 1892 1512 1925 fuerit.
1554 1893 1639 1925 Nam
1648 1903 1731 1936 pau-

257 1947 304 1979 cis
318 1946 430 1978 diebus
454 1950 527 1976 ante
553 1955 648 1986 quarn
670 1954 688 1975 e
705 1944 770 1975 vita
789 1944 968 1981 decederet,
986 1945 1111 1975 obviam
1126 1945 1229 1976 factus
1242 1945 1406 1977 Theaeteto
1420 1947 1527 1978 adhuc
1542 1946 1728 1979 adolescen-

256 2000 336 2040 tulo,
350 2010 421 2031 cum
446 2009 485 2030 eo
509 1998 666 2040 disseruit,
693 1996 826 2039 ejusque
846 1997 988 2028 indolem
1017 2003 1049 2029 et
1075 1998 1221 2039 probavit
1243 2003 1276 2029 et
1299 1999 1469 2031 admiratus
1493 2005 1552 2032 est.
1597 2000 1728 2033 Deinde

259 2053 337 2085 mihi
352 2052 494 2084 Athenas
509 2051 651 2094 profecto
667 2051 802 2082 rationes
819 2051 1043 2092 disputationis
1058 2051 1154 2089 illius,
1170 2052 1281 2083 auditu
1302 2053 1435 2084 maxime
1449 2053 1573 2095 dignas,
1589 2054 1727 2097 singulas

258 2106 424 2146 enarravit,
439 2111 534 2148 atque
549 2106 674 2148 insuper
700 2104 825 2136 addidit
848 2109 1047 2146 praestantem
1064 2105 1192 2136 omnino
1209 2105 1307 2138 virum
1332 2106 1484 2145 futurum,
1500 2108 1527 2138 si
1542 2107 1728 2140 adoleverit.

259 2162 311 2194 Ac
326 2171 397 2192 vera
423 2159 552 2191 nimium
581 2158 761 2201 praedixisse
776 2159 911 2190 videtur.
957 2159 1045 2192 Ten.
1069 2159 1184 2191 Certe:
1210 2160 1265 2191 sed
1290 2159 1419 2203 quinam
1444 2163 1625 2193 sermones?
1648 2173 1725 2195 num

257 2215 370 2247 referre
395 2214 512 2256 potes?
557 2213 621 2247 Eu.
645 2212 720 2244 Non
745 2212 860 2254 verbis,
883 2224 940 2255 per
963 2213 1088 2251 Jovem,
1116 2214 1170 2245 sed
1196 2213 1303 2246 literis.
1327 2214 1444 2245 etenim
1468 2215 1565 2258 [143]
1589 2225 1727 2248 reversus

244 2270 385 2307 ,domum
402 2268 506 2299 statim
521 2266 753 2299 commentariis
780 2277 834 2298 eos
860 2266 1027 2308 perstrinxi
1040 2278 1049 2300 :
1073 2267 1190 2298 deinde
1205 2277 1262 2309 per
1276 2267 1374 2298 otium
1389 2267 1618 2300 reminiscendo
1633 2268 1726 2301 latius

259 2322 391 2364 scripsi:
417 2327 449 2353 et
464 2321 610 2363 quotiens
634 2320 776 2352 Athenas
799 2321 1022 2362 proficiscerer,
1039 2320 1065 2352 si
1088 2321 1165 2362 quid
1185 2321 1365 2359 excidisset,
1380 2321 1541 2353 Socratem
1555 2322 1726 2364 interroga-

256 2378 343 2414 bam,
359 2381 453 2417 atque
467 2376 529 2407 huc
543 2375 667 2406 rediens
683 2375 902 2407 emendabam.
926 2385 991 2416 quo
1016 2375 1133 2406 factum
1156 2380 1216 2412 est,
1232 2380 1267 2405 ut
1288 2375 1432 2406 universa
1448 2385 1538 2417 paene
1553 2375 1726 2418 disputatio

255 2430 314 2462 illa
329 2429 509 2470 conscripta
529 2429 582 2461 sit.
625 2428 711 2461 Tan.
736 2428 821 2460 Vera
845 2427 992 2471 loqueris.
1014 2429 1122 2460 audivi
1148 2428 1231 2460 enim
1258 2429 1324 2460 haec
1346 2438 1366 2459 a
1391 2433 1422 2460 te
1444 2428 1587 2471 pridem:
1612 2434 1645 2460 et
1667 2429 1727 2461 iata

256 2495 350 2516 nosse
366 2483 508 2525 cupiens,
525 2488 556 2514 te
571 2483 758 2525 quaesiturus
773 2483 835 2514 huc
847 2493 931 2524 saepe
945 2482 1074 2514 accessi.
1119 2483 1205 2520 Quid
1221 2493 1296 2524 ergo
1312 2493 1397 2514 nunc
1412 2483 1529 2520 obstat,
1543 2492 1607 2525 quo
1621 2483 1725 2514 minus

254 2537 492 2581 percurramus?
539 2535 706 2568 Enimvero
722 2537 829 2579 quiete
844 2536 920 2568 mihi
935 2547 1015 2579 opus
1030 2541 1078 2568 est
1092 2548 1099 2567 z
1123 2547 1195 2567 nam
1211 2547 1249 2568 ex
1261 2547 1335 2578 agro
1351 2536 1481 2568 veniens
1490 2536 1631 2568 defessus
1643 2546 1726 2568 sum.

252 2591 319 2623 Eu.
343 2590 412 2632 Ego
437 2600 563 2631 quoque
585 2589 723 2622 crineum
749 2601 850 2633 usque
869 2590 1065 2621 Theaetetum
1080 2590 1247 2622 comitatus
1261 2601 1350 2622 sum:
1375 2591 1578 2632 quamobrem
1593 2590 1729 2623 libenter

254 2644 424 2676 admodum
441 2643 678 2685 requiescerem.
722 2643 840 2676 Eamus
853 2655 940 2686 crgo.
962 2644 1053 2675 nobis
1067 2644 1150 2675 enim
1166 2644 1348 2676 sedentibus
1361 2654 1438 2686 puer
1447 2643 1560 2686 aliquia
1573 2644 1726 2687 perleget.

252 2697 341 2731 Ten.
363 2697 479 2730 Probe.
526 2697 589 2728 Eu.
613 2697 689 2734 Hic,
706 2708 724 2728 o
740 2698 907 2740 Terpsion,
923 2698 1001 2730 liber
1017 2704 1076 2735 est,
1091 2709 1156 2729 non
1180 2698 1225 2730 ita
1249 2699 1455 2740 compositus.
1469 2698 1561 2740 quasi
1580 2698 1723 2731 Socrates

254 2752 331 2784 mihi
346 2752 469 2790 referat,
484 2757 564 2783 utre
579 2763 650 2783 vera
663 2752 780 2790 retulit,
797 2753 851 2784 sed
868 2753 958 2795 quasi
972 2763 1044 2785 curn
1059 2752 1119 2783 illis
1135 2763 1270 2794 praesens
1289 2753 1443 2795 disputet,
1457 2752 1644 2794 quibuscum
1659 2753 1724 2784 dis-

255 2810 383 2847 putasse
410 2805 484 2837 mihi
510 2805 655 2837 narravit.
699 2806 769 2837 Hos
793 2811 898 2838 autem
925 2810 1113 2848 geometram
1125 2806 1326 2838 Theodorum
1352 2811 1385 2838 et
1406 2806 1604 2838 Theaetetum
1625 2805 1723 2838 fuisse

254 2860 393 2892 dicebat.
437 2858 490 2890 Ne
507 2859 601 2901 igitur
617 2859 781 2891 molestum
797 2866 891 2900 esset,
906 2862 931 2893 si
952 2862 1082 2903 inquam
1104 2866 1137 2893 et
1158 2862 1275 2903 inquit,
1290 2861 1451 2894 consensit
1472 2867 1505 2893 et
1517 2861 1649 2902 amvi!
1664 2871 1723 2892 aas·

254 2914 324 2956 pius
338 2914 602 2955 interponeretur,
617 2913 665 2945 his
681 2914 786 2945 vitatis
802 2915 962 2947 Socratem
975 2916 1077 2958 ipsum
1103 2926 1166 2947 una
1190 2926 1262 2948 cum
1288 2915 1350 2947 illis
1371 2915 1586 2957 disputantem
1601 2914 1724 2947 induxi.

249 2967 337 3001 Tan.
362 2967 458 3005 Scite,
475 2966 635 2999 Euclides.
680 2966 744 3000 Eu.
768 2968 855 3000 Heus
870 2974 916 3007 tu,
941 2970 1052 3011 accipe
1077 2970 1199 3006 librum,
1216 2980 1252 3002 ac
1280 2969 1360 3011 lege.
1408 2969 1463 3001 So.
1486 2968 1520 2999 Si
1536 2968 1688 3011 cyrenei,
1704 2978 1724 2999 o
