1846 3268
243 277 317 317 138
848 273 1117 317 PLATONIS
1643 281 1712 333 [28

239 383 286 411 ter
304 378 383 422 [28]
406 379 530 412 ostendi
546 383 663 422 potest.
709 378 874 417 Ceterum,
893 390 913 411 o
927 379 986 411 viri
1001 378 1229 416 Athenienses,
1244 378 1330 422 quod
1353 380 1482 423 quidem
1497 391 1557 424 ego
1572 391 1637 414 non
1660 383 1717 415 de-

236 433 394 476 liquerim,
409 434 674 477 quemadmodum
687 433 821 465 Melitus
837 438 975 471 accusat,
989 434 1075 465 haud
1092 444 1208 476 magna
1236 433 1313 465 mihi
1334 435 1522 476 purgatione
1545 445 1626 478 opus
1647 446 1715 468 esse

236 487 379 519 videtur:
403 489 458 520 sed
482 499 532 526 ea,
559 498 630 530 quae
646 487 732 519 dicta
759 491 844 525 sunt,
869 487 1008 519 sufficere
1029 487 1154 530 judico.
1200 488 1297 526 Quod
1324 494 1428 520 autern
1456 490 1496 520 ab
1521 489 1611 521 initio
1636 489 1716 532 dixi,

237 542 489 574 malevolentiam
505 543 668 584 plurimam
694 552 765 573 esse
792 546 903 574 contra
923 553 972 574 me
998 542 1083 584 apud
1109 542 1259 584 plurimos
1283 543 1485 581 concitatam,
1510 544 1543 575 id
1570 543 1714 586 profecto

238 595 432 627 verissimum
448 601 496 628 est
509 608 516 627 t
540 601 573 628 et
587 597 648 628 hoc
664 606 714 628 me
730 596 873 638 perimet,
887 596 912 628 si
934 596 1062 638 quidem
1077 597 1211 638 perimat
1224 607 1234 637 ;
1256 607 1322 628 non
1343 597 1489 640 Melitus,
1502 609 1607 641 neque
1622 598 1714 641 Any·

239 654 311 690 tus;
337 650 393 681 sed
416 650 584 682 multorum
599 650 758 682 calumnia
784 656 817 682 et
838 641 961 682 invidia
974 662 985 691 ;
1008 661 1080 693 quae
1103 651 1230 693 quidem
1261 651 1339 682 alios
1364 662 1491 694 quoque
1506 651 1620 684 multos
1635 652 1717 684 viros

242 704 344 735 bonos
360 705 494 746 peremit
510 705 674 747 hactenus,
689 710 733 743 et,
759 709 795 736 ut
810 703 951 742 arbitror,
966 705 1110 747 perimet.
1132 705 1211 737 nihil
1231 705 1315 737 enim
1343 716 1448 747 grave,
1471 706 1521 738 vel
1543 706 1667 747 mirum,
1689 706 1718 738 si

236 757 271 789 in
285 768 336 789 me
351 759 462 791 obesse
477 770 542 791 non
557 759 692 792 desinat.
738 759 881 790 Forsitan
897 770 968 791 vero
984 759 1029 791 ita
1045 770 1094 792 me
1109 759 1268 802 quispiam
1291 760 1517 802 interrogabit:
1541 759 1660 792 Nonne
1683 765 1715 792 te

238 813 353 854 pudet,
367 823 386 844 ο
401 812 557 851 Socrates,
574 813 636 846 tale
651 812 802 855 quiddam
818 824 973 852 exercere,
988 824 1026 846 ex
1040 824 1103 856 quo
1119 814 1273 846 continuo
1286 813 1320 844 in
1336 813 1508 856 periculum
1523 813 1631 846 venias
1647 824 1715 846 mo-

237 865 340 898 riendi
351 867 369 898 ?=
407 866 564 910 Equidem
579 868 654 900 huic
679 867 852 909 objectioni
873 867 992 909 justam
1012 869 1095 900 hanc
1111 868 1348 910 responsionem
1369 868 1453 899 dabo
1471 879 1478 898 :
1501 867 1598 900 Haud
1619 872 1718 909 recte,

238 932 258 953 o
274 922 331 960 vir,
346 922 494 964 loqueris,
517 922 542 953 si
559 927 663 964 putas,
689 933 832 964 maguam
855 928 911 954 aut
923 923 998 955 vitae
1013 927 1068 954 aut
1083 923 1191 954 mortis
1207 922 1387 954 habendam
1405 933 1474 954 esse
1489 922 1641 954 rationem
1657 923 1715 954 ho-

234 966 331 1016 vmini,
345 975 438 1017 cujus
454 977 501 1007 vel
520 986 614 1018 parva
628 977 774 1017 quiedam
799 976 919 1007 utilitas
945 977 1006 1008 sit:
1030 987 1066 1008 ac
1091 987 1156 1007 non
1173 976 1251 1008 illud
1268 976 1373 1018 potius
1393 977 1549 1008 duntaxat
1571 976 1717 1009 conside-

238 1029 383 1072 randum,
398 1030 522 1072 quoties
537 1027 659 1072 aliquid
675 1029 753 1071 agit,
768 1034 871 1061 utrum
883 1030 972 1072 justa
986 1036 1073 1072 agat,
1089 1041 1130 1061 an
1144 1030 1274 1072 injusta,
1285 1035 1340 1062 aut
1355 1030 1430 1061 boni
1447 1029 1503 1061 viri
1519 1041 1625 1072 opera,
1648 1031 1714 1063 sive

238 1083 332 1115 mala.
376 1082 532 1126 Alioquin
547 1094 585 1115 ex
601 1084 660 1115 hac
675 1083 796 1115 ratione
812 1089 866 1115 tua
882 1085 1051 1126 spernendi
1070 1084 1203 1116 fuissent
1218 1084 1350 1116 semidei
1365 1094 1486 1123 omnes,
1509 1088 1715 1127 quotcunque

240 1138 326 1179 apud
345 1138 473 1180 Trojam
489 1139 716 1176 occubuerunt,
733 1143 765 1169 et
781 1138 847 1176 alii,
862 1144 895 1170 et
910 1138 943 1169 in
959 1138 1067 1180 primis
1079 1139 1148 1181 ipse
1162 1138 1307 1170 Thetidis
1323 1138 1426 1170 filius:
1450 1138 1504 1180 qui
1519 1149 1619 1181 usque
1633 1139 1715 1172 adeo

242 1192 350 1224 mortis
368 1193 538 1224 contemsit
553 1193 736 1235 periculum,
757 1203 797 1224 ne
813 1197 937 1235 turpem
962 1193 1081 1226 subiret
1105 1193 1280 1234 infamiam,
1302 1197 1339 1224 ut
1361 1203 1433 1224 cum
1452 1192 1513 1224 sibi
1536 1193 1598 1224 dea
1618 1198 1718 1225 mater

241 1246 426 1289 properanti
442 1247 482 1278 ad
496 1247 666 1279 Hectorem
683 1247 893 1279 occidendum
910 1247 1116 1289 praedixisset,
1133 1248 1182 1279 his
1206 1248 1315 1290 ferme,
1329 1253 1366 1279 ut
1380 1247 1522 1286 arbitror,
1537 1248 1660 1279 verbisz
1685 1247 1716 1280 Ο

240 1300 300 1342 fili,
314 1300 340 1331 si
357 1312 413 1342 pro
430 1301 569 1333 vindicta
585 1301 721 1333 Patrocli
738 1302 832 1334 amici
847 1302 893 1333 tui
908 1302 948 1333 ab
970 1301 1108 1334 Hectore
1124 1301 1294 1340 interfecti,
1322 1301 1492 1334 Hectorem
1507 1302 1713 1341 interfeceris,

236 1354 307 1397 ipse
323 1355 463 1396 peribis;
485 1355 589 1397 inquit
604 1356 701 1397 enim,
717 1356 830 1387 Subito
847 1360 919 1398 post
943 1355 1113 1388 Hectorem
1137 1355 1245 1387 infelix
1272 1355 1330 1386 tibi
1355 1365 1420 1387 sors
1440 1355 1605 1387 imminet:
1629 1366 1716 1396 cum,

238 1408 381 1451 inquam,
396 1410 435 1440 ab
451 1419 489 1441 ea
504 1410 572 1441 haec
596 1410 784 1452 accepisset,
812 1420 910 1453 usque
938 1412 1019 1441 adeo
1046 1408 1214 1441 discrimen
1239 1414 1433 1452 mortemque
1454 1410 1656 1452 contempsit,
1679 1414 1717 1442 ut

238 1462 339 1494 multo
355 1464 454 1506 magis
467 1464 604 1496 timuerit
619 1469 741 1507 turpem
757 1464 852 1495 vitam
868 1464 1040 1496 amicorum
1063 1463 1173 1495 inultis
1199 1463 1337 1506 injuriis,
1359 1474 1453 1506 quam
1479 1469 1632 1496 mortem:
1654 1469 1718 1496 sta-

238 1517 360 1559 timque
376 1518 586 1560 responderit,
601 1519 676 1550 mori
690 1530 723 1550 se
739 1518 831 1550 malle
852 1529 907 1561 pro
918 1517 1007 1560 justa
1022 1518 1119 1550 amici
1145 1518 1301 1559 vindicta,
1315 1529 1408 1561 quam
1425 1529 1524 1550 moras
1541 1519 1715 1550 trahentem

238 1573 323 1614 apud
340 1583 436 1604 naves
450 1572 616 1604 ridiculum
633 1578 913 1615 contemptumque
930 1573 1044 1606 vivere.
1088 1572 1184 1604 Hunc
1201 1583 1274 1615 ergo
1291 1571 1423 1614 periculi
1439 1573 1592 1615 mortique
1607 1582 1714 1605 curam

241 1626 388 1658 habuisse
405 1627 551 1669 quisnam
569 1627 706 1659 dixerit?
729 1633 762 1659 et
783 1628 926 1670 profecto
951 1628 996 1659 ita
1011 1638 1059 1659 res
1074 1638 1107 1658 se
1130 1628 1238 1665 habet,
1261 1638 1280 1658 o
1297 1627 1355 1658 viri
1371 1626 1596 1659 Athenienses.
1642 1627 1717 1665 Quo

238 1680 372 1723 quisque
388 1681 421 1712 in
437 1681 508 1713 loco
521 1682 570 1714 vcl
586 1683 723 1724 seipsum
736 1682 911 1719 constituit,
924 1682 1090 1713 arbitratus
1105 1682 1136 1713 id
1154 1682 1307 1724 optimum
1318 1692 1398 1719 esse,
1410 1681 1460 1713 vel
1474 1692 1492 1713 a
1501 1681 1658 1724 superiore
1663 1681 1719 1724 ju-

237 1735 330 1767 betur
344 1735 513 1768 consistere
528 1748 536 1776 ;
559 1736 592 1767 iu
616 1747 667 1774 eo,
688 1741 724 1768 ut
744 1736 821 1767 mihi
837 1737 970 1774 videtur,
987 1747 1168 1778 permanere
1183 1741 1321 1778 oportet,
1347 1735 1585 1778 periculumque
1600 1736 1716 1774 subire,

237 1799 342 1831 neque
369 1795 512 1831 mortem,
538 1801 642 1832 neque
668 1791 754 1822 aliud
779 1791 951 1834 quidquam
977 1791 1077 1833 magis
1103 1801 1197 1833 quam
1227 1790 1457 1833 turpitudinem
1480 1790 1712 1823 formidantem.

237 1844 440 1886 Equidem,o
459 1845 516 1876 viri
530 1845 751 1883 Athenienses,
775 1846 909 1888 graviter
925 1846 1109 1882 aberrarem,
1132 1845 1160 1877 si
1186 1856 1257 1876 curn
1284 1845 1348 1876 illis
1371 1844 1525 1887 paruerim
1548 1844 1716 1887 praefectis,

238 1909 319 1940 quos
333 1899 396 1940 ipsi
409 1899 483 1930 mihi
499 1900 712 1941 praeposuistis
728 1905 761 1931 et
786 1900 818 1930 in
839 1900 996 1937 Potidaea,
1023 1905 1056 1931 et
1081 1900 1113 1931 in
1139 1899 1340 1942 Amphipoli,
1362 1905 1395 1931 et
1420 1900 1455 1930 in
1478 1898 1597 1930 Delio:
1620 1899 1716 1940 <tunc

238 1952 335 1992 enim,
363 1953 419 1984 ubi
434 1953 545 1984 illi-me
561 1953 730 1985 consistere
752 1953 923 1996 jusserunt,
947 1954 993 1985 ibi
1019 1953 1159 1996 constiti,
1180 1958 1217 1984 ut
1241 1954 1404 1995 quisquam
1430 1953 1521 1991 alter,
1545 1953 1715 1995 mortisque

238 2006 405 2038 discrimen
431 2007 532 2038 subivi
549 2007 576 2050 z)
600 2008 654 2039 ubi
680 2008 757 2040 deus
784 2019 833 2039 me
855 2008 974 2050 posuit,
997 2018 1243 2051 permanereque
1269 2008 1383 2050 voluit,
1414 2015 1451 2039 ut
1473 2006 1622 2050 opinatus
1643 2018 1713 2039 sum

238 2065 334 2103 atque
350 2061 538 2100 existimavi,
554 2062 703 2094 videlicet
719 2062 992 2105 philosophantem
1003 2074 1052 2094 me
1063 2062 1180 2101 vivere,
1193 2073 1230 2094 ac
1243 2061 1397 2105 meipsum
1409 2062 1550 2104 aliosque
1563 2062 1690 2094 scrutari
1705 2073 1716 2102 ;

237 2115 282 2147 ibi
295 2116 336 2146 ob
361 2115 436 2158 [29]
462 2117 569 2148 mortis
592 2117 756 2148 alteriusve
771 2117 816 2149 rei
840 2123 956 2149 metum
982 2117 1124 2149 ordinem
1148 2118 1335 2150 desererem.
1380 2117 1547 2159 Pergrave,
1571 2115 1714 2159 inquam,

238 2169 271 2200 id
287 2174 370 2201 esset
384 2171 547 2209 delictum,
563 2176 595 2202 et
610 2178 685 2204 tunc
701 2183 806 2203 revera
821 2172 965 2214 mejuste
981 2172 1051 2215 quis
1066 2172 1097 2203 in
1110 2171 1269 2214 judicium
1286 2173 1431 2210 traheret,
1448 2171 1537 2214 quasi
1551 2172 1627 2203 deos
1646 2181 1711 2203 non

238 2229 414 2266 putantem,
429 2225 576 2258 videlicet
598 2227 724 2258 oraculo
740 2237 804 2258 non
821 2232 995 2269 parentem,
1023 2232 1118 2269 atque
1135 2232 1266 2258 mortem
1288 2227 1464 2264 timentem,
1487 2231 1716 2268 putantemque

238 2289 289 2311 me
305 2280 478 2321 sapientem
495 2291 573 2318 esse,
590 2291 686 2323 quum
711 2282 836 2323 sapiens
852 2281 979 2313 minime
995 2282 1063 2313 sim.
1109 2281 1192 2313 Nam
1210 2286 1341 2313 mortem
1359 2281 1479 2318 timere,
1507 2291 1526 2312 ο
1543 2280 1611 2318 viri,
1634 2279 1715 2312 nihil

239 2338 289 2365 est
304 2333 404 2375 aliud,
418 2345 512 2376 quam
530 2336 705 2378 sapientem
721 2336 820 2368 videri
837 2347 920 2372 eum,
935 2336 990 2378 qui
1006 2347 1070 2367 non
1085 2335 1126 2367 sit
1141 2336 1279 2378 sapiens.
1301 2335 1422 2378 quippe
1446 2345 1518 2366 cum
1531 2333 1564 2366 id
1581 2333 1622 2366 sit
1636 2334 1716 2366 scire

236 2387 347 2425 videri,
373 2399 444 2430 quae
468 2391 600 2423 nesciat.
645 2391 749 2422 Nemo
774 2391 859 2423 enirn
881 2391 953 2431 scit,
976 2395 1078 2422 utrum
1107 2401 1188 2422 mors
1213 2400 1366 2422 summum
1392 2390 1543 2421 bonorum
1569 2389 1711 2421 onmium

237 2442 401 2484 contingat
415 2444 546 2476 homini.
572 2450 717 2477 metuunt
731 2450 849 2482 autem,
874 2445 1004 2487 perinde
1027 2455 1063 2476 ac
1089 2444 1114 2476 si
1131 2455 1199 2476 eam
1215 2444 1330 2476 scirent
1345 2443 1515 2474 maximum
1531 2453 1600 2475 esse
1616 2443 1713 2475 malo-

238 2507 317 2527 rum.
363 2497 425 2529 Cui
441 2509 513 2529 vero
529 2499 659 2530 dubium
676 2510 743 2531 esse
767 2500 873 2536 debet,
889 2499 965 2541 quin
981 2499 1049 2531 haec
1063 2499 1133 2541 ipsa
1148 2498 1273 2530 inscitia
1287 2498 1329 2529 sit
1344 2497 1476 2529 maxime
1491 2498 1713 2539 vituperanda,

238 2561 295 2594 per
307 2562 400 2593 quam
418 2552 530 2595 aliquis
547 2564 580 2585 se
593 2559 684 2596 putat
698 2554 788 2591 scire,
804 2565 875 2596 quae
887 2554 1011 2586 nescit?
1056 2553 1125 2595 Ego
1148 2558 1266 2589 autem,
1291 2563 1310 2583 ο
1326 2551 1397 2593 viri,
1422 2552 1454 2583 in
1478 2553 1539 2583 hoc
1564 2552 1668 2583 forsan
1693 2561 1713 2583 a

237 2605 345 2637 multis
359 2606 538 2638 hominibus
554 2608 666 2639 differo
681 2619 688 2640 :
712 2619 749 2641 ac
775 2610 800 2640 si
825 2619 888 2651 qua
903 2609 935 2639 in
952 2619 985 2640 re
1001 2607 1220 2650 sapientiorem
1238 2617 1287 2638 me
1301 2606 1406 2648 aliquo
1422 2617 1490 2638 esse
1505 2606 1653 2643 dicerem,
1675 2606 1711 2638 in

237 2660 298 2691 hac
314 2660 422 2702 utique
435 2661 584 2699 dicerem,
601 2663 687 2704 quod
703 2674 774 2695 cum
796 2663 879 2695 haud
897 2662 1100 2705 sufficienter,
1116 2673 1187 2704 quae
1203 2667 1277 2693 sunt
1291 2662 1376 2704 apud
1393 2661 1520 2699 inferos,
1535 2660 1648 2698 norim,
1670 2660 1714 2692 si-

238 2713 352 2745 militer
368 2724 416 2745 me
432 2725 495 2745 non
512 2726 604 2747 nosse
619 2727 789 2758 cognosco.
834 2717 971 2759 Injurias
986 2721 1089 2748 autem
1105 2717 1232 2754 inferre,
1257 2715 1472 2758 superiorique
1495 2724 1561 2747 non
1584 2714 1712 2746 obedire

236 2768 287 2799 vel
304 2769 365 2800 deo
380 2769 427 2800 vel
443 2770 574 2807 homini,
601 2771 715 2802 malum
742 2776 897 2814 turpeque
918 2782 986 2803 esse
1013 2771 1090 2804 scin.
1135 2770 1215 2803 Haec
1238 2771 1344 2812 igitur,
1368 2780 1439 2812 quae
1460 2769 1579 2806 nescio,
1607 2773 1710 2800 utrum

239 2821 325 2853 bona
340 2822 414 2860 sint,
431 2833 591 2865 nunquam
609 2826 707 2867 magis
724 2826 853 2863 timebo,
877 2831 972 2868 atque
996 2826 1126 2867 fugiam,
1152 2836 1246 2867 quam
1260 2825 1327 2863 illa,
1349 2835 1418 2866 quae
1439 2824 1523 2855 mala
1547 2834 1616 2855 esse
1636 2834 1713 2865 cog-

239 2885 347 2908 nosco.
393 2878 606 2915 Quamobrem
623 2880 649 2910 si
664 2890 713 2912 me
730 2891 814 2912 nunc
829 2881 1009 2917 absolvatis,
1035 2879 1116 2923 (non
1136 2881 1298 2912 credentes
1318 2879 1440 2922 Anyto,
1465 2877 1520 2921 qui
1542 2878 1634 2915 dixit,
1657 2882 1713 2910 aut

237 2941 287 2962 me
303 2931 337 2962 in
349 2930 507 2973 judicium
524 2933 563 2963 ab
580 2932 671 2964 initio
689 2936 864 2966 vocandum
887 2946 952 2967 non
967 2946 1046 2972 esse,
1063 2940 1119 2966 aut
1135 2940 1278 2967 vocatum
1294 2932 1467 2965 necessario
1478 2943 1546 2965 esse
1557 2933 1710 2964 damnan-

237 2985 312 3017 dum
330 2997 337 3018 :
364 2996 435 3018 nam
466 2985 492 3019 si
520 2997 538 3019 a
568 2988 656 3020 vobis
684 2988 870 3028 absolverer,
898 2989 964 3022 sore
990 2994 1025 3022 ut
1051 2989 1108 3022 filii
1133 2989 1236 3022 vestri.
1283 2988 1419 3021 Socratis
1444 2987 1544 3021 secuti
1565 2987 1712 3030 vestigia,
