1846 3268
187 249 286 300 262]
794 246 1074 285 SOPfflSTA.
1574 249 1651 286 363

179 352 342 394 deinceps,
364 357 464 385 utrum
491 350 634 394 opinioni
659 355 754 392 atque
777 349 911 381 orationi
936 350 1157 382 inunisceatur.
1217 349 1304 382 Tus.
1327 350 1419 382 Cur?
1468 349 1533 382 110.
1558 350 1647 388 Quo-

182 405 278 443 niam,
293 406 319 436 si
334 407 421 438 nullo
437 406 530 438 modo
545 405 594 437 his
610 404 812 441 immiscetur,
826 414 897 434 vera
912 415 980 435 esse
995 404 1101 436 omnia
1117 414 1243 436 necesse
1270 409 1328 436 est.
1351 404 1399 435 sln
1414 408 1518 435 autem
1540 405 1651 436 misce-

184 463 246 500 tor,
260 459 338 491 falsa
361 459 469 502 opinio
495 458 657 500 oratioque
679 457 757 489 salsa
779 457 970 489 exoriuntur.
994 458 1098 490 dicere
1113 458 1196 490 enim
1211 462 1245 489 et.
1258 458 1379 499 opinari
1395 468 1458 489 non
1474 458 1572 495 entia,
1587 459 1648 490 hoe

182 510 286 553 ipsum
300 513 411 544 salsum
426 518 486 556 est,
511 512 646 544 orationi
672 517 705 543 et
731 511 918 553 cogitationi
934 511 1139 554 montingens.
1184 512 1270 544 Tan.
1292 512 1346 544 Sic
1370 518 1429 544 est.
1474 512 1542 544 Ho.
1566 513 1646 545 Cum

184 576 257 597 vero
273 566 312 598 sit
326 566 455 605 falsitas,
470 566 620 608 deceptio
632 566 790 608 sequitur.
835 565 922 598 Tus.
945 565 1068 598 Statim.
1114 566 1181 598 Ho.
1208 566 1286 597 Orta
1301 567 1504 607 deceptione,
1519 576 1647 598 necesse

181 624 230 650 est
252 620 424 652 simulacris
444 625 478 652 et
501 620 689 662 imaginibus
704 619 933 662 phantasiaque
956 625 1074 651 cuncta
1096 620 1220 662 repleri.
1265 620 1353 651 Tus.
1377 620 1464 651 Nihil
1481 625 1648 662 repugnat.

180 671 246 704 Ho.
269 673 448 716 Sophistam
464 674 572 716 utique
586 674 768 706 dicebamus
793 674 843 705 hic
869 672 1043 715 aufugisse,
1058 674 1133 705 dum
1149 673 1260 704 falsum
1283 673 1390 716 aliquo
1407 674 1500 705 modo
1516 685 1584 706 esse
1599 685 1648 706 re-

181 731 301 765 nueret,
316 728 391 770 quia
405 739 469 760 non
485 740 540 760 ens
556 739 649 760 nemo
674 727 793 769 cogitet
810 728 859 759 vel
887 728 1081 770 pronuntiet,
1107 738 1178 760 cum
1195 738 1259 758 non
1275 738 1331 758 ens
1347 727 1433 758 nulla
1449 739 1487 759 ex
1503 733 1592 770 parte
1608 728 1648 758 sit

181 781 325 812 essentiae
341 782 507 824 particeps.
553 782 641 814 Tus.
665 782 719 814 Sic
734 782 928 813 estdictum.
974 781 1041 814 Ho.
1065 781 1161 813 Nunc
1186 785 1290 812 autem
1317 782 1376 813 hoc
1392 781 1474 813 entis
1491 782 1647 823 particeps

184 833 275 866 nobis
289 836 447 878 apparuit.
471 842 662 879 quapropter
678 837 761 867 haud
775 836 855 867 ultra
870 837 953 868 lrunc
969 836 1001 867 in
1018 836 1144 867 modum
1161 835 1326 878 pugnabit.
1372 835 1464 867 Forte
1476 847 1547 867 vero
1560 836 1645 868 dicet

181 889 331 929 quasdam
346 901 364 922 e
376 890 540 933 speciebus
555 902 620 922 non
636 895 709 922 ente
726 890 924 934 participare,
940 891 1090 933 quasdam
1107 891 1235 922 minime
1251 901 1259 922 :
1284 890 1457 921 orationem
1472 896 1505 921 et
1520 891 1644 931 opinio-

181 953 252 974 nem
267 954 305 976 ex
319 944 442 976 illorum
459 956 588 978 numero
603 957 681 983 esse,
695 956 766 987 quae
782 956 845 976 non
862 945 1067 987 participent:
1085 949 1117 976 et
1131 945 1243 976 iccirco
1255 944 1434 975 facultatem
1448 943 1534 975 illam
1547 945 1646 986 phan-

181 997 334 1036 tasticam,
349 998 582 1031 simulacrorum
598 1001 788 1042 magistram,
803 1000 836 1030 in
851 1010 913 1042 qua
926 998 1012 1030 illum
1027 999 1208 1036 locavimus,
1221 1009 1372 1040 nusquam
1383 1009 1451 1030 esse
1462 999 1646 1036 contendet,

181 1056 345 1093 postquam
361 1053 470 1095 opinio
486 1054 647 1096 oratioque
664 1065 728 1085 non
742 1058 815 1085 ente
830 1054 919 1084 nullo
942 1053 1036 1084 modo
1062 1053 1272 1095 participant:
1295 1052 1471 1095 salsumque
1486 1053 1564 1084 nihil
1579 1064 1646 1085 esse

180 1106 276 1143 dicet,
292 1117 363 1138 cum
379 1106 464 1138 nulla
480 1107 658 1139 communio
675 1108 744 1138 talis
754 1108 933 1149 reperiatur.
979 1107 1205 1147 Quamobrem,
1218 1106 1295 1149 quid
1312 1106 1410 1138 oratio
1420 1107 1461 1137 sit
1472 1107 1644 1149 opinioque

180 1163 212 1190 et
228 1160 405 1202 phantasia,
420 1161 521 1203 primo
537 1161 801 1203 investigandum,
819 1166 853 1192 ut
874 1161 921 1192 his
944 1160 1109 1192 declaratis
1125 1171 1231 1191 eorum
1247 1170 1318 1191 curu
1334 1171 1399 1191 non
1414 1165 1486 1191 ente
1502 1171 1641 1192 commu-

180 1213 306 1245 nionem
320 1215 571 1256 conspiciamus:
596 1215 693 1257 [261]
718 1225 780 1256 qua
805 1215 946 1256 inspecta
967 1213 1078 1245 falsum
1094 1224 1161 1245 esse
1176 1213 1296 1255 aliquid
1312 1214 1533 1247 ostendamus:
1556 1224 1645 1246 cum-

180 1278 242 1309 que
257 1269 318 1300 hoc
333 1269 571 1312 ostenderimus,
586 1268 619 1300 in
634 1279 671 1299 eo
688 1268 880 1310 Soplijstam,
896 1268 920 1298 si
933 1278 1002 1299 reus
1017 1267 1068 1304 sit,
1078 1267 1250 1299 vinciamus
1263 1277 1274 1306 ;
1297 1266 1436 1309 alioquin
1448 1267 1645 1299 absolventes

179 1321 267 1352 illum
297 1322 330 1353 in
356 1322 419 1355 alio
442 1323 579 1365 quodam
602 1333 714 1364 genere
736 1322 853 1353 deinde
869 1332 1053 1363 quaerannus.
1098 1321 1125 1352 T
1129 1332 1185 1352 un.
1210 1320 1326 1351 Verum
1356 1320 1484 1352 omnino
1509 1321 1645 1358 videtur,

182 1376 307 1418 hospes,
322 1377 406 1418 quod
423 1377 463 1408 ab
473 1377 568 1408 initio
584 1377 623 1408 de
638 1376 788 1418 sophista
804 1375 1015 1418 praediximus,
1031 1375 1116 1417 quod
1133 1374 1279 1406 videlicet
1291 1374 1417 1406 difficile
1436 1374 1509 1416 capi
1525 1380 1641 1416 posset.

181 1429 294 1461 Multis
317 1431 400 1462 enim
423 1436 471 1462 est
495 1431 636 1463 obicibus
657 1431 895 1473 circumseptus,
911 1440 1013 1472 neque
1038 1430 1078 1460 ad
1094 1440 1166 1460 eum
1190 1428 1350 1471 pervenire
1365 1429 1437 1470 quis
1453 1433 1568 1471 potest,
1585 1429 1644 1460 nisi

178 1485 261 1527 prius
277 1485 485 1527 obstaculum,
500 1487 584 1528 quod
603 1486 702 1527 primo
713 1484 793 1527 jecit
809 1485 872 1523 ille,
886 1484 1086 1516 submoverit.
1132 1483 1174 1514 Et
1198 1493 1282 1518 nunc
1308 1483 1435 1525 quidem
1446 1483 1498 1520 ¹vix
1515 1483 1642 1515 tandem

177 1538 389 1581 objectionem
413 1540 500 1571 illam
528 1540 695 1579 evasimus,
711 1550 774 1581 qua
798 1550 861 1570 non
887 1550 942 1570 ens
957 1538 1044 1570 nullo
1060 1538 1154 1572 modo
1164 1549 1237 1574 ¹csse
1252 1537 1410 1572 intulerat.
1434 1537 1587 1568 continuo
1603 1537 1644 1568 si-

180 1592 308 1635 quidem
324 1593 408 1624 aliud
424 1599 472 1625 est
486 1594 618 1626 illatum.
665 1594 759 1625 Unde
784 1598 907 1635 oportet
916 1593 1089 1624 salsitatem
1115 1592 1198 1624 circa
1211 1591 1381 1628 orationem
1398 1589 1643 1633 opinionemque

178 1648 364 1680 ostendere:
389 1659 427 1680 ac
452 1648 579 1679 forsitan
602 1653 674 1690 post
696 1649 756 1680 hoc
778 1648 863 1679 aliud
883 1659 892 1680 :
917 1648 1067 1689 aliudque
1092 1651 1163 1688 post
1178 1646 1279 1686 illud3
1302 1645 1469 1687 nullusque
1493 1645 1643 1677 terminus

178 1701 345 1734 invenitur.
389 1701 457 1734 Ho.
482 1702 565 1733 Forti
591 1702 696 1734 animo
720 1703 880 1745 persequi,
893 1702 1067 1738 Tlreaetete,
1084 1702 1190 1738 debet,
1207 1699 1347 1743 quisquis
1362 1704 1470 1731 contra
1486 1699 1645 1741 progredi,

178 1760 344 1798 postquam
370 1756 496 1794 invasit,
513 1757 741 1799 aliquantulum
758 1757 851 1788 valet.
876 1756 930 1798 qui
956 1756 1040 1788 enim
1063 1755 1095 1787 in
1119 1754 1186 1790 istis
1211 1753 1345 1790 haesitet,
1361 1753 1393 1784 in
1418 1752 1487 1784 aliis
1513 1753 1643 1788 audebit

179 1820 350 1851 nunquam.
394 1810 478 1842 Nam
494 1811 548 1852 qui
562 1811 625 1842 illis
640 1816 696 1842 aut
711 1810 789 1842 nihil
810 1810 933 1853 perficit
955 1815 1009 1844 aut
1029 1815 1110 1841 retro
1133 1808 1305 1850 repellitur,
1322 1817 1495 1848 nunquam,
1519 1811 1553 1838 ut
1566 1818 1643 1849 pro-

179 1863 282 1894 verbio
297 1863 404 1901 fertur,
426 1864 619 1906 expugnabit
648 1865 767 1896 urbem.
813 1864 844 1894 N
850 1874 908 1895 unc
923 1874 1010 1901 vero,
1033 1868 1196 1906 postquam
1220 1861 1330 1903 ingens
1356 1861 1550 1896 obstaculum
1573 1861 1642 1903 jam

177 1917 368 1958 disjecimus,
385 1914 504 1960 reliqua
519 1920 650 1960 posthac
667 1918 786 1949 minora
801 1918 979 1960 levioraque
996 1922 1172 1960 supersunt.
1216 1916 1304 1950 'siu-2.
1329 1915 1481 1946 Praeelare
1494 1915 1644 1957 loqueris.

178 1970 246 2002 Ho.
269 1971 452 2003 Orationem
466 1973 572 2014 itaque
588 1972 700 2014 primo,
715 1972 808 2004 sicuti
831 1971 951 2003 dictum
977 1975 1036 2008 est,
1052 1970 1272 2012 opinionemve
1293 1968 1466 2010 capiamus,
1480 1974 1516 2005 ¹ut
1531 1969 1643 2001 clarius

177 2025 388 2064 ostendamus,
405 2031 506 2058 utrum
522 2037 584 2058 non
602 2037 657 2058 ens
682 2027 749 2059 luec
772 2026 928 2068 attingat3
949 2036 992 2056 an
1008 2035 1079 2055 vero
1101 2023 1230 2054 omnino
1258 2022 1322 2053 siut
1348 2024 1452 2063 ambo,
1468 2023 1644 2065 falsumque

177 2083 332 2111 neutrum.
375 2079 464 2112 Tne.
487 2080 628 2122 Optime.
676 2080 743 2112 Ho.
767 2079 850 2121 Age,
865 2079 1131 2121 quemadmodum
1148 2077 1230 2109 circa
1246 2076 1367 2118 species
1382 2082 1413 2108 ct
1436 2076 1539 2108 literas
1559 2078 1643 2109 dixi-

180 2144 259 2174 mus,
274 2133 415 2165 similiter
426 2134 510 2166 circa
525 2134 653 2166 nomina
668 2144 771 2165 rursus
796 2134 1019 2174 excogitemus.
1044 2132 1167 2163 videtur
1189 2131 1271 2162 enim
1297 2131 1382 2172 quod
1398 2141 1482 2163 nunc
1496 2131 1645 2173 quaeritur

178 2188 222 2218 ita
237 2198 303 2219 sese
318 2188 442 2220 habere.
486 2188 575 2220 Tun.
599 2188 686 2226 Quid
702 2187 898 2230 potissimum
920 2188 960 2218 de
988 2186 1166 2217 nominibus
1178 2185 1223 2215 vis
1238 2184 1397 2226 intelligi?
1440 2185 1506 2216 Ho.
1532 2185 1644 2217 Utrum

177 2241 283 2272 omnia
308 2241 441 2274 invicem
468 2246 655 2283 congruant,
671 2246 726 2273 aut
752 2241 894 2282 nullum;
920 2246 975 2272 aut
998 2240 1143 2283 quazdam
1166 2243 1354 2276 consonent,
1379 2238 1440 2270 alia
1468 2238 1642 2271 dissonent.

176 2295 264 2327 Tur-2.
289 2295 382 2327 Patet
402 2296 486 2338 quod
502 2296 646 2337 quaedam
669 2300 858 2337 congruunt,
873 2295 1017 2337 quaedam
1034 2293 1172 2325 minime.
1219 2293 1287 2325 Ho.
1310 2292 1403 2324 Forte
1417 2293 1479 2324 tale
1492 2293 1642 2334 quiddam

175 2349 233 2387 ais,
247 2350 332 2392 quod
349 2360 420 2391 quae
435 2355 662 2392 consequenter
676 2349 763 2381 dicta
778 2349 899 2392 aliquid
915 2349 1104 2391 exprimunt,
1121 2348 1255 2379 invicem
1268 2351 1444 2395 congruunt
1457 2359 1464 2378 :
1482 2358 1552 2389 quse
1569 2358 1641 2378 vcro

177 2403 359 2434 continuata
385 2403 462 2434 nihil
490 2403 680 2445 significant,
695 2414 760 2434 non
784 2403 989 2435 conveniunt.
1034 2402 1122 2433 Tui-2.
1156 2401 1325 2438 Quomodo
1351 2400 1477 2432 dicebas
1501 2400 1642 2442 quidve?

179 2456 244 2487 Ho.
267 2456 363 2493 Quod
378 2456 553 2499 intelligere
576 2463 607 2489 te
621 2463 654 2489 et
670 2457 759 2489 fateri
775 2458 895 2499 putavi.
940 2457 1017 2488 Duo
1030 2466 1165 2497 namque
1181 2459 1254 2486 suut
1266 2465 1380 2496 genera
1395 2454 1642 2487 declarationum

175 2521 294 2547 carum,
305 2521 376 2552 quae
390 2511 472 2543 circa
488 2513 654 2543 essentiam
667 2523 744 2544 voce
760 2512 851 2544 fiunt.
895 2512 983 2545 Tne.
1007 2512 1080 2549 Quo
1097 2509 1214 2551 pacto?
1239 2509 1337 2551 [262]
1361 2508 1428 2540 Ho.
1454 2508 1557 2540 Unum
1572 2508 1642 2550 qui-

176 2564 248 2595 dem
263 2564 425 2596 nominum
442 2576 554 2607 genus,
567 2567 731 2597 verborum
746 2567 888 2599 alterum.
933 2566 1021 2598 Tus.
1046 2564 1109 2596 Dic
1132 2568 1308 2605 utrumque.
1354 2563 1421 2595 Ho.
1443 2563 1640 2595 Declaratio÷

176 2628 261 2659 nem,
272 2628 336 2660 qua
347 2618 487 2658 actiones
502 2619 868 2661 signifieantur,.verbum
881 2620 1025 2652 dicimus.
1059 2618 1147 2651 Tne.
1171 2618 1265 2649 Sane.
1298 2617 1367 2649 Ho.
1390 2617 1521 2659 Signum
1536 2623 1642 2653 autem

176 2671 262 2703 vocis
277 2672 443 2713 agentibus
455 2672 532 2715 ipsis
546 2673 738 2716 impositum,
751 2685 881 2707 nomen.
926 2674 1013 2710 Tur-:-
1036 2673 1177 2705 Prorsus.
1224 2671 1289 2704 Ho.
1314 2670 1360 2703 Ex
1369 2671 1444 2703 solis
1460 2670 1640 2708 nominibus

175 2724 348 2767 suppositis
362 2725 497 2757 invicem
518 2727 616 2758 oratio
632 2738 793 2770 nunquam
810 2727 954 2765 efficitur,
975 2738 1078 2768 neque
1091 2737 1192 2757 rursus
1208 2736 1247 2757 ex
1263 2725 1362 2757 verbis
1376 2726 1494 2767 absque
1509 2723 1642 2761 nomini-

175 2779 234 2810 bus
249 2779 473 2821 subsequenter
487 2781 706 2822 pronuntiatis.
751 2782 840 2814 Tun.
864 2781 943 2813 Haec
959 2791 1023 2812 non
1039 2779 1148 2812 didici.
1194 2780 1259 2812 Ho.
1284 2780 1417 2812 Constat
1431 2780 1540 2820 utique
1556 2778 1642 2820 quod

178 2832 240 2863 alio
255 2831 424 2864 intendens
439 2833 576 2864 animum
601 2833 696 2875 paulo
719 2840 792 2865 ante
813 2834 1033 2865 assentiebare.
1056 2844 1127 2864 nam
1151 2834 1211 2865 hoe
1232 2833 1334 2875 ipsum
1360 2839 1422 2871 est,
1438 2833 1523 2875 quod
1539 2833 1643 2863 dicere

178 2885 330 2923 volebam,
346 2887 431 2927 quod
456 2886 526 2925 ista,
545 2887 570 2918 si
592 2888 692 2918 solum
717 2888 761 2918 ita
782 2887 966 2919 continuata
982 2886 1235 2929 pronuntiantur,
1248 2887 1418 2919 orationem
1435 2896 1497 2916 uon
1514 2885 1644 2916 faciunt.

176 2939 262 2971 Tus.
285 2939 478 2982 Quomodo?
523 2941 592 2974 Ho.
617 2941 661 2973 Ut
678 2942 774 2981 vadit,
790 2942 897 2980 currit,
913 2942 1038 2984 dormit,
1053 2946 1085 2973 st
1100 2941 1161 2974 alia
1173 2942 1277 2979 verba,
1293 2948 1488 2983 quaecnnquc
1504 2938 1643 2971 actiones
