1832 3256
201 169 300 219 273]
808 165 1104 206 rumonus,
1602 172 1657 209 25

195 281 230 309 et
240 275 388 312 scribant,
413 281 571 314 nunquam
594 282 634 305 ex
649 274 715 305 arte
725 279 782 302 eos
799 270 932 305 scribere
958 271 1191 305 confitebimur.·
1231 272 1325 304 Pais.
1350 275 1452 311 Quem
1478 274 1558 307 dicis
1585 283 1655 307 mo-

193 329 294 362 dum?
337 328 394 360 So.
417 326 524 360 Verba
544 325 672 368 quidem
695 324 764 366 ipsa
787 334 852 356 non
873 324 966 357 facile
991 325 1134 357 dixerim.
1177 336 1241 368 quo
1263 331 1369 360 autem
1392 330 1488 360 modo
1515 330 1648 361 scribere

195 386 350 425 oporteat,
365 381 393 412 si
405 385 471 413 arte
485 379 752 422 scriptur-nimus,
775 379 881 420 quoad
906 379 974 410 fieri
991 384 1108 421 potest,
1131 388 1298 422 exponam.
1341 382 1436 414 Pam.
1460 382 1538 420 Dic,
1555 384 1648 414 obse-

193 446 258 469 cro.
301 436 358 467 So.
379 434 552 476 Postquam
567 433 696 465 dicendi
711 432 856 470 facultas,
879 434 1026 475 quasdam
1049 434 1146 466 animi
1165 435 1317 467 attractio.
1331 446 1369 467 ac
1391 436 1557 477 perductio
1576 441 1648 468 est:

191 491 334 522 'futurum
354 493 506 521 amtorem
522 497 648 519 necesse
670 492 729 524 est,
753 491 831 528 quot
850 487 972 529 species
993 487 1116 519 animus
1135 488 1243 530 habet,
1266 499 1468 531 cognoscere.
1513 491 1562 521 hae
1578 501 1651 522 vero

195 548 250 581 tot.
258 543 397 585 talesque
411 547 496 584 sunt,
511 542 597 573 unde
616 541 693 573 tales
709 541 777 582 alii,
792 540 846 572 alii
861 541 939 573 tales
959 542 1146 574 efficiuntur.
1189 542 1249 573 His
1271 542 1316 574 ita
1338 543 1508 584 distinctis,
1533 555 1651 576 sermo-

195 607 409 640 nuquuoque
423 601 473 628 tot
486 596 627 638 talesque
642 598 714 626 sunt
728 594 863 637 species.
906 594 999 627 Tales
1014 595 1108 637 igitur
1122 595 1230 634 animi,
1244 597 1359 628 talibus
1381 597 1569 639 quibusdam
1583 609 1648 633 ,ser-

194 652 341 686 monibus
354 655 439 684 certa
449 651 586 693 quadam
599 650 640 682 de
654 660 750 682 causa
764 650 804 681 ad
820 649 896 681 talia
911 651 1057 692 quaedarn
1080 650 1174 682 facile
1195 652 1424 693 persuadentur
1438 664 1445 683 ε
1469 652 1558 684 aliter
1580 663 1653 684 vero

193 706 314 748 affecti,
328 705 462 747 aliquam
477 705 519 736 ob
533 715 661 736 causam
674 703 812 735 minime.
855 704 992 745 Oportet
1005 705 1112 746 itaque
1128 705 1284 736 hominem
1300 706 1375 737 talia
1387 706 1652 748 contemplatum,

191 760 320 803 quando
332 760 399 793 haee
410 759 443 790 in
458 758 588 800 singulis
603 758 683 789 fiunt
702 757 832 799 jamque
847 757 880 788 in
894 757 964 799 ipsa
978 769 1011 790 re
1027 762 1111 799 sunt,
1138 769 1176 790 ea
1195 769 1252 800 per
1266 769 1391 791 sensum
1407 759 1554 794 velociter
1569 771 1653 793 asse-

190 815 268 857 quiz
292 813 431 856 alioquin
445 813 585 844 nondum
599 812 772 854 quidquam
787 811 858 853 plus
878 812 1005 854 habere,
1020 822 1113 854 quam
1130 812 1296 844 verba‘sibi
1320 814 1479 855 quondam
1495 824 1516 845 a
1536 815 1649 846 docto-

191 868 276 900 ribus
290 868 414 900 tradita.
457 866 505 898 At
515 876 587 898 eum
601 865 790 897 sufficienter
803 870 911 907 ‘potest
924 866 1042 904 dicere,
1057 866 1186 908 qualis'a
1202 866 1347 908 qualibus
1362 867 1556 899 sermonibus
1572 879 1644 899 sua-

192 923 315 960 deatur,
330 925 578 964 praesentemque
589 920 748 952 hominem
772 925 865 952 acute
880 921 1033 962 persentit
1047 931 1086 952 eo
1108 921 1236 963 ingenio
1251 921 1417 963 praeditum
1443 932 1524 960 esse,
1549 922 1649 965 [2⁷2]

191 978 232 1009 de
247 988 310 1020 quo
325 975 524 1014 anteatuer-it
536 975 741 1017 disputatum,
756 974 865 1016 sicque
877 974 981 1016 ipsum
998 985 1066 1006 esse
1080 975 1193 1006 talibus
1208 976 1401 1008 sermonibus
1416 976 1457 1006 ad
1472 976 1547 1007 talia
1565 986 1652 1008 com-

190 1031 391 1074 pellendum:
415 1030 441 1061 is
453 1029 500 1061 ita
511 1029 679 1061 instructus
692 1034 770 1061 tuuc
784 1029 910 1060 demum
926 1029 1064 1070 perfecte
1079 1034 1176 1061 artem
1191 1030 1273 1062 hanc
1287 1030 1346 1061 erit
1361 1035 1565 1067 consecutus,
1576 1041 1650 1062 curu

192 1086 234 1117 ad
248 1084 408 1128 superiora
431 1084 499 1116 haec
521 1082 709 1124 adjunxerit,
727 1087 767 1114 nt
788 1083 1057 1124 opportunitatem
1081 1083 1231 1125 loquendi
1255 1083 1443 1125 tacendique
1467 1084 1654 1126 caucanet

189 1149 281 1171 usum
294 1139 464 1170 abusumve
478 1136 676 1180 breviloquii,
691 1136 979 1178 commiserationis,
994 1138 1201 1169 vehementiae
1223 1137 1359 1175 acrioris,
1385 1136 1652 1177 amplificationis·-

188 1203 264 1237 que,
284 1192 521 1233 'ceterarumque
538 1190 867 1232 partiumorafionis,
884 1191 1171 1232 a'praeceptoribus
1191 1191 1384 1227 traditarum,
1407 1196 1492 1222 recte
1517 1201 1652 1233 coguos-

189 1251 266 1281 cat:
290 1246 375 1289 prius
388 1256 462 1278 vero
487 1245 697 1287 nequaquam.
739 1243 821 1275 Eum
836 1254 923 1286 vero,
949 1243 1004 1286 qui
1029 1245 1139 1275 horum
1155 1245 1267 1287 quovis
1289 1244 1421 1277 caruerit
1440 1244 1479 1276 in
1502 1244 1656 1284 dicendo,

187 1306 246 1335 aut
257 1301 415 1339 docendo,
429 1305 489 1332 aut
498 1300 677 1341 scribendo,
693 1299 867 1341 dixeritque
883 1309 922 1330 ex
935 1303 1001 1330 arte
1015 1300 1109 1331 verba
1123 1310 1157 1330 se
1178 1299 1293 1336 facere,
1315 1299 1371 1340 qui
1394 1309 1458 1330 non
1485 1300 1653 1340 persuade·

188 1361 252 1394 tur.
263 1359 437 1398 exsuperat.
484 1354 632 1386 Ceterum
644 1353 777 1395 scriptor
789 1354 836 1384 ita
858 1353 990 1385 forsitan
1014 1363 1072 1385 nos
1097 1353 1322 1395 compellabit:
1347 1353 1376 1384 Ο
1402 1353 1535 1385 Phaedre
1559 1358 1655 1395 atque

187 1410 341 1451 Socrates,
355 1409 440 1441 itane
453 1418 587 1451 prorsus,
603 1417 644 1439 an
658 1407 761 1448 aliter,
782 1401 909 1439 dicendi
921 1412 1018 1439 artem
1033 1408 1259 1449 capessendam
1274 1417 1341 1439 esse
1355 1407 1511 1440 censetis?
1555 1407 1653 1440 Pam.

188 1463 389 1506 Impossibile
402 1467 462 1500 est,
486 1473 505 1494 o
520 1461 684 1504 Socrates,
711 1461 820 1493 alitem
845 1462 984 1504 quamvis
999 1463 1064 1492 nou
1079 1472 1208 1503 parvum
1228 1462 1262 1492 id
1289 1471 1368 1503 opus
1392 1465 1553 1502 appareat.
1598 1461 1655 1495 So.

191 1517 277 1550 Vera
290 1517 426 1560 loqueris
439 1529 446 1548 :
470 1521 564 1558 atque
580 1517 690 1547 horum
705 1525 799 1547 causa
820 1521 958 1557 oportet,
985 1516 1129 1547 omnibus
1143 1517 1264 1547 sursum
1282 1515 1489 1556 deorsumque
1505 1516 1654 1552 sermoni-

189 1572 251 1604 bus
263 1570 423 1613 revolutis,
432 1570 619 1612 perquirere,
634 1570 856 1612 numquid-via
866 1571 907 1601 ad
922 1570 1010 1602 illam
1026 1570 1090 1601 ulla
1111 1569 1234 1601 facilior
1250 1569 1431 1610 breviorque
1446 1574 1598 1606 occurrat,
1607 1576 1655 1603 ιιι

187 1631 306 1659 *temere
325 1634 381 1667 per
395 1624 521 1666 longam
535 1628 569 1655 et
583 1634 723 1665 asperam
738 1633 942 1664 pererremus,
955 1634 1027 1654 curn
1042 1623 1137 1654 liceat
1151 1623 1347 1664 perbrevem
1358 1627 1403 1654 ‘et
1424 1623 1652 1664 planam1incev

185 1681 273 1712 dere.
313 1678 420 1716 Quare
431 1678 459 1709 si
473 1687 566 1719 quam
581 1682 615 1707 tu
631 1687 724 1718 opem
738 1676 849 1708 afferre
864 1680 955 1716 potes
977 1685 1033 1717 per
1054 1686 1105 1717 ea,
1128 1686 1200 1717 qum
1222 1687 1241 1707 a
1263 1676 1382 1717 Lysia‚-
1394 1676 1444 1707 vel
1460 1676 1570 1717 aliquo
1586 1677 1650 1709 alio

188 1731 530 1775 aoeepisttsrevooain
545 1731 735 1768 memoriam,
758 1734 951 1771 etexpone.
992 1730 1090 1767 Pam.
1112 1729 1306 1772 Experiundi
1331 1740 1426 1763 causa
1441 1741 1567 1772 possem
1581 1731 1652 1773 qui-

188 1788 275 1824 dem,
289 1785 354 1819 non
368 1790 473 1817 tamen
487 1785 528 1816 ad
544 1795 691 1826 praesens.
735 1784 799 1816 So..
816 1784 918 1815 Visne
932 1794 991 1826 ego
1016 1784 1074 1816 tibi
1097 1790 1130 1816 et
1149 1794 1323 1817 sermonem
1346 1794 1537 1822 recenseam,
1560 1796 1655 1826 quern

187 1839 360 1883 aliquando
375 1840 416 1871 de
430 1837 613 1880 hujusmodi
625 1838 715 1869 rebus
739 1837 869 1870 audivi?
915 1838 1009 1870 Prsia.
1034 1838 1180 1876 Quidni?
1202 1850 1204 1852 ’
1225 1839 1281 1871 So.
1305 1838 1414 1870 Fertur
1423 1837 1545 1879 justum
1571 1848 1651 1876 esse,

187 1905 211 1927 o
225 1894 369 1932 Panare,
384 1893 454 1935 lupi
465 1891 546 1924 illud
561 1891 677 1929 dicere.
721 1891 816 1924 Pam.
861 1890 913 1924 Ac
940 1894 974 1923 tn
997 1892 1042 1923 ita
1065 1892 1175 1924 facias.
1217 1892 1275 1924 So.
1298 1891 1400 1924 Aiunt
1426 1892 1547 1934 utique,
1574 1893 1654 1928 nihil

189 1953 334 1991 oportere
345 1947 407 1980 ista
419 1951 542 1978 tantum
556 1946 724 1978 extollere:
747 1956 850 1988 neque
871 1947 912 1978 ad
933 1957 1068 1988 superna
1086 1946 1183 1988 longo
1207 1946 1326 1979 ambitu
1347 1947 1592 1988 disputationem
1605 1947 1656 1979 ‘ef-

186 2004 282 2035 ferre.
325 2002 455 2044 quippe,
477 2000 560 2033 sicut
581 2001 622 2031 in'
640 1999 864 2041 disputationis
888 1999 1045 2042 principio
1071 2001 1216 2042 diximus,
1245 2006 1398 2032 oratorem
1424 2001 1562 2037 futurum
1588 2011 1655 2032 non

190 2062 337 2100 oportere
349 2055 511 2088 veritatem
524 2064 618 2086 nosse
633 2055 674 2085 de
683 2053 792 2095 justis,
806 2058 839 2085 et
854 2054 957 2094 bonis,
980 2054 1045 2084 sive
1066 2055 1167 2092 rebus,
1189 2055 1255 2086 sive
1270 2055 1460 2091 hominibus,
1480 2059 1591 2089 ,natura
1604 2054 1655 2087 vel

186 2110 379 2144 educatione
394 2110 518 2142 talibus.
562 2108 682 2146 'namin
690 2108 822 2150 judiciis
835 2107 914 2139 nulli
926 2117 1049 2150 prorsus
1070 2108 1198 2140 istorum
1215 2109 1386 2152 veritatem,
1402 2109 1458 2140 sed
1480 2110 1655 2151 persuasio-

189 2172 274 2208 nem,
287 2175 376 2197 curae
387 2171 528 2206 unquam.
536 2173 605 2194 esse
620 2162 731 2194 solere.
775 2161 815 2198 Id
830 2165 933 2201 autem
948 2171 1016 2193 esse
1030 2161 1209 2203 verisimile,
1233 2163 1274 2194 ad
1297 2162 1383 2204 quod
1399 2167 1534 2194 mentem
1545 2162 1654 2200 inten-

190 2221 266 2251 dere
279 2219 406 2260 debeat,
420 2218 476 2260 qui
490 2216 531 2247 sit
545 2221 610 2248 arte
633 2216 784 2253 dicturus.
827 2225 933 2257 neque
946 2216 1030 2247 facta
1045 2215 1180 2247 dicenda
1201 2227 1270 2248 esse
1290 2216 1475 2258 aliquando,
1498 2216 1559 2247 nisi
1582 2226 1653 2258 pro-

186 2274 295 2306 -babile
306 2273 358 2311 sit,
373 2273 458 2305 facta
472 2270 566 2303 fuisse
579 2282 588 2311 ;
613 2271 745 2302 sedtam
762 2270 795 2300 in
810 2271 1023 2307 accusatione,
1044 2280 1138 2312 quain
1153 2270 1352 2308 defensione,
1366 2280 1489 2312 semper
1503 2270 1653 2302 verisimi-

185 2328 230 2360 lia
245 2326 422 2362 inducenda
436 2338 444 2357 z
466 2331 500 2362 et
510 2325 637 2360 omnino
650 2325 818 2362 dicentem,
834 2323 999 2356 verisimile
1014 2324 1141 2367 quidem
1157 2324 1315 2367 persequi,
1335 2335 1443 2356 verum
1458 2329 1561 2356 autem
1577 2335 1653 2367 neg-

186 2380 293 2424 ligere.
318 2381 416 2424 [2⁷3]
438 2381 500 2412 hoc
512 2379 598 2412 enim
623 2379 648 2410 si
671 2379 705 2410 in
725 2378 813 2410 omni
837 2378 977 2410 oratione
995 2382 1145 2420 servetur,
1172 2378 1343 2420 perfectam
1364 2383 1462 2409 artem
1487 2378 1652 2418 oratoriam

189 2434 347 2468 exhibere.
390 2433 485 2468 Pam.
509 2433 557 2466 Ea
571 2433 713 2471 narrasti,
729 2443 749 2463 o
764 2433 918 2470 Socrates,
934 2442 1005 2474 quae
1029 2432 1150 2474 dicunt,
1172 2433 1226 2475 qui
1245 2437 1343 2464 artem
1357 2431 1542 2464 rhetoricam
1558 2432 1652 2473 profi-

189 2493 313 2521 tentem·
349 2489 476 2525 memini
488 2487 633 2526 enim,·id
649 2497 706 2518 nos
720 2487 755 2518 in
770 2485 980 2529 superioribus
994 2485 1127 2524 breviter
1141 2486 1292 2528 attigisse.
1315 2486 1439 2517 videtur
1463 2490 1572 2516 autem
1582 2486 1652 2517 *hoc

190 2551 339 2585 magnum
353 2540 504 2584 quiddam
518 2552 586 2574 esse
595 2540 661 2580 ³bis,
675 2541 731 2583 qni
745 2541 779 2572 in
800 2542 860 2572 hac
880 2545 945 2572 arte
959 2545 1128 2572 versantur.
1147 2541 1207 2572 vsed
1228 2546 1260 2572 et
1274 2540 1390 2573 Tisiam
1404 2540 1506 2581 ipsum
1521 2540 1653 2581 graviter

192 2590 446 2639 pessumdedisti.
489 2595 547 2632 So.
569 2596 667 2628 Dicat
681 2605 754 2637 ergo
769 2595 804 2627 id
815 2605 945 2637 quoque
961 2594 1051 2625 nobis
1070 2593 1185 2631 Tisias,
1208 2594 1362 2636 numquid
1385 2593 1474 2624 aliud
1492 2593 1653 2635 probabile

186 2655 224 2683 -et
237 2649 403 2682 verisimile
425 2653 599 2691 nuncupet,
625 2660 719 2692 quam
742 2650 827 2691 quod
843 2648 936 2690 vulgo
960 2648 1095 2680 videtur.
1139 2648 1233 2679 Pam.
1257 2648 1418 2687 Quidnam
1441 2647 1550 2679 aliud?
1595 2647 1651 2678 So.

189 2705 263 2737 Hoc
277 2709 426 2746 praeterea
439 2703 550 2738 scitum
566 2708 599 2735 et
613 2704 812 2735 artificiosum
828 2702 984 2735 invenisse
997 2707 1031 2735 et
1045 2702 1203 2745 scripsisse
1218 2703 1352 2740 videtur,
1365 2702 1451 2744 quod
1467 2701 1493 2732 si
1508 2701 1578 2743 quis
1592 2700 1652 2731 im-

184 2759 309 2791 becillis
324 2763 357 2791 et
371 2759 484 2797 audax,
500 2768 571 2790 curn
586 2758 744 2790 robustum
759 2759 917 2800 quendam
937 2757 1145 2800 timidumque
1160 2756 1338 2789 verberibus
1361 2766 1475 2787 caesum
1495 2754 1651 2796 spoliave-

183 2814 241 2851 rit,
255 2813 290 2844 in
301 2812 460 2854 judicium
476 2813 661 2854 deducatur,
675 2818 817 2845 neutrum
832 2813 960 2843 istorum
975 2822 1080 2844 verum
1104 2810 1246 2843 confiteri
1267 2814 1411 2852 oportet:
1435 2809 1490 2840 sed
1508 2807 1651 2839 timidum

191 2868 319 2910 quidem
333 2869 452 2911 dicere,
467 2879 532 2901 non
546 2879 565 2900 a
579 2868 649 2899 solo
664 2868 783 2900 audace
799 2867 852 2898 illo
866 2877 935 2899 esse
948 2877 982 2898 sc
996 2876 1127 2899 caesum:
1149 2866 1302 2898 audacem
1324 2875 1397 2896 vero
1417 2863 1478 2895 hoc
1499 2861 1651 2899 refellere,

277 2923 366 2955 Plac.
383 2923 436 2956 Tr.
892 2921 924 2955 Ι.
1489 2915 1521 2946 D
