1846 3268
194 254 271 293 180
658 247 884 287 INCERTI
916 245 1190 286 AUCTORIS
1572 246 1671 299 [140

197 367 257 388 nos
270 366 352 388 esse.
397 354 515 387 Nonne
531 358 636 397 putas,
651 362 827 395 perpaucos
842 362 911 384 esse
925 350 960 382 in
975 351 1036 382 bac
1053 351 1127 382 urbe
1143 348 1325 392 prudentes,
1339 347 1555 391 imprudentes
1574 347 1672 391 pluri-

196 421 277 452 mos,
293 420 372 452 quos
387 409 514 441 insanos
530 406 673 451 appellas
691 407 701 438 ?
750 405 814 437 AL.
838 405 1007 447 Equidem.
1052 403 1108 435 So.
1134 402 1188 434 Au
1203 412 1324 439 censes,
1341 413 1399 434 nos
1414 407 1499 433 tutos
1515 401 1595 434 inter
1615 402 1673 434 hos

196 465 323 495 insanos
338 464 382 494 ita
398 462 522 499 versari,
538 462 615 504 quin
632 460 841 504 percutiamur
856 460 896 490 ab
912 459 949 490 iis
965 469 1002 490 ac
1019 458 1225 494 verberemur,
1242 463 1274 488 et
1289 466 1488 499 quaecunque
1504 455 1612 488 furiosi
1626 455 1673 487 fa-

197 530 269 550 cere
290 528 483 550 consuevere
509 517 680 559 patientes,
698 515 887 557 jamdudum
914 522 1025 556 poenas
1051 522 1116 543 non
1145 511 1240 543 fuisse
1267 511 1418 543 daturos?
1463 511 1525 542 Sed
1548 510 1633 547 vide,
1656 521 1676 542 ο

199 574 303 611 beate,
327 584 368 604 ne
394 573 484 604 aliter
509 582 542 603 se
569 581 618 602 res
643 571 770 602 habeat.
816 569 882 600 Ar„
908 569 983 606 Quo
1008 572 1104 610 pacto
1129 577 1163 598 se
1187 567 1294 604 habet,
1319 577 1338 597 o
1353 565 1521 597 Socrates?
1543 569 1678 607 apparet

199 628 298 666 enim,
315 638 380 659 non
395 627 440 658 ita
455 637 535 663 esse,
551 630 587 657 ut
603 630 757 668 putaram.
803 624 859 656 So.
884 623 960 654 Non
976 628 1072 660 certe,
1098 627 1134 653 ut
1158 621 1236 653 mihi
1250 621 1385 652 videtur.
1413 631 1518 651 verum
1531 618 1576 651 sic
1588 618 1677 661 cogi-

197 683 329 714 tandum
344 687 404 715 est.
449 681 513 713 AL.
539 679 709 718 Quomodo
726 678 789 710 ais?
835 677 893 710 So.
917 676 1031 708 Dicam
1049 675 1117 708 tibi.
1162 674 1315 706 Ponimus
1339 674 1460 716 aliquos
1488 677 1675 715 aegrotantes

199 747 280 774 esse,
297 736 422 768 necne?
469 734 536 768 Ar..
560 734 699 766 Omnino
715 732 856 775 quidem.
901 731 958 763 So.
983 730 1140 771 Nunquid
1160 729 1369 761 necessarium
1385 727 1536 770 opinaris,
1551 737 1675 758 omnem

155 831 158 833 ι
200 796 351 832 aegrotum
378 790 510 822 cruciari
536 789 689 820 duntaxat
705 788 844 829 podagra
860 786 908 817 vel
924 785 1003 817 febri
1019 785 1066 816 vel
1083 783 1277 826 lippitudine
1292 784 1303 814 ?
1327 794 1367 814 an
1390 783 1484 814 etiam
1501 792 1594 824 posse
1608 780 1679 813 aliis

205 845 319 876 morbis
338 844 433 882 affici,
448 855 518 875 cum
536 843 643 874 multae
660 842 722 874 sint
738 842 913 873 morborum
930 841 1053 882 species
1069 844 1180 881 praeter
1195 838 1268 869 istas
1283 839 1294 870 ἓ
1339 837 1406 870 AL.
1429 837 1482 869 Sic
1499 831 1574 868 mihi
1589 835 1679 867 vide-

203 904 262 930 tur.
308 899 364 930 So.
390 896 501 929 Omnis
518 897 678 939 lippitudo
694 896 819 926 morbus
835 894 892 926 tibi
908 894 1054 926 videtur?
1102 892 1167 924 AL.
1190 892 1274 924 Mihi
1297 897 1392 924 certe.
1438 892 1495 924 So.
1519 890 1563 922 Et
1577 890 1679 922 omnis

198 954 324 984 morbus
347 953 441 984 etiam
469 952 651 994 lippitudo?
697 950 764 983 Ax„
787 949 861 981 Non
889 949 965 980 mibi
992 949 1141 990 quidem:
1166 947 1274 979 nescio
1299 952 1403 978 tamen
1427 946 1502 988 quid
1529 956 1676 978 asseram.

200 1007 258 1039 So.
284 1007 316 1038 Si
343 1007 440 1049 [140]
465 1006 584 1038 dicenti
612 1005 688 1036 mihi
708 1010 846 1035 mentem
867 1003 1031 1040 adhibeas,
1062 1007 1095 1033 et
1118 1002 1210 1033 ambo
1236 1001 1326 1032 simul
1354 1001 1590 1042 investigemus,
1612 1000 1677 1032 fere

201 1062 287 1103 quod
304 1061 448 1092 volumus
463 1070 705 1103 consequemur.
751 1058 816 1090 AL.
840 1057 1004 1096 Adhibeo,
1027 1067 1120 1099 quam
1147 1055 1280 1086 maxime
1294 1065 1435 1097 possum.
1480 1054 1535 1088 So.
1558 1053 1679 1086 Nonne

200 1116 351 1147 convenit
364 1115 446 1146 inter
461 1125 530 1152 nos,
546 1113 768 1156 lippitudinem
784 1122 908 1143 omnem
925 1122 992 1142 esse
1009 1110 1148 1141 morbum
1162 1120 1171 1150 3
1195 1119 1258 1140 non
1275 1119 1398 1140 omnem
1414 1113 1520 1140 tamen
1537 1108 1677 1139 morbum

201 1170 430 1212 lippitudinem
446 1169 539 1201 esse?
586 1168 653 1199 AL.
678 1167 846 1200 Convenit.
891 1166 947 1197 So.
971 1165 1013 1196 Et
1038 1169 1124 1196 recte
1151 1164 1281 1206 quidem
1307 1161 1503 1194 consensisse
1525 1161 1679 1196 videmur.

202 1225 320 1256 etenim
336 1224 549 1256 febricitantes
561 1227 715 1264 aegrotant
727 1231 857 1253 omnes:
880 1230 944 1251 non
962 1224 1067 1251 tamen
1086 1219 1269 1261 quicunque
1285 1221 1450 1260 aegrotant,
1476 1215 1571 1248 etiam
1585 1215 1681 1250 febri·

201 1279 303 1311 citant
318 1279 366 1310 vel
385 1279 523 1320 podagra
541 1283 595 1309 aut
611 1277 805 1318 lippitudine
821 1274 1009 1307 afficiuntur.
1054 1273 1116 1305 Sed
1134 1283 1227 1304 omne
1242 1271 1372 1314 quidem
1387 1270 1568 1313 hujusmodi
1591 1279 1679 1302 com-

201 1333 336 1365 muniter
357 1333 482 1365 morbus
507 1337 566 1364 est.
590 1331 715 1363 differre
738 1336 843 1362 autem
865 1329 980 1361 medici
1007 1328 1118 1360 dicunt
1132 1327 1256 1359 illorum
1270 1326 1479 1358 curationem.
1502 1335 1567 1356 non
1592 1323 1678 1356 enim

203 1398 313 1419 omnes
335 1392 390 1419 aut
404 1386 519 1418 similes
546 1392 630 1424 sunt,
652 1390 708 1418 aut
723 1383 863 1416 similiter
878 1388 1118 1427 pertractantur,
1133 1393 1237 1413 verum
1253 1381 1427 1413 secundum
1443 1379 1504 1411 vim
1521 1378 1678 1421 propi-iam

205 1442 342 1484 singuli:
368 1442 468 1474 morbi
485 1446 589 1472 tamen
606 1445 679 1472 sunt
695 1437 816 1480 omnes,
834 1438 1100 1481 quemadmodum
1123 1437 1255 1479 opifices
1282 1435 1403 1477 aliquos
1425 1445 1493 1466 esse
1519 1433 1680 1476 ponimus,

204 1507 310 1528 nonne
324 1496 335 1526 ?
380 1495 447 1527 AL.
472 1496 612 1528 Prorsus.
659 1494 713 1526 S0.
738 1493 780 1525 Et
794 1494 946 1526 cerdones
960 1497 993 1524 et
1006 1492 1111 1524 fabros
1123 1489 1371 1533 sculptoresque,
1388 1493 1420 1520 et
1429 1487 1678 1532 quamplurimos

203 1550 294 1591 alios,
310 1561 390 1592 quos
405 1550 516 1582 referre
531 1549 670 1592 singulos
684 1549 726 1580 nil
744 1559 824 1590 opus
839 1553 897 1586 est,
913 1547 1008 1590 quive
1024 1552 1129 1589 partes
1153 1544 1274 1587 opificii
1301 1544 1451 1576 discretas
1476 1543 1615 1574 habent:
1639 1552 1678 1574 ac

203 1615 312 1636 omnes
329 1605 456 1646 quidem
474 1603 604 1646 opifices
628 1608 722 1635 sunt:
745 1613 809 1634 non
834 1608 940 1635 tamen
962 1602 1042 1633 fabri
1066 1611 1175 1632 omnes
1194 1610 1298 1642 neque
1313 1598 1435 1631 coriarIi
1454 1608 1558 1640 neque
1573 1597 1679 1640 sculp-

203 1664 296 1696 tores,
310 1664 366 1690 aut
390 1659 499 1690 cuncti
522 1659 696 1700 generatim
722 1658 864 1700 opifices.
910 1657 976 1688 AL.
1000 1656 1052 1688 Sic
1078 1661 1137 1688 est.
1183 1654 1240 1686 So.
1264 1653 1384 1685 Eadem
1410 1663 1538 1696 quoque
1559 1652 1680 1684 ratione

203 1712 448 1755 imprudentiam
464 1713 545 1745 inter
558 1724 591 1745 se
607 1712 731 1755 plurimi
749 1713 923 1755 partiuntur
939 1723 947 1744 :
973 1716 1006 1743 et
1025 1711 1080 1753 qui
1107 1709 1256 1750 majorem
1273 1709 1445 1740 sortiuntur
1458 1706 1681 1748 imprudentiae

203 1773 336 1810 partem,
362 1767 464 1799 insani
492 1767 694 1810 furentesque
710 1773 883 1799 vocantur:
909 1766 965 1810 qui
980 1777 1052 1798 vero
1075 1765 1237 1807 aliquanto
1259 1763 1422 1799 minorem,
1449 1761 1558 1793 stolidi
1585 1765 1680 1803 atque

205 1821 345 1854 attoniti.
392 1822 459 1860 Qui
484 1826 590 1853 autem
606 1821 838 1854 honestioribus
854 1821 1014 1853 vocabulis
1028 1820 1139 1852 eadem
1155 1818 1330 1861 significare
1345 1817 1467 1854 volunt,
1484 1815 1596 1859 partim
1611 1814 1681 1858 qui-

205 1876 279 1907 dem
295 1875 512 1918 magnanimos
528 1875 703 1918 appellant,
721 1876 832 1918 partim
847 1876 993 1916 ineptos:
1017 1874 1146 1916 quidam
1161 1883 1226 1904 non
1241 1872 1353 1913 malos,
1367 1871 1523 1915 innocuos
1543 1874 1577 1901 et
1590 1868 1680 1901 inex-

206 1934 313 1972 pertos
327 1935 360 1960 et
374 1929 530 1971 stupidos.
575 1929 725 1961 Invenies
741 1940 868 1972 quoque
883 1929 944 1960 alia
967 1927 1066 1959 multa
1085 1926 1226 1964 nomina,
1250 1926 1364 1968 quibus
1391 1925 1538 1956 omnibus
1561 1924 1679 1965 impru-

207 1983 318 2016 dentia
333 1983 538 2025 significatur,
555 1984 734 2026 discrepant
756 1989 873 2021 autem,
897 1988 933 2014 ut
947 1982 978 2014 in
995 1980 1206 2024 superioribus
1221 1980 1400 2022 discrepare
1415 1978 1564 2022 apparuit
1577 1988 1626 2010 ars
1639 1979 1679 2010 ab

207 2043 272 2075 arte
287 2043 320 2071 et
334 2050 353 2070 a
379 2038 485 2070 morbo
510 2039 646 2070 morbus.
690 2039 763 2071 Tibi
779 2049 851 2070 vero
873 2037 950 2080 quid
970 2036 1116 2068 videtur?
1163 2035 1228 2067 AL.
1251 2035 1291 2067 Id
1315 2035 1431 2077 ipsum.
1475 2033 1532 2066 So.
1555 2031 1618 2065 Sed
1647 2036 1682 2065 ut

206 2093 384 2135 redeamus,
406 2094 491 2126 unde
507 2093 638 2135 digressi
650 2104 756 2126 sumus
769 2105 777 2126 ι
805 2093 998 2135 propositum
1014 2092 1074 2123 fuit
1088 2091 1121 2123 in
1139 2089 1363 2132 disputationis
1377 2087 1519 2130 exordio,
1535 2086 1592 2130 qui
1607 2098 1680 2130 pru-

205 2148 330 2186 dentes,
355 2147 451 2190 quive
476 2147 692 2190 imprudentes
718 2153 837 2190 essent,
861 2147 1048 2190 dijudicare.
1081 2145 1287 2178 convenimus
1309 2149 1428 2182 auteur,
1450 2142 1530 2175 tales
1557 2141 1681 2185 aliquos

206 2213 286 2234 esse.
318 2202 451 2234 nonne?
496 2201 563 2234 Ar..
597 2203 824 2237 Convenimus.
870 2202 927 2234 So.
949 2202 1127 2236 Prudentes
1152 2199 1321 2237 existimas,
1347 2198 1529 2240 quicunque
1558 2196 1682 2239 agenda

207 2256 408 2299 dicendaque
429 2259 651 2299 cognoscunt?
695 2258 760 2290 AL.
787 2257 956 2300 Equidem.
1001 2256 1057 2288 So.
1080 2255 1302 2297 Imprudentes
1327 2264 1394 2296 eos,
1416 2252 1474 2295 qui
1491 2256 1604 2296 neutra.
1630 2250 1680 2284 vi-

207 2310 308 2342 dent?
355 2311 422 2344 Ax„
446 2311 510 2344 Eos
525 2313 622 2354 ipsos.
666 2311 724 2346 So.
747 2312 865 2344 Nonne
888 2312 944 2355 qui
970 2317 1102 2353 utraque
1118 2311 1185 2343 haec
1198 2309 1356 2352 ignorant,
1370 2319 1404 2340 se
1419 2307 1505 2350 ipsos
1521 2306 1632 2343 latent,
1646 2309 1681 2338 et

207 2370 337 2407 agentes
363 2371 396 2397 et
420 2366 585 2409 loquentes
611 2377 682 2409 quae
699 2378 763 2398 non
791 2367 938 2409 oportet?
983 2365 1048 2397 Ar..
1070 2365 1227 2407 Apparet.
1273 2363 1330 2396 So.
1354 2362 1402 2393 Ex
1427 2361 1475 2393 his
1500 2359 1680 2392 bominibus

206 2430 316 2456 unum,
333 2431 352 2452 0
369 2419 565 2459 Alcibiades,
581 2421 733 2464 OEdipum
750 2433 817 2454 esse
843 2421 1000 2454 dicebam.
1035 2419 1132 2462 [141]
1155 2418 1310 2460 Reperies
1333 2426 1458 2459 quoque
1474 2414 1587 2447 nostris
1602 2419 1682 2446 tem-

206 2474 334 2516 poribus
351 2474 512 2516 plurimos,
535 2486 600 2508 non
615 2476 735 2518 impetu
760 2476 913 2512 concitos,
936 2480 973 2507 ut
986 2474 1052 2513 ille,
1068 2484 1171 2516 neque
1187 2476 1335 2515 putantes
1349 2471 1430 2503 mala
1442 2466 1499 2502 sibi
1518 2468 1608 2511 ipsis,
1623 2468 1679 2501 sed

207 2529 292 2560 bona
306 2529 425 2572 potius,
441 2535 602 2572 exoptare.
646 2530 706 2562 Ille
722 2531 876 2573 siquidem
894 2536 928 2563 ut
944 2541 1008 2561 non
1035 2529 1180 2571 optabat,
1195 2527 1240 2559 ita
1264 2537 1324 2559 nec
1344 2526 1487 2568 putabat.
1511 2529 1586 2557 sunt
1606 2533 1680 2556 vero

207 2582 365 2620 nonnulli,
381 2583 437 2624 qui
453 2584 562 2615 horum
578 2585 734 2616 contraria
749 2585 921 2627 patiuntur.
966 2584 1055 2616 Reor
1071 2582 1220 2626 equidem
1237 2587 1267 2613 te
1284 2581 1430 2623 primurn,
1447 2579 1474 2610 si
1488 2578 1569 2611 forte
1589 2576 1679 2609 Deua

205 2637 272 2675 ille,
289 2637 328 2668 ad
346 2647 440 2679 quem
455 2639 648 2670 exorandum
664 2639 802 2678 accedis,
818 2650 885 2675 sese
901 2638 1003 2672 oculis
1017 2638 1165 2677 offerens,
1180 2642 1210 2668 te
1228 2636 1313 2678 prius
1334 2645 1428 2678 quam
1447 2632 1566 2676 aliquid
1587 2631 1680 2664 obse·

206 2701 322 2727 crates,
335 2691 550 2734 interrogaret,
572 2694 687 2726 satisne
713 2694 771 2727 tibi
797 2694 840 2726 sit
862 2692 1106 2726 Atheniensium
1134 2691 1303 2735 tyrannide
1329 2689 1447 2733 potiri:
1468 2687 1555 2731 quod
1577 2684 1604 2718 si
1618 2685 1678 2718 hoc

209 2746 361 2788 quiddam
376 2746 524 2788 exiguum
540 2748 719 2786 aestimares,
736 2748 867 2780 adderet
882 2754 914 2780 et
929 2747 1111 2780 Graecorum
1127 2746 1286 2778 omnium:
1311 2749 1343 2777 et
1355 2744 1382 2776 si
1398 2741 1521 2779 viderit,
1533 2746 1565 2773 te
1577 2749 1680 2783 nequo

206 2800 274 2832 istis
285 2800 380 2832 etiam
393 2801 603 2842 acquiescere,
620 2802 680 2834 nisi
697 2803 792 2835 totius
803 2803 898 2835 etiam
915 2802 1051 2844 Europus
1066 2801 1210 2843 adjiciat,
1224 2810 1328 2842 neque
1343 2799 1375 2832 id
1390 2797 1518 2840 quidem
1529 2794 1586 2827 tibi
1594 2793 1681 2826 suffi-

207 2865 289 2892 cero,
306 2854 364 2887 nisi
377 2855 487 2887 eadem
504 2856 557 2888 die
569 2857 707 2888 sentiant
721 2868 830 2889 omnes
845 2856 1046 2891 Alcibiadem
1062 2855 1174 2888 Cliniae
1190 2855 1288 2886 filium
1305 2859 1474 2896 tyrannum
1487 2860 1567 2887 esse,
1582 2854 1679 2892 utque

206 2908 281 2944 ideo
297 2909 364 2943 haec
377 2910 433 2943 tibi
447 2911 635 2956 concederet
649 2912 776 2946 omnia:
801 2924 881 2952 reor,
896 2913 1038 2957 inquam,
1054 2912 1095 2945 ab
1107 2922 1145 2944 eo
1162 2915 1192 2943 te
1206 2909 1328 2952 ingenti
1343 2918 1414 2942 cum
1429 2905 1538 2939 laetitia
1553 2903 1676 2947 reditu<
