1846 3268
158 272 255 324 296]
687 269 1078 312 EUTHYDEMUS.
1552 278 1626 318 301

156 379 371 412 credulitatem
385 383 513 412 coactus
526 389 595 411 sum
608 377 846 421 Euthydemum
859 379 1060 421 interrogare,
1074 389 1115 410 an
1129 379 1225 412 etiarn
1247 380 1360 414 saltare
1375 381 1625 426 Dionysodorus-

157 432 260 467 sciret.
302 434 362 466 Ille
376 445 448 466 vero
462 433 631 466 consensit.
675 431 751 464 Non
765 438 880 470 tamen,
896 433 1036 476 inquam,
1053 444 1144 476 super
1169 445 1259 467 enses
1282 436 1367 467 humi
1389 436 1540 469 inclinato
1563 449 1617 470 ca-

156 489 223 531 pioe
237 488 400 526 transilire,
414 493 448 520 et
469 498 562 530 super
583 493 682 519 rotam
696 487 780 519 volvi
796 493 858 519 tam
874 489 999 530 grandis
1015 494 1103 526 natu,
1121 500 1221 531 usque
1241 491 1321 522 adeo
1342 491 1497 533 sapientia
1510 503 1618 534 super-

156 543 335 575 excellens?
378 541 467 573 Nihil
487 547 546 580 est,
562 541 677 584 inquit,
697 542 783 583 quod
807 543 936 574 nesciat.
978 543 1058 574 Tum
1073 554 1156 586 ego:
1181 544 1266 576 Num
1282 545 1387 576 omnia
1412 556 1498 578 nunc
1524 547 1617 578 dum-

156 602 243 629 taxat
265 596 475 639 cognoscitis?
498 606 540 628 an
563 601 597 628 et
620 606 753 638 semper.
797 596 840 628 Et
862 607 997 639 semper.
1041 597 1127 629 Num
1152 608 1171 629 a
1196 603 1303 630 tenera
1328 604 1432 636 aetate,
1449 599 1616 642 statimque

156 651 235 689 nati,
249 651 357 682 omnia
370 650 561 692 cognovistis
574 650 585 681 ?
629 650 758 688 Omnia,
783 651 1011 692 responderunt
1031 651 1122 682 simul
1139 656 1282 695 uterque.
1325 652 1429 684 Nobis
1444 653 1554 696 utique
1568 666 1617 686 res

155 704 254 747 [295]
277 705 467 737 incredibilis
483 705 548 736 visa
562 709 621 738 est.
664 705 755 737 Tunc
770 705 1003 748 Euthydemus,
1015 705 1090 737 Non
1107 706 1220 743 credis,
1233 717 1251 737 o
1263 707 1430 739 Socrates?
1475 707 1618 751 Excepto

154 759 228 801 hoc,
242 759 382 802 inquam,
397 760 482 801 quod
497 759 661 791 verisimile
675 764 723 791 est
737 770 792 791 vos
806 760 965 802 sapientes
979 770 1057 792 esse.
1101 758 1148 791 At
1171 760 1196 791 si
1217 759 1293 791 mihi
1307 759 1392 792 voles
1417 763 1619 803 respondere,

153 812 212 855 ait,
226 813 389 844 ostendam
405 817 436 845 te
452 824 578 856 qnoque
593 815 662 845 haec
676 813 829 845 mirabilia
843 814 1058 846 confitentem.
1103 813 1202 846 Grata
1225 813 1314 851 mihi,
1330 814 1471 856 inquam,
1487 816 1555 848 haec
1570 827 1621 848 re·

153 867 298 909 dargutio
313 867 383 904 erit,
396 868 481 909 quod
497 868 598 910 siqua
611 868 644 900 in
657 879 689 899 re
706 879 755 900 me
770 879 839 900 mea
855 868 1011 910 sapientia
1026 868 1129 906 latuit,
1146 868 1388 910 haudquaquam
1404 870 1552 901 ostendes
1565 881 1616 902 me

153 921 259 954 omnia
274 921 353 954 scire
367 932 404 954 ac
420 933 561 964 semper3
586 923 672 965 quod
687 922 770 954 enim
787 922 887 965 majus
902 923 1021 955 lucrum
1043 923 1076 954 in
1092 923 1158 954 vita
1177 922 1373 954 nanciscerer
1386 923 1397 954 ἓ
1442 922 1618 965 Responde

151 975 231 1018 jam,
258 976 371 1018 inquit.
413 976 578 1019 Tanquam
608 987 828 1019 responsurum
856 977 1024 1020 interroga.
1069 977 1223 1019 Nunquid
1253 976 1388 1019 alicujus
1414 978 1497 1010 scius
1523 988 1569 1015 es,
1596 989 1616 1010 o

155 1032 311 1071 Socrates,
323 1043 364 1064 an
379 1033 520 1064 nullius?
565 1033 723 1075 Alicujus.
766 1032 820 1064 An
836 1033 948 1064 eodem
963 1032 1022 1064 scis
1044 1042 1108 1074 quo
1129 1032 1213 1064 scius
1235 1043 1280 1070 es,
1294 1042 1335 1063 an
1356 1031 1418 1063 alio
1441 1033 1617 1075 quopiam?

153 1085 227 1124 Quo
240 1087 322 1119 scius
336 1097 415 1118 sum·
437 1087 565 1120 arbitror
579 1087 662 1119 enirn
679 1092 710 1118 te
725 1087 859 1118 animam
871 1087 988 1119 dicere.
1009 1088 1131 1119 hancne
1146 1086 1320 1128 intelligis?
1365 1086 1483 1118 Nonne
1508 1092 1540 1118 te
1558 1098 1621 1128 pu-

153 1141 221 1178 det,
237 1151 255 1172 o
270 1142 424 1178 Socrates,
441 1142 514 1172 dum
530 1142 737 1184 interrogaris,
754 1141 888 1173 vicissim
904 1141 1114 1183 interrogare?
1159 1140 1204 1172 At
1219 1141 1294 1182 quid
1315 1140 1451 1172 faciam?
1473 1140 1616 1183 inquam.

153 1195 266 1228 faciani
281 1195 426 1238 equidem
442 1201 602 1238 utcunque
617 1196 758 1238 jusseris,
774 1197 901 1238 quando
927 1196 1013 1238 quod
1038 1195 1148 1238 quaeris
1172 1195 1324 1237 ignorem.
1342 1194 1437 1236 jubes
1460 1199 1565 1227 autem
1582 1200 1618 1226 ut

153 1250 359 1291 respondeam
385 1250 525 1292 quidem,
539 1260 603 1281 non
628 1250 827 1292 interrogem.
872 1250 1044 1292 Cogitasne
1068 1260 1196 1292 quoquo
1222 1249 1331 1285 modo,
1345 1248 1459 1290 inquit,
1473 1249 1506 1280 id
1528 1249 1616 1291 quod

152 1303 284 1346 quaero?
326 1303 495 1346 Equidem.
538 1303 590 1335 Ad
606 1304 691 1336 istud
705 1315 779 1347 ergo
795 1304 963 1346 responde,
979 1304 1064 1346 quod
1091 1303 1222 1346 cogitas.
1267 1303 1368 1341 Quid,
1382 1303 1522 1345 inquam,
1539 1303 1564 1335 si
1580 1308 1615 1334 tu

152 1357 214 1389 alia
229 1363 332 1390 mente
347 1358 527 1401 interroges,
543 1358 604 1390 alia
619 1369 677 1400 ego
693 1359 911 1401 respondeam,
926 1369 997 1390 cum
1013 1358 1098 1389 aliud
1113 1368 1208 1400 quam
1223 1362 1255 1388 tu
1271 1357 1483 1399 conceperim,
1498 1357 1616 1390 satisne

152 1411 210 1442 tibi
225 1411 341 1444 factum
357 1412 493 1454 putabis,
508 1412 536 1443 si
551 1412 628 1443 nihil
650 1413 692 1443 ad
719 1423 781 1443 rem
807 1412 908 1454 ipsam
923 1412 1112 1454 respondero
1126 1412 1137 1443 ?
1179 1411 1264 1443 Mihi
1275 1411 1403 1453 quidem
1419 1416 1468 1443 sat
1482 1412 1552 1450 erit,
1567 1412 1619 1443 in-

151 1465 241 1508 quit:
266 1465 324 1497 tibi
334 1477 410 1504 non,
428 1471 463 1498 ut
476 1466 617 1498 arbitror.
660 1466 741 1498 Tum
757 1477 828 1510 ego,
841 1478 897 1509 per
910 1467 931 1500 J
934 1477 1023 1498 ovem
1039 1477 1102 1497 non
1118 1466 1203 1508 prius
1218 1466 1426 1508 respondebo,
1441 1477 1534 1509 quam
1550 1477 1616 1510 quo

150 1520 245 1550 modo
261 1521 512 1562 respondendum
540 1521 592 1558 sit,
613 1521 808 1553 intellexero.
853 1521 929 1553 Non
953 1522 1137 1563 respondes,
1159 1521 1274 1563 inquit,
1288 1520 1329 1552 ad
1345 1531 1383 1552 ea
1406 1531 1529 1564 semper
1543 1532 1617 1563 quae

151 1577 257 1606 mente
271 1573 413 1616 concipis
427 1586 435 1605 :
458 1575 607 1618 quoniam
623 1576 762 1617 nugaris,
775 1576 933 1616 Socrates,
947 1580 980 1607 et
996 1576 1103 1607 vanior
1118 1586 1151 1607 es
1167 1575 1336 1606 admodum
1351 1585 1445 1617 quam
1462 1581 1618 1617 oporteat.

149 1626 277 1669 Agnovi
292 1632 367 1660 tunc
381 1628 469 1659 illum
485 1629 560 1660 mihi
568 1628 635 1671 jam
651 1629 834 1666 subiratum,
850 1630 935 1671 quod
953 1630 1045 1660 verba
1059 1629 1172 1671 quihus
1187 1639 1236 1660 me
1250 1628 1360 1660 irretiri
1375 1629 1533 1671 studebat,
1551 1629 1617 1661 dis-

149 1693 320 1726 pergerem.
363 1683 463 1715 Venit
477 1683 552 1714 mihi
568 1688 716 1725 praeterea
726 1684 761 1715 in
775 1689 910 1715 mentem
928 1683 1071 1721 Connus,
1087 1684 1142 1725 qui
1165 1684 1312 1715 adversus
1333 1694 1383 1714 me
1399 1693 1616 1724 saepenumero

148 1733 343 1780 indignatur,
358 1737 505 1780 quotiens
519 1737 565 1768 illi
580 1748 644 1768 non
659 1748 774 1779 pareo:
799 1738 914 1769 deinde
930 1748 979 1769 me
999 1737 1119 1779 spernit
1141 1743 1177 1768 ut
1201 1737 1322 1768 rudem.
1368 1737 1540 1779 Postquam
1555 1738 1616 1780 igi-

151 1785 202 1823 tur
215 1791 351 1834 cogitavi
373 1793 482 1824 horum
497 1793 650 1824 doctrinae
676 1803 726 1824 me
747 1792 879 1829 tradere,
894 1792 1060 1823 arbitratus
1080 1801 1147 1822 sum
1171 1791 1302 1833 obsequi
1318 1795 1473 1832 oportere,
1489 1802 1529 1823 ne
1545 1792 1616 1834 quis

149 1855 257 1878 eorum
273 1857 322 1878 me
337 1852 372 1878 ut
386 1847 528 1889 ineptum
542 1852 575 1878 et
589 1846 758 1879 indocilem
775 1851 912 1889 respuat.
958 1846 1116 1884 Quocirca
1129 1850 1162 1878 et
1183 1845 1231 1877 illi
1254 1846 1394 1887 inquam.
1439 1846 1471 1877 Si
1487 1846 1544 1877 tibi
1558 1847 1615 1884 ita,

151 1901 365 1946 Euthydeme,
380 1901 504 1933 videtur
519 1902 688 1943 agendum,
704 1901 747 1933 ita
763 1906 883 1943 agatur.
907 1906 942 1933 tu
964 1911 1100 1943 namque
1124 1911 1173 1932 me
1188 1900 1287 1931 multo
1303 1899 1414 1931 melius
1430 1899 1614 1942 disputandi

147 1956 300 1988 rationem
314 1955 475 1998 intelligis,
490 1967 562 1988 cum
577 1961 611 1987 tu
627 1961 722 1987 artem
739 1956 820 1987 hanc
835 1960 954 1996 teneas,
968 1966 1029 1997 ego
1044 1965 1117 1986 vero
1133 1954 1191 1985 sim
1213 1954 1310 1986 rudis.
1354 1954 1496 1996 Ideoque
1516 1954 1615 1986 inter-

147 2020 222 2052 roga
235 2010 348 2042 iterum
368 2011 408 2042 ab
433 2009 539 2044 initio.
584 2010 760 2052 Responde
785 2021 900 2048 rursus,
914 2009 1031 2052 inquit,
1047 2015 1148 2042 utrum
1176 2009 1237 2041 scis
1259 2008 1366 2050 aliquo
1389 2018 1462 2050 quas
1483 2009 1556 2046 scis,
1571 2020 1613 2041 an

149 2063 258 2095 nullo?
305 2063 435 2106 Anima,
448 2064 586 2106 inquam.
609 2065 708 2108 [296]
733 2064 806 2102 Hic,
828 2065 873 2095 ait
894 2064 960 2101 ille,
976 2075 1038 2096 rem
1061 2064 1215 2105 anticipat
1236 2068 1269 2094 et
1290 2063 1362 2104 plus
1377 2073 1470 2105 quam
1486 2069 1614 2106 rogatus

147 2118 201 2156 sit,
215 2119 395 2160 respondet.
418 2129 484 2150 non
501 2120 668 2161 interrogo,
684 2129 748 2161 quo
773 2119 864 2158 scias,
880 2119 935 2150 sed
959 2123 1061 2151 utrum
1085 2117 1165 2150 scias
1188 2117 1306 2160 aliquo,
1321 2127 1434 2149 necne.
1479 2117 1549 2160 Ego
1571 2119 1613 2150 ad

149 2173 238 2204 haec:
262 2173 334 2215 plus
360 2183 454 2214 quam
477 2173 610 2205 decebat
631 2178 759 2216 propter
783 2172 970 2215 imperitiam
995 2183 1095 2204 meam
1114 2172 1274 2214 respondi.
1296 2171 1351 2203 sed
1376 2171 1504 2214 ignosce
1525 2172 1614 2211 mihi,

148 2226 289 2258 obsecro.
312 2227 508 2269 respondebo
529 2227 595 2269 jam
619 2238 704 2260 nunc
727 2227 921 2270 simpliciter,
938 2228 1024 2269 quod
1044 2227 1109 2258 scio
1136 2225 1244 2268 aliquo
1268 2236 1391 2268 semper
1415 2237 1613 2269 quaecunque

148 2281 226 2314 scio.
270 2280 396 2319 Utrum,
410 2282 467 2320 ait,
484 2283 544 2315 hoc
559 2283 669 2314 eodem
695 2293 829 2325 semper,
851 2292 892 2314 an
917 2287 984 2313 tum
1008 2282 1082 2319 hoc,
1097 2286 1164 2312 tum
1187 2280 1271 2311 alio?
1317 2280 1457 2322 Semper,
1472 2281 1614 2324 inquam,

148 2335 276 2377 quando
291 2335 369 2374 scio,
384 2337 445 2368 hoc
460 2335 537 2368 scio-
581 2336 644 2369 Hic
659 2336 724 2377 ille,
740 2336 893 2368 Nondum
907 2335 1102 2379 praevaricari
1116 2334 1256 2367 desinis?
1301 2333 1354 2366 Ne
1365 2335 1456 2372 forte,
1470 2336 1615 2378 inquam,

145 2389 178 2420 id
194 2391 279 2431 quod
296 2400 418 2433 semper
434 2391 562 2430 dicitur,
585 2402 642 2423 nos
656 2391 791 2432 falleret,
806 2391 851 2422 ita
866 2391 1028 2434 respondi.
1072 2389 1149 2421 Non
1166 2399 1235 2430 nos,
1249 2388 1362 2431 inquit,
1378 2388 1476 2426 dicas,
1491 2390 1547 2421 sed
1563 2395 1608 2423 te.

147 2444 203 2475 sed
219 2445 384 2486 responde,
399 2450 502 2477 utrum
517 2456 639 2488 semper
648 2447 708 2478 hoc
723 2446 815 2480 scias.
860 2446 1002 2488 Semper,
1017 2444 1160 2487 inquam,
1173 2448 1340 2486 postquam
1356 2443 1458 2485 ipsum
1474 2443 1613 2481 Quando

148 2502 273 2539 oportet
283 2498 472 2531 subtrahere.
516 2499 635 2532 Nonne
649 2511 772 2543 semper
791 2501 852 2533 hoc
875 2500 959 2532 scis?
983 2510 1106 2541 semper
1131 2502 1235 2529 autem
1259 2497 1360 2529 sciens
1383 2502 1484 2529 utrum
1508 2497 1615 2540 aliqua

148 2552 210 2584 hoc
225 2551 315 2589 scias,
329 2562 393 2595 quo
409 2553 480 2590 scis,
496 2554 600 2596 aliqua
621 2555 696 2593 alio,
712 2555 763 2586 vel
781 2556 842 2587 hoc
863 2554 933 2596 ipso
953 2554 1059 2586 omnia
1073 2553 1085 2584 ?
1131 2553 1216 2589 Hoc,
1240 2552 1380 2594 inquam,
1396 2556 1511 2584 cuncta
1525 2562 1612 2594 quae-

147 2616 274 2648 cunque
290 2606 366 2640 scio.
411 2607 474 2639 Hic
490 2618 591 2640 rursus
615 2609 846 2652 transgrederis,
862 2609 1016 2641 Socrates.
1060 2607 1255 2650 Excipiatur,
1278 2607 1419 2649 inquam,
1435 2607 1520 2648 quod
1545 2607 1613 2638 dic-

147 2664 214 2691 tum
235 2665 295 2702 est,
320 2661 526 2704 Quaecunque
551 2662 626 2695 scio.
671 2663 716 2695 Ut
740 2663 876 2706 excipias
902 2662 980 2694 nihil
1003 2662 1141 2705 postulo.
1165 2661 1260 2692 immo
1283 2661 1451 2703 responde,
1463 2671 1614 2703 possesne

147 2714 254 2745 omnia
269 2715 358 2751 scire,
382 2716 444 2747 nisi
457 2717 551 2748 scires
567 2716 695 2749 omnia?
740 2717 919 2749 Monstrum
935 2722 1019 2748 esset
1033 2717 1106 2754 hoc,
1121 2715 1261 2757 inquam.
1305 2714 1421 2756 Adjice
1435 2725 1520 2746 nunc
1531 2714 1613 2756 jam,

147 2767 203 2806 ait,
219 2769 373 2812 quidquid
403 2770 500 2803 lubet.
523 2776 639 2803 cuncta
661 2782 799 2814 namque
821 2772 901 2804 scire
925 2771 1041 2803 fateris.
1086 2770 1138 2802 Sic
1154 2769 1274 2807 videor,
1290 2769 1432 2812 inquam,
1445 2773 1613 2811 postquam

146 2823 263 2855 nullius
287 2825 438 2856 momenti
461 2824 520 2867 est!
532 2826 618 2867 quod
643 2825 768 2863 dicitur,
790 2826 1000 2867 Quaecunque
1021 2825 1107 2857 scio:
1132 2824 1237 2856 omnia
1252 2829 1357 2856 autem
1373 2824 1450 2856 scio.
1494 2822 1613 2854 Nonne

146 2882 181 2907 et
194 2887 315 2921 semper
330 2879 491 2911 confessus
505 2891 539 2911 es
552 2879 629 2912 scire
646 2879 706 2911 hoc
734 2891 798 2922 quo
822 2880 904 2920 scis3
929 2880 994 2911 sive
1008 2879 1136 2921 quando
1152 2878 1233 2911 scis?
1256 2889 1311 2910 seu
1326 2878 1612 2920 quomodocunque

147 2931 264 2974 placet.
289 2943 411 2977 semper
431 2934 514 2966 enim
539 2933 617 2966 scire
639 2945 674 2966 cs
695 2934 868 2973 confessus,
884 2944 921 2966 ac
947 2934 1054 2965 omnia
1067 2933 1169 2966 simul.
1191 2937 1314 2965 constat
1328 2943 1414 2974 ergo,
1430 2931 1514 2972 quod
1537 2939 1614 2970 puer

147 2985 279 3027 sciebas,
293 2992 326 3020 et
339 2989 466 3031 quando
482 2989 606 3033 genitus
620 3000 667 3033 es,
681 2994 714 3022 ct
739 2989 866 3034 quando
891 2993 1002 3022 natus:
1026 2989 1121 3021 immo
1145 2993 1179 3021 et
1193 2992 1360 3029 antequam
1382 2983 1563 3023 nascereris,
1579 2987 1614 3013 ct
