1846 3268
213 267 290 308 338
835 262 1103 305 PLAT0N1s
1582 269 1680 321 [439

213 369 290 412 quia
304 372 415 412 preter
437 365 618 410 haecznulla.
667 366 784 399 Verum
799 367 862 400 alia
884 368 1029 410 qnoedam
1045 372 1156 410 praeter
1177 367 1305 399 nomina
1319 368 1488 410 quaerenda
1502 374 1586 407 sunt,
1609 379 1682 414 qun

216 423 311 455 nobis
323 422 494 455 ostendant
519 422 636 464 absque
664 421 858 463 nominibus,
882 427 952 454 utra
973 422 1102 454 istorum
1117 432 1190 455 vera
1211 422 1285 461 sint,
1307 433 1409 455 rerum
1424 423 1574 456 videlicet
1594 435 1686 457 mon-

217 472 347 509 strantia
364 476 539 508 veritatem.
582 475 696 508 Can.
718 475 768 507 Ita
784 475 860 507 mihi
875 475 1008 509 videtur.
1051 475 1107 508 So.
1129 475 1164 508 Si
1178 477 1246 509 haec
1261 487 1334 508 vera
1355 482 1440 519 sunt,
1453 477 1594 521 Cratyle‚
1609 489 1686 521 pos.

217 528 350 573 sunt,ut
364 529 499 567 videtur,
514 539 563 561 res
578 529 647 561 sine
662 528 841 561 nominibus
865 530 997 573 percipi.
1042 529 1154 563 Creu·-
1177 529 1330 573 Apparet.
1375 531 1433 563 So.
1456 531 1519 563 Per
1531 531 1610 574 quid
1624 543 1686 575 po-

218 583 371 616 tissimum
386 583 471 615 aliud
489 593 594 625 speras
604 594 654 615 res
668 582 751 626 ipsas
766 583 952 625 percipere?
976 593 1080 614 nonne
1096 593 1152 625 per
1165 584 1252 626 quod
1267 588 1511 616 consentaneum
1521 594 1558 617 ac
1568 585 1687 618 decens

219 630 296 670 est?
314 647 370 678 per
393 642 533 668 mutuam
556 637 678 669 illarum
702 636 957 670 communionem
982 637 1113 675 scilicet,
1129 636 1155 669 si
1181 647 1244 679 quo
1268 638 1364 669 modo
1387 637 1523 670 invicem
1542 643 1687 682 cognata

219 697 305 730 sunt,
319 697 352 724 et
363 689 466 734 perse
479 690 566 733 ipsas
580 691 736 722 maxime?
758 691 846 733 quod
860 691 943 722 enim
960 690 1046 722 aliud
1061 696 1110 723 est
1124 691 1165 723 ab
1179 690 1254 729 illis,
1269 690 1356 723 aliud
1369 691 1534 735 quiddam,
1543 702 1608 724 non
1618 691 1689 726 illas

221 746 392 788 significat.
436 745 545 777 Can.
568 744 654 776 Vera
677 745 765 787 loqui
779 744 908 776 videris.
931 743 1029 787 [439]
1053 744 1111 778 So.
1134 744 1211 787 Dic,
1238 745 1500 787 obsecro,nonne
1521 745 1588 787 jam
1604 755 1690 787 saepe

222 799 445 836 concessimus,
460 799 588 830 nomina
603 808 675 841 quae
688 803 771 830 recte
786 797 889 840 posita
904 802 991 839 sunt,
1006 798 1120 830 similia
1135 798 1258 830 illorum
1269 809 1350 840 esse,
1361 809 1492 842 quorum
1502 804 1575 831 sunt
1583 798 1693 832 nomi-

222 863 266 884 na
281 853 293 884 ?
309 862 472 895 rerumque
482 851 636 895 imagines
647 852 740 884 esse?
778 852 891 884 Can.
905 852 1125 884 concessimus
1138 852 1244 895 plane.
1283 852 1340 884 So.
1355 853 1390 884 Si
1404 863 1477 895 ergo
1488 852 1564 886 licet
1573 864 1622 885 res
1636 863 1694 896 per

225 906 354 938 nomina
365 907 497 943 discere,
511 916 550 938 ac
574 907 669 938 etiam
685 917 741 948 per
755 917 789 938 se
803 906 908 949 ipsas:
933 917 1004 949 quae
1019 907 1214 949 praestantior
1227 906 1286 939 erit
1299 906 1496 949 lucidiorque
1505 907 1667 950 perceptio
1680 907 1693 938 ἓ

225 971 302 992 num
317 961 343 992 si
352 971 390 993 ex
399 960 537 1002 imagine
546 960 714 1002 cogitetur,
727 965 760 992 et
774 961 879 1003 imago
893 960 963 1003 ipsa
978 966 1080 993 utrum
1095 965 1180 993 recte
1194 971 1341 1003 expressa
1356 960 1406 998 sit,
1421 965 1456 992 et
1470 961 1594 999 veritas,
1603 961 1696 1003 cujus

227 1015 295 1047 haec
308 1019 357 1046 est
367 1014 493 1056 imago?
511 1024 552 1046 an
568 1014 674 1056 potius
685 1014 710 1045 si
725 1025 762 1046 ex
773 1014 903 1046 veritate
919 1019 982 1046 tam
992 1015 1104 1047 veritas
1117 1014 1186 1057 ipsa
1199 1025 1293 1058 quam
1303 1014 1403 1057 ipsius
1416 1014 1536 1056 imago,
1550 1014 1695 1056 nunquid

227 1068 378 1100 decenter
391 1067 494 1109 imago
510 1068 550 1099 ad
565 1078 634 1099 eam
651 1067 746 1099 suerit
758 1068 924 1099 instituta?
950 1068 1062 1101 Can.
1086 1068 1120 1100 Si
1131 1079 1170 1100 ex
1185 1068 1328 1100 veritate.
1356 1067 1413 1101 So.
1437 1067 1510 1106 Qua
1520 1068 1640 1100 ratione
1649 1077 1698 1100 res

228 1122 280 1154 vel
291 1132 349 1164 per
358 1121 532 1153 doctrinam
544 1122 592 1153 vel
607 1132 663 1164 per
674 1122 891 1154 inventionem
903 1123 1208 1164 comprehendendae
1219 1122 1293 1164 sint,
1301 1122 1457 1164 judicare,
1469 1121 1595 1164 majoris
1605 1131 1699 1165 quam

230 1186 336 1207 meum
348 1186 385 1207 ac
399 1180 487 1206 tuum
503 1175 556 1213 sit,
570 1175 690 1217 ingenii
706 1185 786 1217 opus
801 1186 869 1207 csse
883 1176 1018 1209 videtur.
1048 1175 1189 1207 Sufficiat
1199 1180 1304 1207 autem
1315 1185 1400 1207 nunc
1414 1175 1495 1207 inter
1509 1185 1568 1207 nos
1581 1175 1700 1208 consti-

231 1229 317 1267 tisse,
329 1229 415 1271 quod
428 1239 492 1260 non
503 1240 539 1260 ex
554 1229 745 1266 nominibus,
761 1229 859 1261 immo
872 1240 910 1262 ex
922 1240 955 1261 se
968 1230 1044 1272 ipsis
1059 1230 1180 1272 potius,
1192 1229 1351 1262 discendae
1361 1230 1601 1272 quaerendaeque
1615 1233 1702 1261 sunt.

235 1283 348 1315 Can.
371 1283 425 1315 Sic
440 1287 583 1325 apparet,
600 1294 618 1315 ο
633 1284 788 1316 Socrates.
832 1284 889 1316 So.
912 1284 1208 1316 Animadvertamus
1230 1289 1263 1315 et
1284 1284 1345 1316 hoc
1368 1289 1530 1326 praeterea,
1547 1294 1588 1316 ne
1603 1283 1702 1317 multa

233 1338 303 1369 haec
318 1337 447 1368 nomina
460 1337 496 1369 in
510 1337 594 1369 idem
620 1337 785 1369 tendentia
807 1348 865 1368 nos
889 1337 1064 1380 decipiant,
1080 1348 1151 1369 cum
1176 1338 1232 1379 qui
1255 1337 1312 1369 illa
1335 1337 1566 1379 imposuerunt,
1581 1347 1703 1370 currere

235 1391 342 1423 omnia
364 1401 486 1434 semper
511 1390 669 1432 fluereque
694 1391 882 1433 putaverint,
904 1395 1000 1432 atque
1025 1401 1062 1422 ea
1087 1391 1338 1423 consideratione
1354 1391 1535 1433 posuerintz
1558 1391 1705 1423 videntur

236 1456 352 1487 nempe
374 1445 451 1476 mihi
472 1445 515 1477 ita
536 1445 746 1477 existimasse:
770 1455 901 1487 quorum
931 1448 1036 1476 tamen
1062 1444 1170 1486 opinio
1185 1445 1211 1476 si
1227 1444 1296 1476 talis
1311 1445 1440 1483 exstitit,
1455 1445 1533 1477 falsa
1558 1445 1705 1477 habenda

238 1504 297 1532 cst.
321 1499 462 1542 profecto
474 1498 533 1537 illi,
543 1499 631 1531 velut
643 1499 674 1530 in
687 1499 845 1541 quandam
860 1499 982 1541 delapsi
992 1499 1187 1540 vertiginem,
1199 1505 1232 1531 et
1241 1498 1301 1541 ipsi
1313 1499 1461 1530 vacillant
1469 1499 1706 1541 jactanturque,

240 1558 274 1585 et
286 1564 340 1585 eos
354 1554 387 1585 in
401 1553 535 1585 eandem
551 1553 707 1595 rapientes
732 1554 931 1595 immergunt.
976 1552 1162 1594 Considera,
1183 1552 1228 1583 vir
1245 1552 1373 1584 mirifice
1388 1552 1531 1595 Cratyie,
1543 1553 1628 1595 quod
1644 1563 1706 1595 ego

241 1618 456 1649 saepenumero
472 1607 605 1639 somnio.
628 1611 731 1638 utrum
747 1607 915 1640 dicendum
932 1611 991 1644 est,
1006 1617 1075 1638 csse
1089 1606 1209 1648 aliquid
1226 1606 1327 1648 ipsum
1343 1607 1506 1647 pulchrum
1521 1617 1559 1638 ac
1575 1608 1705 1644 bonum,

241 1666 275 1693 et
289 1661 536 1704 unumquodque
561 1661 763 1693 existentium
784 1661 839 1698 ita,
856 1671 971 1693 necne.
1016 1660 1129 1693 Cau.
1152 1660 1237 1692 Mihi
1256 1660 1396 1703 quidem,
1416 1671 1436 1692 o
1460 1660 1616 1698 Socrates,
1640 1671 1709 1694 esse

241 1714 378 1747 videtur.
422 1715 479 1747 So.
501 1715 588 1747 Illud
600 1715 695 1757 igitur
718 1715 822 1757 ipsum
845 1715 1091 1752 consideremus,
1105 1725 1170 1746 non
1197 1715 1223 1747 si
1239 1714 1343 1746 vultus
1361 1715 1489 1757 quidam
1514 1720 1570 1747 aut
1589 1715 1709 1757 aliquid

243 1768 354 1800 talium
379 1769 543 1811 pulchrum
567 1774 627 1807 est,
653 1768 773 1812 quippe
796 1770 865 1801 haec
886 1769 992 1800 omnia
1015 1769 1140 1801 fluunt:
1165 1769 1221 1801 sed
1244 1770 1350 1811 ipsum
1374 1768 1539 1811 pulchrum
1564 1769 1712 1811 dicimus,

244 1833 353 1855 nonne
367 1834 489 1865 semper
503 1824 566 1856 tale
581 1823 674 1865 quale
689 1829 737 1855 est
751 1823 952 1866 perseverat?
997 1822 1109 1856 cnm.
1133 1822 1273 1855 Necesse
1284 1829 1344 1856 est.
1389 1823 1446 1855 So.
1467 1822 1622 1865 Nunquid
1640 1833 1714 1865 pos·

245 1877 336 1909 sibile
350 1882 398 1909 est
410 1877 514 1920 ipsum
530 1882 614 1909 recte
633 1877 847 1916 denominare,
865 1878 891 1910 si
916 1888 1039 1920 semper
1062 1877 1261 1920 subterfugit,
1284 1887 1322 1909 ac
1345 1877 1444 1919 primo
1460 1877 1546 1919 quod
1568 1876 1647 1908 illud
1662 1877 1715 1914 sit,

247 1929 365 1962 deinde
380 1931 475 1973 quale
490 1931 531 1962 sit
541 1931 645 1963 dicere
659 1931 671 1963 ?
693 1932 743 1964 vel
758 1932 967 1964 necessarium
983 1937 1042 1969 est,
1057 1932 1132 1963 dum
1148 1931 1303 1973 loquimur
1318 1932 1404 1963 aliud
1416 1931 1518 1973 ipsum
1529 1931 1633 1963 statim
1647 1930 1717 1964 fieri

244 1983 426 2026 jugiterque
437 1984 591 2027 diffugere
605 1995 664 2017 nec
681 1985 744 2017 tale
759 1986 893 2028 amplius
909 1986 1001 2017 csse?
1047 1985 1159 2019 can.
1182 1985 1412 2017 Necessarium.
1455 1985 1509 2017 So.
1531 1985 1606 2024 Quo
1622 1989 1716 2027 pacto

249 2037 369 2080 aliquid
396 2038 476 2070 illud
501 2039 574 2080 erit,
589 2039 676 2081 quod
700 2050 862 2082 nunquam
889 2040 1001 2071 eodem
1028 2039 1123 2070 modo
1147 2050 1181 2070 se
1206 2039 1323 2070 habet?
1369 2039 1403 2070 Si
1426 2039 1510 2070 enim
1525 2038 1717 2081 quandoque

249 2092 363 2123 eodem
379 2092 472 2124 modo
487 2103 520 2124 se
535 2094 643 2135 habet,
657 2103 696 2126 eo
710 2093 746 2126 in
760 2099 902 2137 tempore
916 2093 1044 2126 minime
1060 2098 1264 2136 permutatur.
1287 2093 1335 2124 sin
1350 2097 1455 2125 autem
1470 2103 1591 2136 semper
1605 2093 1717 2125 eodem

251 2146 347 2177 modo
363 2157 396 2178 se
411 2147 507 2178 habet
520 2146 667 2190 idemque
682 2148 801 2186 existit,
815 2149 975 2191 quomodo
991 2148 1101 2179 transit
1116 2147 1165 2179 vel
1181 2152 1333 2186 movetur,
1348 2158 1420 2179 cum
1435 2147 1539 2179 ideam
1555 2157 1642 2178 suam
1654 2157 1720 2178 non

254 2200 400 2231 deserat?
446 2199 558 2233 cnr-r.
581 2201 680 2233 Nullo
704 2207 809 2244 pacto.
855 2201 913 2234 So.
935 2202 1092 2234 Praeterea
1117 2213 1136 2233 a
1158 2202 1247 2233 nullo
1270 2206 1520 2244 cognosceretur.
1543 2202 1618 2234 dum
1633 2201 1719 2234 enim

255 2254 420 2296 cognitura
434 2254 479 2286 vis
506 2254 604 2298 [44⁰]
628 2255 732 2298 ipsum
758 2256 990 2298 aggrederetur,
1014 2255 1101 2287 aliud
1125 2255 1328 2298 alienumque
1344 2255 1444 2288 fieret.
1467 2265 1564 2298 quare
1587 2255 1666 2298 qnid
1681 2254 1723 2286 sit

257 2313 313 2339 aut
326 2307 432 2350 quale,
447 2309 596 2350 cognosci
610 2319 675 2340 non
689 2314 808 2352 posset.
831 2320 903 2341 nam
918 2309 1058 2352 cognitio
1071 2309 1160 2341 nulla
1175 2309 1220 2341 ita
1233 2319 1296 2341 rem
1311 2309 1458 2352 percipit,
1474 2314 1510 2340 ut
1521 2308 1609 2340 nullo
1625 2309 1722 2340 modo

259 2372 292 2393 se
307 2362 474 2394 habentem
499 2362 663 2404 percipiat.
708 2362 820 2396 can.
844 2363 903 2395 Est
927 2369 964 2395 ut
987 2363 1046 2396 ais.
1091 2364 1147 2396 So.
1169 2363 1232 2395 Sed
1256 2373 1359 2405 neque
1385 2362 1599 2404 cognitionem
1622 2362 1724 2404 ipsam

260 2426 327 2447 esse
342 2415 556 2447 affirmandum
572 2422 631 2453 est,
647 2427 666 2448 ο
690 2417 833 2460 Cratyle,
848 2417 873 2449 si
899 2417 1053 2449 decidunt
1074 2417 1180 2448 omnia
1201 2417 1342 2458 nihilque
1367 2420 1540 2458 permanet.
1584 2415 1619 2447 Si
1641 2416 1726 2448 enim

261 2469 402 2512 cognitio
417 2480 453 2500 ex
470 2480 508 2502 eo
524 2470 610 2512 quod
626 2470 767 2513 cognitio
783 2476 843 2509 est,
859 2481 924 2502 non
946 2471 1079 2508 decidit,
1096 2470 1291 2513 permanebit
1316 2480 1450 2512 semper,
1465 2480 1503 2502 ac
1525 2480 1647 2512 semper
1669 2469 1729 2501 crit

263 2523 425 2565 cognitio=
450 2524 500 2555 sin
515 2529 620 2555 autem
636 2524 826 2567 cognitionis
840 2524 961 2568 species
975 2524 1046 2567 ipsa
1060 2524 1206 2561 discedit,
1221 2523 1313 2555 simul
1336 2528 1370 2555 et
1384 2523 1416 2554 in
1431 2523 1523 2555 aliam
1538 2523 1727 2566 cognitionis

264 2576 401 2619 speciem
414 2577 588 2616 delabetur,
602 2589 706 2620 neque
718 2579 856 2621 cognitio
872 2579 940 2611 erit.
987 2579 1083 2616 Quod
1100 2578 1125 2610 si
1141 2582 1295 2620 perpetuo
1311 2577 1431 2619 migrat,
1446 2587 1568 2619 semper
1590 2587 1654 2608 non
1669 2577 1728 2609 erit

265 2629 419 2672 cognitiO.
441 2636 536 2674 atque
551 2633 610 2664 hac
624 2632 744 2665 ratione
759 2643 861 2675 neque
870 2633 956 2675 quod
969 2633 1165 2675 cogniturum
1178 2638 1237 2670 est,
1247 2641 1349 2673 neque
1363 2632 1448 2674 quod
1461 2631 1728 2673 cognoscendum,

268 2694 390 2726 semper
404 2684 473 2718 erit.
519 2685 574 2717 Sin
590 2692 694 2719 autem
710 2697 832 2729 semper
845 2692 893 2718 est
907 2687 992 2729 quod
1009 2687 1181 2729 cognoscit,
1196 2691 1244 2718 est
1258 2686 1344 2728 quod
1369 2684 1580 2727 cognoscitur,
1593 2689 1643 2715 est
1657 2683 1731 2726 pul-

268 2738 388 2776 chrum,
400 2743 449 2770 est
464 2743 497 2770 et
510 2740 639 2778 bonum,
654 2746 763 2783 estque
779 2741 916 2783 denique
931 2740 1130 2772 existentium
1141 2739 1388 2782 unumquodque
1401 2749 1410 2770 ε
1434 2748 1505 2781 quae
1518 2738 1552 2770 in
1565 2736 1732 2780 praesentia

271 2791 416 2834 dicimus,
440 2792 541 2824 fluxus
569 2793 694 2826 lationis
717 2795 831 2827 similia
854 2806 918 2827 non
939 2795 1096 2827 videntur.
1144 2794 1258 2826 Utrum
1284 2803 1355 2825 vero
1378 2793 1445 2825 hrec
1466 2792 1513 2824 ita
1534 2791 1608 2828 sint,
1631 2801 1673 2822 an
1697 2795 1734 2822 ut
1785 2807 1790 2811 ἡ

273 2845 422 2878 dicebant
445 2846 598 2879 Heracliti
614 2853 782 2881 sectatores
798 2849 914 2892 aliique
930 2849 1088 2891 permulti,
1104 2849 1189 2880 haud
1213 2846 1307 2880 facile
1330 2846 1464 2878 discerni
1489 2849 1606 2886 potest.
1629 2854 1734 2886 neque

274 2900 409 2932 hominis
424 2910 507 2932 sanae
524 2901 634 2933 mentis
649 2908 707 2944 est,
723 2913 756 2934 se
777 2903 880 2945 ipsum
904 2903 1107 2944 animumque
1129 2912 1217 2933 suum
1234 2900 1412 2933 nominibus
1426 2899 1563 2935 credere,
1578 2902 1612 2929 ct
1626 2902 1736 2929 aucto·

276 2965 340 2987 rem
357 2955 516 2989 nominum
533 2956 706 3000 sapientem
729 2967 902 2991 asseverare
917 2970 924 2991 z
947 2963 1043 3000 atque
1065 2956 1109 2991 ita
1129 2956 1170 2989 de
1196 2966 1230 2989 se
1244 2955 1314 2999 ipso
1330 2955 1482 2997 rebusque
1496 2951 1639 2985 omnibus
1655 2951 1735 2983 male
