1846 3268
223 259 304 298 210
344 250 345 253 ’
819 247 1089 299 PLATOle
1600 254 1698 307 [490

222 361 407 395 multitudo.
452 361 509 393 So.
531 359 607 392 Non
623 368 698 401 ergo
713 356 784 400 lege
799 355 877 396 sola,
900 361 933 390 et
958 355 1080 398 turpius
1103 359 1152 387 est
1174 354 1277 387 facere
1292 354 1445 397 injuriam
1463 365 1558 397 quam
1574 356 1657 398 pati,
1672 361 1706 390 et

219 417 342 460 justum
358 421 406 448 est
421 415 601 458 aequitatem
618 422 738 446 servare
750 423 761 453 3
783 412 839 444 sed
860 410 954 444 etiam
978 410 1048 453 ipsa
1073 414 1196 442 natura.
1241 410 1446 452 Quapropter
1463 410 1577 442 videris
1601 410 1633 441 in
1647 420 1704 442 su-

226 471 401 514 perioribus
417 481 479 502 non
496 480 568 501 vere
583 467 712 504 dixisse,
724 477 806 498 neve
821 475 871 497 me
886 470 971 497 recte
993 464 1202 503 accusavisse.
1217 464 1327 496 dicens
1344 465 1498 496 contraria
1515 475 1582 496 ense
1599 464 1702 506 legem

226 530 322 567 atque
339 529 501 555 naturam:
526 533 639 565 meque
663 521 732 552 lraec
758 519 1058 551 animadvertentem
1084 518 1184 550 solere
1210 518 1243 550 in
1259 518 1360 550 verbis
1387 518 1543 555 insidiari,
1560 523 1656 560 atque
1679 517 1705 549 si

229 579 300 621 quis
314 579 486 611 secundum
504 581 646 608 naturam
674 575 831 620 loquatur,
846 574 886 605 ad
911 573 1011 615 legem
1026 584 1035 611 ;
1058 572 1086 604 si
1099 572 1170 615 quis
1185 583 1258 604 vero
1274 573 1445 604 secundum
1464 572 1631 614 legemrad
1648 582 1704 603 na-

230 637 331 663 turam
345 633 514 664 deducere.
561 629 650 663 CAL.
673 628 737 660 Hic
754 628 799 659 vir
824 637 984 669 nunquam
1011 626 1142 658 desistet
1164 626 1196 658 in
1221 627 1313 668 nugis
1329 627 1453 657 versari.
1498 626 1565 658 Dic
1579 626 1669 662 mihi,
1685 637 1704 658 ο

231 686 388 726 Socrates,
401 696 507 717 nonne
523 690 555 717 te
571 685 681 727 pudet,
697 693 768 715 cum
785 687 849 714 tam
864 681 989 724 grandis
1004 686 1081 712 natu
1096 680 1149 719 sis,
1165 681 1271 713 venari
1287 680 1415 711 nomina
1429 691 1438 712 ε
1463 686 1558 722 atque
1587 682 1611 711 si
1635 680 1706 722 quis

230 741 326 772 verbo
342 740 479 777 excidat,
497 745 645 781 tanquam
662 738 695 769 id
711 737 767 769 tibi
782 737 868 768 lucro
885 735 1000 772 veniat,
1022 735 1164 777 impense
1178 739 1305 776 captare
1319 735 1330 765 ?
1376 735 1474 766 Putas
1491 745 1539 766 me
1554 733 1640 766 aliud
1657 735 1708 766 di-

226 805 297 826 cere
324 793 516 835 potentiores
542 803 610 825 esse
630 802 725 835 quam
751 790 917 835 meliores?
942 800 1048 822 nonne
1074 790 1194 821 dudum
1223 789 1278 821 tibi
1306 789 1391 826 dico,
1407 789 1489 820 idern
1511 799 1580 820 esse
1596 788 1706 819 melius

225 854 322 890 atque
339 846 524 890 potentius?
570 846 621 877 An
638 850 731 888 putas
757 855 807 876 me
829 844 947 881 dicere,
963 843 990 875 si
1014 843 1072 875 saex
1089 854 1246 875 servorum
1261 843 1488 885 hominumque
1505 842 1644 885 undique
1660 842 1707 873 vi-

229 896 416 934 lissimorum
432 901 465 932 in
479 911 575 932 unum
592 899 743 936 confluat,
767 899 857 936 istos,
872 903 1081 941 praeterquam
1107 897 1237 929 fortasse
1261 897 1402 940 corporis
1418 897 1543 934 viribus,
1558 907 1626 928 esse
1649 907 1706 939 po-

227 957 379 987 tentiores
394 967 403 987 z
430 961 462 987 et
477 965 548 996 quae
563 954 618 985 isti
634 957 785 990 statuant,
801 963 869 984 esse
880 951 974 994 jura?
1020 952 1076 984 So.
1100 951 1260 994 Agedum,
1276 962 1295 982 o
1307 951 1537 993 sapientissime
1548 951 1708 988 Callicles,

230 1009 318 1040 itane
334 1008 438 1040 dicis?
485 1007 571 1040 CAL.
595 1007 638 1039 Et
653 1007 788 1038 maxime
813 1006 955 1048 quidem.
999 1006 1056 1039 Se.
1077 1005 1124 1037 At
1148 1016 1220 1047 ego,
1234 1005 1326 1037 beate
1342 1006 1398 1042 vir,
1417 1005 1606 1047 jamdudum
1630 1015 1708 1036 con-

224 1065 328 1106 jecto,
342 1063 404 1095 tale
420 1062 541 1105 aliquid
557 1067 588 1094 te
603 1061 764 1104 potentius
778 1061 939 1104 appellare
953 1072 961 1094 :
987 1065 1083 1102 atque
1093 1060 1264 1101 interrege,
1275 1059 1408 1102 cupiens
1422 1059 1499 1102 quid
1510 1059 1587 1093 velis
1598 1064 1707 1101 aperte

229 1128 436 1160 cognoscere.
459 1127 524 1148 non
550 1115 635 1148 enim
659 1120 694 1147 tu
719 1115 800 1147 duos
826 1114 968 1150 meliores
987 1114 1114 1157 judicas
1129 1124 1198 1146 esse
1222 1124 1316 1156 quam
1333 1113 1452 1145 unum?
1475 1124 1580 1156 neque
1601 1123 1706 1145 servos

235 1180 306 1204 tuos
324 1179 355 1204 te
373 1171 529 1208 meliores,
545 1170 620 1213 quia
635 1169 784 1204 videlicet
798 1169 988 1201 robustiores
1004 1169 1091 1200 sint?
1138 1167 1255 1200 Verum
1272 1179 1374 1200 rursus
1388 1178 1408 1199 a
1428 1167 1586 1210 principio
1609 1167 1709 1204 dicas,

231 1238 312 1268 quos
326 1227 454 1257 tandem
470 1225 516 1256 ais
532 1225 674 1257 meliores
689 1235 770 1262 esse,
785 1224 914 1266 quando
928 1235 994 1256 non
1010 1223 1174 1255 validiores
1188 1235 1195 1255 z
1219 1228 1252 1255 et
1267 1222 1352 1261 vide,
1377 1233 1496 1265 precor,
1521 1233 1540 1254 o
1555 1222 1602 1254 vir
1624 1221 1708 1254 miri-

230 1281 303 1318 fice,
319 1286 355 1311 ut
382 1280 486 1310 mitius
515 1290 564 1310 me
590 1279 719 1316 doceas,
734 1289 775 1310 ne
799 1289 819 1309 a
844 1272 960 1309 scholis
976 1277 1038 1310 tuis
1054 1276 1226 1319 aufugiam.
1274 1277 1358 1309 Can.
1382 1276 1489 1308 Itonia
1513 1275 1663 1318 loqueris,
1687 1286 1708 1307 ο

229 1335 386 1367 Socrates.
432 1333 490 1365 So.
514 1332 589 1364 Non
613 1343 668 1374 per
692 1332 837 1370 Zethum,
853 1343 872 1364 o
900 1331 1060 1370 Callicles,
1076 1342 1140 1374 quo
1164 1336 1199 1362 tu
1221 1331 1330 1368 fretus,
1346 1330 1444 1362 multa
1469 1341 1544 1362 usus
1558 1330 1706 1362 adversus

231 1399 282 1420 me
298 1398 382 1420 nunc
398 1399 431 1420 es
447 1387 560 1419 ironia.
606 1387 726 1419 Verum
742 1387 795 1418 dic
810 1397 880 1429 age.
896 1397 1050 1428 quosnam
1066 1386 1210 1418 meliores
1229 1385 1396 1428 appellus?
1440 1384 1526 1417 Cn..
1550 1385 1710 1416 Praestan-

231 1442 326 1473 tiores
341 1442 502 1484 equidem.
547 1442 602 1473 So.
625 1441 726 1474 Vides
742 1452 828 1483 ergo,
845 1448 876 1472 te
892 1440 1021 1472 nomina
1036 1441 1199 1472 dumtaxat
1213 1440 1330 1482 dicere,
1345 1439 1510 1472 ostendere
1526 1450 1598 1471 vero
1616 1439 1707 1471 nihil.

230 1495 307 1528 Non
334 1496 450 1538 aperis,
467 1496 609 1528 meliores
633 1495 890 1538 potentioresque
918 1501 1019 1527 utrum
1046 1494 1277 1537 prudentiores,
1292 1505 1333 1525 an
1357 1494 1435 1526 alios
1461 1494 1613 1536 quosdam
1638 1504 1707 1525 esse

231 1550 344 1582 dicas?
391 1550 479 1583 ΟΜ..
503 1550 565 1594 Per
587 1550 702 1583 Jovem
727 1550 786 1581 hos
806 1550 892 1592 dico,
917 1555 950 1581 et
973 1550 1105 1581 maxime
1127 1549 1267 1591 quidem.
1312 1549 1368 1580 So.
1392 1548 1484 1590 Saepe
1509 1547 1606 1590 igitur
1625 1558 1706 1582 unus

230 1604 371 1646 prudens
397 1603 612 1646 complurimis
637 1603 889 1646 imprudentibus
913 1603 1011 1646 [490]
1036 1603 1210 1635 secundum
1238 1613 1411 1635 sermonem
1435 1608 1522 1634 tuum
1547 1603 1710 1645 potentio!¹
1763 1633 1770 1639 ,

231 1663 304 1690 estz
327 1662 423 1700 atque
439 1658 523 1689 hunc
540 1668 594 1700 par
617 1663 666 1689 est
690 1658 858 1695 dominari,
879 1662 1000 1689 ceteros
1017 1668 1088 1689 vero
1113 1658 1251 1695 subesse,
1274 1657 1406 1699 piusque
1426 1658 1540 1689 habere
1564 1668 1635 1689 eum
1659 1657 1709 1688 his

232 1713 347 1755 quibus
362 1713 507 1754 imperat.
532 1713 592 1745 hoc
606 1712 690 1744 enirn
708 1712 814 1744 dicere
836 1711 912 1743 mihi
926 1712 1007 1743 velle
1023 1712 1157 1743 videris:
1181 1722 1285 1753 neque
1300 1712 1394 1742 verba
1407 1721 1570 1755 aucuporz
1594 1712 1622 1743 si
1635 1711 1707 1755 qui-

231 1768 304 1799 dem
320 1777 402 1798 unus
418 1767 459 1798 sit
474 1767 580 1798 multis
596 1766 768 1809 potentior.
813 1766 901 1798 Cn..
926 1765 969 1797 At
985 1767 1053 1798 haec
1075 1765 1146 1808 ipsa
1171 1771 1246 1797 sunt
1269 1777 1340 1808 quae
1364 1765 1450 1798 dico.
1471 1766 1533 1798 hoc
1546 1766 1630 1798 enim
1645 1776 1706 1808 ego

231 1822 363 1853 arbitror
372 1820 427 1863 jus
441 1832 508 1853 esse
524 1825 647 1858 natura,
663 1831 734 1852 eum
751 1821 912 1858 videlicet,
926 1819 982 1863 qui
996 1820 1106 1852 melior
1122 1820 1370 1863 prudentiorque
1386 1820 1438 1858 sit,
1449 1820 1600 1862 imperare
1611 1825 1709 1863 atque

232 1875 305 1917 plus
318 1875 518 1907 inferioribus
535 1874 708 1917 possidere.
753 1875 809 1907 So.
833 1875 915 1907 Siste
941 1885 1119 1917 parumper.
1142 1874 1220 1917 quid
1246 1875 1373 1906 tandem
1397 1879 1534 1916 putares,
1547 1873 1574 1906 si
1595 1874 1656 1906 hoc
1672 1873 1708 1905 in

232 1927 316 1966 loco,
340 1934 375 1960 ut
402 1939 498 1967 nunc,
524 1929 708 1971 congregati
735 1940 873 1961 essemus
898 1928 1002 1967 multi,
1028 1929 1195 1971 sorentque
1219 1929 1310 1963 nobis
1335 1929 1515 1961 communia
1545 1928 1711 1960 esculentn

232 1989 267 2016 et
289 1976 460 2026 poculenta
484 1983 713 2026 complurima:
738 1995 796 2015 nos
817 1995 890 2016 vero
916 1984 1018 2015 omnis
1041 1994 1179 2016 essemus
1202 1984 1472 2026 generis,·partim
1498 1982 1627 2025 quidem
1654 1992 1708 2013 va-

233 2038 303 2075 lidi,
326 2038 439 2080 partim
467 2049 541 2070 vero
572 2037 766 2070 imbecilles:
802 2049 884 2070 unus
917 2043 1022 2070 autem
1044 2043 1183 2070 nostrum
1210 2038 1349 2070 omnium
1372 2038 1456 2070 circa
1479 2038 1547 2069 haec
1569 2037 1710 2079 pruden-

230 2091 382 2131 tissimus,
409 2093 541 2125 fortasse
570 2093 733 2124 medicus:
757 2103 795 2125 ac
821 2093 902 2125 foret
927 2093 991 2130 hic,
1007 2098 1042 2124 ut
1067 2099 1314 2125 consentaneum
1337 2098 1397 2132 est,
1412 2091 1481 2123 aliis
1505 2091 1633 2134 quidem
1657 2101 1708 2122 ro-

234 2146 365 2183 bustior,
382 2147 452 2178 aliis
469 2158 540 2178 vero
567 2147 721 2179 debilior:
746 2157 852 2179 nonne
879 2147 931 2179 hic
958 2147 1153 2190 prudentior,
1178 2152 1328 2189 praeterea
1349 2147 1468 2184 melior,
1487 2151 1640 2188 quantum
1665 2145 1706 2176 ad

231 2201 301 2232 haec
327 2201 476 2242 pertinet,
506 2206 540 2232 et
564 2201 725 2243 potentior
750 2202 829 2233 erit?
875 2201 962 2234 Cn„
985 2201 1138 2233 Omnino.
1181 2201 1238 2234 So.
1262 2201 1374 2233 Utrum
1395 2211 1468 2232 vero
1494 2201 1603 2232 borum
1618 2210 1709 2232 escu-

233 2255 387 2286 lentorum
405 2259 572 2296 propterea
589 2255 659 2296 plus
675 2256 789 2287 habere
804 2256 902 2288 debet
916 2266 1010 2298 quam
1026 2267 1095 2295 nos,
1111 2256 1185 2299 quia
1200 2256 1241 2287 sit
1256 2256 1365 2287 melior
1378 2256 1389 2287 ?
1412 2266 1452 2287 nn
1469 2255 1573 2297 potius
1584 2255 1625 2286 ob
1637 2253 1708 2295 ejus

232 2308 445 2350 praestantiam
462 2309 569 2341 omnia
584 2309 771 2341 distribuere
794 2310 890 2342 debet
901 2321 910 2350 ;
923 2320 1038 2353 ,neque
1062 2311 1097 2342 in
1113 2310 1330 2342 distribuendo
1348 2321 1403 2352 pro
1416 2320 1449 2341 se
1465 2310 1534 2351 plus
1548 2309 1680 2340 retinere
1696 2319 1705 2340 ι

231 2361 375 2403 alioquin
393 2362 592 2394 mulctandus
608 2363 668 2394 sit:
692 2363 748 2395 sed
765 2363 836 2396 aliis
849 2364 932 2406 plus,
949 2365 1018 2396 aliis
1043 2365 1145 2397 minus
1171 2365 1309 2396 habere?
1333 2375 1370 2395 ac
1385 2364 1411 2394 si
1425 2363 1563 2394 omnium
1579 2362 1710 2394 debilis-

234 2416 330 2447 simus
353 2417 404 2454 sit,
419 2418 581 2449 minimum
598 2418 656 2450 sibi
672 2419 814 2461 quamvis
836 2418 956 2462 optimo
973 2419 1174 2452 tribuendum
1189 2424 1249 2456 est,
1265 2430 1284 2450 o
1300 2418 1471 2450 Callicles?
1494 2427 1600 2448 nonne
1615 2417 1670 2453 ita.
1687 2427 1707 2448 o

235 2471 317 2502 bone
334 2470 390 2507 vir,
403 2476 451 2502 est
463 2472 657 2504 dicendum?
703 2472 790 2505 Cn..
813 2473 865 2510 De
880 2473 1050 2505 esculentis
1065 2479 1098 2505 et
1114 2473 1291 2516 poculentis
1305 2478 1338 2504 et
1352 2472 1481 2504 medicis
1507 2476 1602 2513 atque
1623 2470 1708 2513 ejus-

233 2524 320 2554 modi
336 2525 427 2566 nugis
439 2527 530 2557 verba
547 2526 625 2558 facis
640 2537 648 2559 :
674 2538 734 2569 ego
748 2537 822 2559 vero
836 2538 900 2559 non
916 2528 957 2560 de
972 2527 1020 2559 his
1035 2528 1158 2570 loquor.
1203 2527 1260 2559 So.
1284 2527 1395 2559 Utrum
1417 2526 1511 2568 igitur
1526 2525 1710 2568 prudentio·

234 2587 297 2608 rem
314 2588 380 2609 esse
395 2579 555 2611 meliorem
565 2580 658 2619 dicis,
669 2581 794 2614 necne?
817 2582 986 2624 responde.
1032 2581 1119 2614 Cn..
1140 2579 1310 2622 Equidem.
1355 2581 1411 2613 So.
1436 2580 1480 2612 At
1493 2590 1557 2611 non
1573 2583 1711 2621 oportet,

234 2637 269 2663 ut
279 2631 389 2663 melior
402 2633 472 2674 plus
487 2634 644 2677 accipiat?
675 2635 763 2668 Cu..
785 2635 862 2667 Non
876 2636 917 2668 de
931 2628 1010 2668 cibis
1023 2641 1118 2678 atque
1129 2635 1324 2678 potionibus.
1367 2635 1423 2667 So.
1446 2634 1607 2676 Intelligo.
1630 2633 1710 2664 forte

231 2687 317 2717 enim
334 2687 374 2717 de
389 2687 528 2718 vestibus
543 2700 550 2719 :
575 2694 669 2731 atque
685 2694 814 2732 oportet
828 2701 912 2729 eum,
927 2690 983 2733 qui
998 2690 1038 2722 sit
1053 2690 1086 2722 in
1110 2690 1317 2722 conficiendis
1339 2689 1477 2722 vestibus
1491 2687 1708 2730 peritissimus,

232 2750 378 2782 magnam
397 2741 510 2773 babere
527 2743 681 2784 tunicam,
697 2754 734 2776 ac
756 2744 864 2776 multis
879 2745 1086 2787 pretiosisque
1102 2749 1244 2776 ornatum
1260 2745 1407 2776 incedere
1421 2742 1572 2774 vestibus.
1617 2740 1707 2774 Cn..

232 2794 320 2832 Quas
336 2799 369 2826 tu
388 2800 488 2826 vestes
507 2796 584 2827 mihi
600 2807 704 2829 narras
721 2799 733 2829 ?
778 2799 836 2831 So.
858 2797 906 2830 At
920 2798 1049 2830 forsitan
1062 2798 1096 2830 in
1112 2798 1228 2831 calceis
1243 2802 1368 2840 oportet
1381 2807 1453 2828 eum
1468 2795 1540 2837 plus
1552 2794 1708 2836 accipere.

231 2848 287 2890 qui
308 2849 342 2879 in
369 2848 414 2880 eis
439 2850 626 2892 prudentior
648 2851 689 2883 sit
714 2847 746 2883 e't
771 2853 901 2885 melior:
925 2864 962 2886 ac
977 2853 1107 2885 forsitan
1132 2853 1201 2895 ipse
1216 2853 1362 2885 coriarius
1378 2850 1528 2882 maximos
1541 2848 1707 2890 pluresque

230 2903 344 2934 habere
360 2904 456 2935 debet
479 2903 614 2942 calceos,
631 2906 809 2949 multosque
836 2907 900 2939 suis
925 2908 1060 2950 pedibus
1085 2907 1291 2940 circumferre.
1337 2905 1421 2938 Cn«.
1446 2903 1498 2935 De
1513 2903 1627 2946 quibus
1641 2902 1710 2934 cnl—

230 2957 293 2988 cois
310 2967 395 2990 nunc
421 2957 557 2990 ‹le-liras?
601 2959 658 2992 So.
683 2960 779 2997 Quod
805 2961 830 2993 si
857 2972 921 2994 non
950 2962 1161 3001 intimantem
1189 2959 1346 3004 ejusmodi
1372 2958 1516 3000 qua-dam
1540 2956 1631 2994 dicis,
1647 2966 1709 2988 0⁰⁸¹
