1846 3268
158 282 229 334 54]
349 298 353 302 ,
788 278 976 319 CRITO.
1555 284 1628 322 153

155 386 271 428 quibus
294 384 468 418 convenisti
491 383 665 420 nobiscum,
695 383 810 414 nostris
845 388 878 414 te
913 382 1055 424 praebens
1089 382 1343 416 institutionibus
1377 385 1624 427 gubernandum.

156 440 294 473 Primum
309 439 462 482 responde
476 438 578 476 nobis,
595 448 670 469 num
691 437 723 468 id
745 437 849 479 ipsum
864 447 936 468 vere
956 436 1110 475 dicamus,
1132 438 1327 470 consensisse
1347 449 1412 470 non
1429 440 1540 478 verbis,
1564 443 1621 473 sed

156 503 189 525 re
203 494 285 536 ipsa,
300 493 434 525 moribus
449 493 561 524 nostris
577 491 742 534 gubernari
757 492 882 524 debere.
927 490 981 522 An
997 502 1061 523 non
1076 502 1147 523 vera
1162 493 1230 524 haec
1245 493 1341 524 sunt?
1386 493 1473 531 Quid
1498 495 1538 525 ad
1554 496 1622 528 haec

155 546 306 584 dicemus,
323 546 410 578 Crito
423 547 433 577 ?
457 557 498 577 an
509 557 572 578 non
587 546 806 578 confitebimur
819 546 830 576 ἓ
877 545 942 585 Ca,
966 545 1106 577 Necesse
1121 551 1179 584 est,
1192 557 1211 578 ο
1222 547 1376 581 Socrates.
1422 547 1479 579 so.
1501 548 1622 581 Nonne

154 599 251 642 igitur
265 599 367 643 (leges
380 598 543 642 inquient)
565 604 721 632 conventa
736 600 898 631 nobiscum
923 605 956 631 et
977 605 1070 642 pacta
1092 601 1335 643 transgrederis?
1359 611 1431 644 quae
1445 611 1548 645 neque
1564 613 1621 635 co-

153 659 242 687 actus
256 665 290 686 es
304 653 464 686 nobiscum
479 654 569 692 inire,
582 664 686 696 neque
701 655 865 696 deceptus,
886 664 990 696 neque
1003 655 1043 685 ad
1060 654 1152 686 breve
1168 659 1292 698 tempus
1308 655 1479 687 deliberare
1494 656 1533 686 ad
1549 655 1619 689 haec

153 707 300 749 eligenda
314 718 348 740 es
366 708 560 750 compulsus,
583 708 639 740 sed
662 719 761 739 annos
784 708 985 750 septuaginta
1006 707 1180 740 deliberare
1202 708 1313 740 licuit:
1336 718 1400 751 quo
1422 709 1455 740 in
1478 714 1619 752 tempore

153 760 244 793 licuit
257 766 289 794 et
304 762 400 804 abire,
414 761 473 794 nisi
491 763 547 795 tibi
564 762 800 804 placuissemus,
814 762 1102 805 conventionesque
1115 761 1210 803 justae
1225 761 1283 794 tibi
1294 762 1367 793 visae
1381 762 1525 795 fuissent.
1569 763 1620 795 Tu

153 825 227 846 vero
241 826 302 847 nec
315 816 586 854 Lacedaemonem,
601 827 704 859 neque
719 816 845 849 Cretam
861 815 952 847 nobis
968 815 1188 857 anteposuisti,
1212 825 1290 858 quas
1306 815 1373 858 ipse
1388 817 1479 848 urbes
1494 817 1622 849 assidue

153 869 305 910 praedicas
319 875 403 903 recte
418 871 594 912 gubernari,
605 881 709 912 neque
731 870 824 902 allam
844 869 953 907 ullam,
968 869 1018 902 vel
1041 869 1220 901 Graecarum
1241 869 1418 908 civitatum,
1434 871 1484 902 vel
1499 871 1619 903 Barba-

153 932 265 955 rarurn.
288 924 364 966 [53]
385 924 482 957 immo
497 936 535 957 ex
548 926 607 956 hac
622 925 719 956 rarius
735 923 950 967 peregrinatus
972 934 1018 960 es,
1040 933 1134 965 quam
1157 923 1264 955 claudi
1287 929 1319 955 et
1337 923 1427 966 caeci,
1452 924 1620 966 mancique

153 974 214 1008 atis
224 976 355 1009 soleant.
377 989 476 1021 usque
491 979 571 1010 adeo
586 978 836 1011 Atheniensibus
852 977 908 1008 tibi
935 987 999 1019 prae
1023 977 1134 1008 ceteris
1149 977 1261 1009 civitas
1273 977 1408 1020 placuit,
1433 983 1527 1020 atque
1547 988 1619 1020 nos,

154 1029 303 1062 videlicet
316 1031 413 1074 leges.
436 1032 487 1064 cui
501 1032 584 1064 enim
599 1032 724 1075 placere
744 1036 849 1074 potest
863 1024 985 1068 civitas,
1000 1029 1092 1071 cnjus
1114 1040 1179 1061 non
1199 1030 1347 1072 placeant
1367 1032 1475 1074 leges?
1521 1031 1619 1064 Nunc

154 1093 228 1115 vero
243 1094 307 1115 non
323 1095 484 1127 permanes
498 1086 531 1117 in
554 1086 615 1128 his,
638 1086 671 1117 in
690 1086 804 1128 quibus
820 1084 944 1126 jamdiu
965 1083 1057 1115 nobis
1082 1083 1202 1126 tibique
1216 1085 1376 1116 convenit.
1418 1084 1620 1117 Permanebis

151 1141 247 1176 certe,
261 1138 288 1170 si
303 1141 394 1172 nobis
409 1140 589 1179 credideris,
601 1151 645 1177 ,ne
660 1139 822 1182 egrediens
839 1140 913 1170 urbe
928 1138 1121 1170 deridendus
1136 1139 1263 1171 evadas.
1311 1138 1485 1171 Considera
1498 1149 1616 1180 rursus,

152 1189 180 1220 si
195 1191 263 1223 haec
277 1198 481 1236 transgressus
494 1194 600 1233 fueris,
615 1199 648 1226 et
661 1205 699 1226 ea
714 1204 784 1236 quae
798 1192 907 1235 inique
922 1192 1042 1234 cogitas
1068 1192 1305 1234 perpetraveris,
1331 1193 1372 1224 ad
1394 1193 1472 1235 quid
1489 1193 1617 1224 tandem

152 1243 186 1275 id
202 1245 250 1276 vel
264 1245 333 1283 tibi,
348 1248 398 1279 vel
410 1248 590 1280 necessariis
606 1248 666 1279 tuis
690 1247 858 1280 conducet.
904 1246 1028 1288 Cuique
1043 1245 1128 1277 enim
1151 1250 1286 1283 constat,
1301 1246 1334 1277 in
1351 1246 1490 1288 periculo
1508 1257 1619 1278 neees-

152 1298 248 1330 sarios
263 1304 336 1332 tuos
356 1301 433 1341 sore,
459 1313 499 1334 ne
513 1303 576 1345 ipsi
595 1312 721 1344 quoque
736 1302 769 1332 in
784 1299 924 1333 exsilium
945 1300 1155 1342 expellantur,
1181 1291 1406 1342 priventur-que
1422 1300 1564 1343 civitate,
1586 1305 1620 1332 et

152 1353 340 1395 patrimonio
353 1366 409 1387 suo
425 1357 651 1398 exspolientur.
691 1355 741 1387 Tu
756 1360 860 1386 autem
873 1355 900 1386 si
913 1364 1006 1396 quam
1018 1355 1054 1386 in
1068 1354 1227 1387 civitatem
1244 1354 1409 1386 finitimam
1425 1359 1455 1386 te
1475 1355 1619 1386 contule-

150 1407 204 1449 ris,
218 1408 267 1440 vel
280 1408 416 1451 Thebas,
430 1411 480 1442 vel
494 1411 655 1452 Megaras,
666 1409 827 1453 (utraeque
839 1409 922 1441 enim
939 1409 1152 1451 gubernantur
1167 1407 1268 1451 recte)
1289 1409 1388 1440 hostis
1404 1408 1536 1450 primum
1560 1408 1620 1439 rei-

152 1461 288 1504 publicae
302 1463 386 1495 illius
400 1466 544 1507 accedes,
558 1469 592 1497 et
604 1475 724 1501 omnes,
745 1464 860 1506 quibus
882 1474 964 1496 curae
985 1468 1033 1495 est
1054 1463 1166 1506 patria,
1192 1462 1370 1505 despicient
1391 1462 1618 1494 abominabun-

154 1521 266 1559 turque
281 1521 324 1555 te,
336 1524 546 1562 corruptorem
563 1519 667 1562 legum
682 1518 908 1551 existimantes.
931 1517 1067 1560 ideoque
1082 1517 1279 1549 confirmabis
1292 1527 1400 1548 eorum
1415 1515 1470 1559 qui
1487 1521 1517 1547 te
1529 1516 1618 1547 dam-

151 1575 266 1602 narunt
280 1571 476 1613 opinionem,
501 1579 537 1605 ut
559 1578 644 1606 recte
665 1577 773 1606 contra
789 1577 821 1604 te
841 1572 948 1603 tulisse
971 1572 1156 1604 sententiam
1166 1569 1347 1605 rideantur.
1370 1570 1510 1613 quisquis
1533 1570 1617 1602 enirn

151 1631 314 1667 corruptor
328 1631 376 1658 est
391 1626 507 1669 legum,
522 1628 548 1659 is
563 1627 759 1670 potissimum
775 1631 808 1658 et
818 1626 971 1668 juvenum
984 1626 1263 1668 imperitorumque
1286 1625 1448 1656 hominum
1462 1624 1618 1655 videbitur

151 1689 219 1710 esse
234 1685 405 1722 corruptor.
451 1681 537 1719 Quid
559 1681 657 1723 ergo?
680 1681 877 1722 civitatesne,
899 1691 969 1723 quae
984 1685 1068 1712 recte
1084 1680 1304 1721 gubernantur,
1326 1684 1359 1710 et
1373 1678 1618 1710 modestissimos

151 1743 296 1776 quosque
310 1734 453 1766 homines
468 1735 621 1767 devitabis
634 1736 645 1768 ?
691 1735 792 1778 Atqui
807 1735 831 1766 si
847 1735 880 1766 id
895 1734 1017 1771 seceris,
1042 1734 1148 1765 vitane
1163 1734 1277 1775 dignus
1297 1732 1379 1764 eris?
1403 1743 1442 1763 an
1458 1732 1536 1763 sorte
1557 1731 1617 1762 im-

152 1787 310 1828 pudenter
324 1793 355 1820 te
369 1788 417 1820 his
432 1789 630 1832 admiscebis,
643 1800 702 1822 nec
716 1790 892 1832 erubesces,
909 1789 950 1821 de
964 1789 1081 1820 eisdem
1097 1788 1183 1830 apud
1196 1798 1250 1819 eos
1265 1787 1425 1829 disserere,
1446 1787 1487 1818 de
1502 1786 1617 1828 quibus

152 1840 237 1881 apud
254 1851 311 1873 uos
325 1843 536 1886 consuevisti3
557 1843 704 1876 virtutem
718 1843 867 1876 videlicet
887 1848 920 1875 et
936 1842 1107 1885 justitiam,
1132 1842 1292 1884 legesque,
1307 1846 1340 1873 et
1354 1842 1498 1872 instituta
1511 1841 1616 1882 legum

152 1894 278 1936 plurimi
302 1906 369 1928 esse
385 1897 593 1932 existimanda
606 1898 618 1929 ?
639 1908 743 1941 neque
767 1903 871 1940 putas,
895 1897 1061 1929 absurdum
1086 1901 1119 1928 et
1141 1897 1181 1928 ab
1206 1896 1254 1927 his
1279 1896 1442 1927 dissonans
1466 1904 1618 1936 apparere

153 1949 288 1981 Socratis
301 1950 418 1983 sactum
432 1952 445 1982 ?
488 1951 602 1984 Procul
619 1953 715 1984 dubio
730 1953 905 1994 putandum
917 1956 976 1984 est.
1021 1950 1166 1982 Fortasse
1181 1961 1254 1982 vero
1274 1950 1416 1982 civitates
1435 1950 1492 1980 has
1517 1947 1616 1979 decli-

153 2012 232 2034 nans
247 2003 279 2034 in
295 2004 487 2038 Thessaliam
502 2007 542 2038 ad
559 2006 695 2039 Critonis
710 2007 850 2049 hospites
864 2005 976 2038 abibis.
999 2005 1063 2037 illic
1084 2005 1166 2037 enim
1187 2005 1306 2047 absque
1326 2004 1435 2035 ordine
1448 2009 1481 2035 et
1495 2007 1616 2044 tempe-

153 2057 253 2089 rantia
267 2058 392 2092 vivitur.
439 2059 489 2093 Ac
503 2061 609 2093 forsan
624 2062 756 2093 libenter
767 2061 812 2092 illi
827 2067 858 2092 te
873 2061 1018 2101 audient,
1032 2065 1207 2091 narrantem
1223 2058 1486 2101 quemadmodum
1510 2068 1528 2088 e
1549 2065 1617 2087 car-

151 2121 223 2143 cere
237 2112 368 2146 ridicule
381 2115 510 2157 fugeris,
526 2120 562 2146 ut
572 2116 687 2148 fascem
703 2116 861 2158 quendam
876 2115 935 2147 tibi
950 2125 1044 2157 super
1058 2114 1237 2157 imponens,
1259 2118 1314 2144 aut
1329 2112 1412 2144 corio
1428 2117 1550 2153 tegens,
1564 2109 1617 2140 vel

149 2165 218 2197 aliis
242 2167 428 2208 quibusdam
450 2174 483 2201 te
507 2170 683 2208 involvens,
700 2170 966 2212 quemadmodum
987 2169 1089 2200 solent
1113 2168 1169 2211 qui
1193 2168 1298 2209 sugam
1323 2164 1503 2207 surripiunt,
1526 2169 1559 2195 et
1580 2163 1616 2194 in

150 2219 284 2252 alienam
309 2222 438 2265 figuram
464 2228 495 2255 te
520 2229 728 2256 transmutans
751 2225 840 2256 illinc
866 2223 1034 2266 aufugeris.
1057 2222 1320 2265 quemadmodum
1346 2230 1417 2251 vero
1444 2219 1492 2249 vir
1518 2228 1614 2249 senex

151 2284 247 2315 parvo
263 2276 432 2309 admodum
444 2282 596 2320 tempore,
613 2284 648 2310 ut
661 2279 828 2311 verisimile
842 2283 900 2318 est,
914 2278 1066 2317 victurus,
1090 2286 1183 2307 ausus
1197 2275 1303 2312 fueris,
1319 2275 1360 2306 ob
1375 2272 1502 2304 vivendi
1523 2272 1614 2313 cupi-

149 2327 280 2360 ditatem
291 2330 324 2361 in
337 2335 400 2362 tam
416 2332 541 2364 sordida
555 2333 666 2376 inopia
682 2333 799 2375 vivere,
811 2333 960 2364 maximas
976 2337 1181 2373 transgressus
1199 2330 1296 2371 leges,
1316 2328 1462 2359 nullusne
1477 2326 1590 2358 dixerit
1603 2325 1614 2356 ?

150 2381 230 2414 forte
243 2395 251 2414 :
274 2384 301 2415 si
315 2385 471 2418 neminem
488 2387 671 2419 offenderis.
693 2387 834 2430 alioquin
849 2387 962 2427 multa,
978 2397 996 2417 o
1012 2387 1166 2422 Socrates,
1191 2389 1287 2426 atque
1300 2382 1430 2424 indigna
1446 2386 1477 2412 te
1491 2380 1612 2412 audies.

150 2435 236 2467 vives
255 2443 360 2470 autem
382 2440 536 2472 obnoxius
558 2434 680 2473 cunctis
701 2441 880 2473 hominibus
900 2445 996 2483 atque
1021 2439 1209 2471 deserviens.
1254 2437 1342 2475 Quid
1363 2447 1438 2467 vero
1462 2434 1558 2466 facies
1579 2434 1613 2464 5¹1

150 2488 333 2524 Thessalia?
356 2495 540 2527 conviviane
562 2495 801 2538 frequentabis?
820 2500 932 2537 utpote
953 2494 1007 2537 qui
1029 2494 1062 2525 in
1086 2493 1291 2530 Thessaliam,
1313 2491 1403 2534 quasi
1425 2490 1464 2521 ad
1492 2499 1612 2521 coenam

150 2542 300 2585 aliquam,
324 2547 549 2580 adventaveris.
594 2548 838 2591 Disputationes
853 2559 925 2579 vero
947 2548 1011 2579 illae
1037 2547 1078 2578 de
1097 2546 1235 2589 justitia,
1258 2545 1433 2587 ceterisque
1448 2544 1613 2575 virtutibus

151 2597 279 2629 ubinam
301 2599 431 2632 ulterius
454 2603 544 2633 nobis
579 2601 654 2645 [54]
689 2603 803 2634 erunt?
848 2602 1017 2634 Enimvero
1045 2601 1178 2633 filiorum
1202 2601 1301 2643 gratia
1325 2601 1427 2631 vivere
1452 2598 1555 2640 cupis,
1577 2602 1614 2628 ut

150 2651 269 2683 nutrias
289 2663 343 2684 eos
366 2659 462 2696 atque
482 2654 618 2688 erudias.
662 2656 716 2687 An
734 2667 807 2698 ergo
828 2656 863 2688 in
877 2654 1069 2687 Thessaliam
1085 2666 1140 2686 eos
1155 2656 1321 2697 perduces,
1346 2659 1382 2685 ut
1405 2653 1468 2685 illic
1494 2652 1612 2683 nutrias

152 2715 219 2743 θος,
234 2711 329 2748 atque
341 2708 477 2747 erudias,
492 2709 631 2750 hospites
646 2720 701 2742 eos
712 2710 864 2752 efficiens,
877 2715 913 2741 ut
927 2711 987 2742 hoc
1001 2709 1131 2752 insuper
1144 2709 1302 2742 commodi
1316 2709 1371 2740 abs
1384 2713 1414 2740 te
1429 2707 1610 2749 reportent?

153 2768 194 2789 an
209 2759 241 2791 id
257 2761 383 2803 quidem
399 2772 463 2793 non
484 2762 580 2794 facies
593 2773 604 2803 ;
627 2763 680 2796 hic
695 2774 767 2796 vero
787 2764 890 2796 relicti
911 2764 1022 2795 melius
1043 2769 1074 2795 te
1087 2764 1160 2795 vivo
1175 2764 1308 2800 alentur,
1324 2767 1417 2805 atque
1432 2762 1612 2793 erudientur

151 2821 172 2842 a
185 2815 365 2846 necessariis
380 2815 451 2854 tuis,
468 2820 499 2847 te
514 2816 666 2848 absente?
711 2818 823 2850 Utrum
839 2829 924 2855 vero,
951 2817 978 2848 si
1000 2817 1034 2848 in
1048 2817 1238 2848 Thessaliam
1260 2816 1372 2854 abibis,
1396 2815 1443 2847 tui
1466 2815 1498 2846 id
1523 2825 1612 2847 cura-

150 2865 251 2899 hunt:
274 2869 322 2899 sin
334 2874 438 2901 autern
453 2870 486 2900 in
501 2870 628 2902 alteram
641 2871 783 2902 transibis
799 2871 906 2908 vitam,
920 2881 984 2902 non
999 2871 1153 2902 curabunt
1166 2871 1178 2902 ἓ
1223 2871 1370 2903 Profecto
1393 2869 1419 2901 si
1441 2869 1516 2910 quid
1541 2867 1610 2909 opis

151 2924 200 2950 est
214 2920 246 2951 in
262 2921 322 2963 his,
337 2921 392 2964 qui
406 2923 494 2955 aiunt
513 2934 546 2956 se
561 2930 631 2956 tuos
646 2925 836 2956 necessarios
852 2935 935 2963 esse,
956 2925 1146 2956 credendum
1163 2929 1222 2963 est,
1238 2929 1406 2956 curaturos.
1452 2923 1610 2957 Ceterum,

153 2983 173 3004 o
188 2973 339 3014 Socrates,
354 2977 448 3010 fidem
463 2977 554 3011 nobis
581 2979 732 3012 adhibens
752 2979 925 3012 nutricibus
946 2979 1019 3018 tuis,
1042 2989 1144 3023 neque
1168 2979 1248 3011 filios
1273 2983 1355 3016 tuos,
1377 2986 1478 3018 neque
1504 2974 1610 3010 vitam,

238 3029 326 3074 Plpe.
352 3031 406 3063 Tr.
894 3033 923 3064 1.
1496 3028 1526 3059 U
