1846 3268
241 265 292 303 84
833 256 1101 297 PLATONrs
1312 232 1316 236 ⁶
1617 264 1717 314 [155

240 371 292 398 tus
307 366 367 398 fert
382 364 544 397 indoiem?
591 362 740 400 Mirifice,
765 361 906 404 inquam.
950 361 1064 404 Atqui,
1089 360 1207 403 inquit,
1234 362 1260 393 si
1283 363 1400 395 nudare
1423 373 1456 395 se
1471 364 1579 401 vellet,
1595 364 1715 396 vultum

243 421 338 462 nihili
355 420 486 457 faceres,
513 429 577 461 prae
598 418 653 449 illa
673 427 744 459 quae
768 416 847 448 latet
868 416 953 447 intus
968 416 1068 447 forma
1082 415 1228 447 mirabili.
1273 417 1393 448 Eadem
1409 418 1478 450 hoec
1494 418 1720 461 Chaerephonti

242 475 339 508 ceteri
354 474 450 506 etiarn
465 477 703 505 consenserunt.
747 470 996 512 Insuperabilem
1012 470 1128 512 hercle,
1138 469 1281 512 inquam,
1295 471 1392 502 virum
1410 472 1554 511 narratis,
1572 473 1598 504 si
1609 483 1719 515 parum

244 529 322 572 quid
340 529 468 570 insuper
483 527 557 559 huic
574 527 709 558 adesset.
756 525 845 563 Quid
860 514 946 555 istud
958 525 968 555 ?
992 524 1193 566 interrogavit
1207 524 1336 557 Critias.
1380 525 1414 557 Si
1429 525 1561 568 optimo,
1576 527 1718 570 inquam,

248 583 345 615 animi
374 582 482 613 habitu
511 586 623 612 natura
649 581 782 612 decorus
809 584 912 613 esset:
936 583 1184 610 consentaneum
1209 583 1313 611 tamen
1338 584 1386 611 est
1409 580 1503 618 talem
1530 581 1613 613 hunc
1641 592 1722 618 esse,

245 637 358 674 Critia,
385 647 457 668 cum
475 641 574 667 vestra
588 646 626 666 ex
649 634 745 676 stirpe
768 633 808 665 sit
823 633 958 675 genitus.
1002 633 1103 665 Immo
1119 638 1215 671 certe,
1232 635 1336 675 quoad
1354 635 1515 676 ingenium
1531 639 1665 677 spectat,
1689 642 1722 668 et

246 690 472 733 pulcherrimus
488 694 536 721 est
551 694 583 721 et
600 689 748 731 optimus.
795 688 881 726 Quid
898 687 993 730 igitur
1016 698 1080 719 non
1103 688 1272 726 nudamus,
1298 688 1440 730 inquam,
1466 689 1604 720 animum
1621 689 1722 731 prius,

248 745 491 787 interioremque
506 743 651 776 decorem
677 742 784 786 potius
805 753 900 785 quam
915 741 1098 774 exteriorem
1115 742 1253 785 speciem
1268 742 1538 784 contemplamur?
1562 753 1634 774 nam
1649 754 1721 775 cum

247 799 319 831 talis
334 799 387 840 sit,
409 798 576 830 nobiscum
589 798 739 830 disserere
761 807 827 829 non
851 796 991 840 negabit.
1037 796 1136 828 Volet
1160 791 1258 838 Eerte,
1280 797 1444 838 respondit
1459 796 1583 830 Critias.
1607 808 1722 840 nempe

250 854 414 900 sapientias
439 853 537 895 [155]
562 853 719 884 studiosus
729 857 791 895 est,
805 857 838 884 et
849 857 884 884 ut
893 852 951 884 sibi
964 852 1138 893 ceterisque
1155 852 1291 893 videtur,
1306 851 1399 882 valde
1415 851 1573 893 poeticus.
1602 852 1724 895 Longa,

245 907 386 950 inquam.
407 907 485 939 serie
502 907 742 949 generositatem
758 907 840 937 hanc
856 905 981 937 Solonis
998 916 1035 936 ex
1052 916 1166 947 genere
1183 905 1316 937 trahitis.
1363 904 1481 937 Verum
1496 916 1552 938 cur
1566 916 1630 938 non
1646 906 1723 938 mihi

242 962 309 1004 jam
326 967 479 993 monstras
494 961 740 998 adolescentem,
755 971 918 992 accersens
934 961 995 992 huc
1010 960 1099 991 illum
1114 959 1124 990 ?
1148 970 1252 1001 neque
1267 959 1353 991 enim
1367 959 1514 998 dedecet,
1530 960 1580 992 vel
1595 960 1718 992 etiamsi

247 1016 348 1047 minor
362 1021 439 1047 natu
454 1021 551 1058 esset,
564 1026 637 1047 cum
654 1025 692 1046 eo
709 1014 873 1052 disserere,
890 1018 1046 1056 praesente
1062 1019 1092 1045 te
1107 1013 1251 1055 patruele
1265 1013 1334 1055 ejus
1349 1018 1444 1056 atque
1459 1018 1574 1047 tutore.
1620 1015 1725 1048 Probe

246 1070 397 1112 loqueris,
423 1070 479 1102 ait.
502 1070 664 1102 vocandus
680 1074 727 1100 est
739 1067 819 1111 jam.
864 1067 972 1110 Atque
986 1067 1035 1099 his
1059 1068 1165 1105 dictis,
1188 1068 1230 1099 ad
1252 1078 1325 1099 eum
1348 1067 1404 1110 qui
1427 1078 1511 1110 pone
1526 1068 1726 1111 ,sequebatur

245 1135 426 1162 conversus,
441 1124 544 1162 Voca,
569 1123 686 1167 inquit,
712 1122 927 1163 Charmidem,
953 1122 1062 1154 dicens
1086 1122 1144 1159 illi,
1169 1133 1220 1154 me
1243 1122 1324 1154 velle
1351 1122 1475 1154 medico
1501 1132 1573 1154 cum
1598 1123 1724 1155 cuidam

246 1179 442 1211 committere
465 1178 556 1210 maiae
577 1178 663 1210 illius
690 1177 882 1210 valetudinis
906 1175 1013 1218 causa,
1037 1177 1078 1208 de
1104 1187 1167 1219 qua
1187 1187 1309 1210 mecum
1324 1181 1516 1219 conquestus
1537 1181 1597 1209 est.
1639 1177 1727 1210 Mihi

249 1243 324 1275 ergo
349 1233 430 1264 dixit
453 1233 579 1270 Critias,
602 1232 700 1275 paulo
715 1236 790 1263 ante
813 1231 999 1265 Charmides
1025 1232 1065 1263 ab
1089 1231 1163 1273 ipso
1179 1231 1253 1263 solis
1275 1235 1383 1263 exortu
1404 1237 1532 1273 gravato
1559 1242 1594 1264 se
1618 1231 1725 1274 capite

247 1287 414 1319 surrexisse
430 1287 692 1329 conquerebatur.
737 1285 826 1323 Quid
843 1285 988 1327 prohibet
1000 1285 1110 1326 igitur,
1126 1285 1272 1316 simulare
1286 1285 1459 1317 remedium
1473 1285 1603 1328 aliquod
1617 1291 1726 1318 contra

247 1341 361 1383 capitis
377 1341 577 1384 gravedinem
594 1346 626 1372 te
638 1340 751 1372 habere
767 1340 778 1370 ?
823 1339 914 1370 Nihil
929 1339 1087 1381 prohibet,
1101 1338 1228 1381 inquam
1243 1351 1252 1371 z
1275 1340 1370 1371 modo
1385 1340 1503 1372 veniat.
1548 1339 1594 1372 At
1608 1340 1724 1373 veniet.

248 1396 345 1433 Quod
369 1401 402 1427 et
423 1395 543 1428 factum
569 1399 628 1428 est.
651 1395 739 1426 venit
761 1393 859 1434 enim,
884 1394 1042 1435 risumque
1062 1392 1239 1425 effusiorem
1261 1393 1406 1425 omnibus
1434 1394 1625 1427 concitavit:
1650 1405 1724 1427 nam

248 1450 465 1493 unusquisque
489 1454 629 1482 nostrum
652 1459 717 1480 una
736 1448 926 1485 sedentium,
952 1447 1055 1479 locum
1084 1447 1195 1479 cedere
1227 1447 1335 1480 volens
1358 1448 1535 1487 Charmidi,
1560 1453 1597 1480 ut
1622 1459 1722 1491 prope

247 1515 320 1536 eum
336 1504 471 1542 sederet,
486 1503 661 1546 proximum
685 1503 794 1534 dedita
820 1513 916 1544 opera
940 1502 975 1534 in
1001 1502 1083 1533 latus
1097 1502 1247 1545 impulit:
1271 1513 1335 1545 quo
1350 1503 1469 1535 factum
1483 1508 1543 1542 est,
1559 1507 1596 1535 ut
1616 1513 1724 1535 eorum

248 1559 303 1601 qui
317 1558 464 1600 utrinque
481 1559 634 1593 sedebant
657 1557 830 1595 novissimi,
855 1567 953 1588 unum
978 1566 1101 1599 surgere
1116 1567 1316 1599 cogeremus,
1341 1557 1472 1590 aiterum
1487 1557 1575 1590 humi
1589 1562 1726 1599 prostra-

248 1618 318 1645 tum
332 1612 553 1655 dejiceremus.
577 1612 631 1647 ille
650 1623 722 1644 vero
738 1612 906 1650 accedens,
930 1622 980 1643 me
996 1611 1078 1644 inter
1098 1611 1292 1654 Critiamque
1307 1612 1435 1646 assedit.
1480 1612 1550 1654 Ego
1566 1622 1640 1644 vero
1656 1622 1728 1654 per-

249 1671 401 1699 contante
417 1667 486 1708 ino,
501 1672 604 1699 utrum
619 1667 734 1709 capitis
750 1666 905 1698 medelam
920 1666 1045 1707 scirem,
1057 1666 1107 1698 vix
1124 1666 1252 1698 tandem
1265 1677 1314 1698 me
1330 1666 1408 1699 scire
1423 1667 1581 1709 respondi.
1625 1666 1724 1705 Quae-

249 1732 322 1753 nam
338 1722 421 1753 ista?
445 1722 601 1764 quaesivit.
649 1722 773 1753 Folium
795 1721 967 1764 quoddam,
989 1722 1129 1764 inquam.
1175 1720 1222 1752 At
1246 1721 1374 1763 insuper
1389 1721 1539 1754 addenda
1552 1726 1600 1753 est
1614 1721 1725 1753 incan-

249 1775 329 1807 tatio
344 1776 502 1818 quaedam,
529 1787 622 1819 quarn
649 1777 674 1808 si
689 1777 760 1818 quis
775 1775 937 1814 adhibeat,
961 1775 1103 1818 folioque
1119 1780 1235 1815 utatur,
1259 1776 1376 1808 sanitas
1401 1775 1585 1808 restituitur.
1607 1776 1727 1819 absque

249 1840 324 1862 vero
345 1831 563 1863 incantatione
586 1831 697 1862 folium
720 1831 800 1862 nihii
825 1831 959 1863 confert.
1004 1831 1058 1863 Ad
1075 1832 1142 1862 haec
1156 1830 1232 1864 ille:
1255 1831 1436 1863 Exscribam
1458 1831 1555 1874 [156]
1578 1830 1726 1874 equidem

251 1884 332 1916 hanc
348 1890 379 1916 te
395 1885 536 1917 dictante
551 1885 812 1918 incantationem.
858 1884 970 1916 Utrum
986 1886 1012 1916 si
1029 1885 1105 1917 mihi
1127 1885 1328 1927 persuaseris,
1353 1885 1506 1928 inquam?
1530 1895 1571 1917 an
1585 1885 1682 1917 etiam
1697 1885 1726 1917 si

249 1949 315 1971 non
341 1939 552 1980 persuaseris?
597 1939 659 1971 Ille
683 1939 846 1971 subridens
860 1939 917 1977 ait,
943 1939 979 1971 Si
1005 1939 1062 1971 tibi
1078 1949 1272 1981 persuasero,
1297 1939 1460 1982 Socrates.
1495 1938 1592 1978 Hem,
1607 1949 1724 1972 nomen

249 1992 351 2033 ipsum
367 1993 463 2034 piane
475 1998 510 2025 tu
530 2004 634 2025 meum
655 1994 768 2026 tenes?
811 1993 933 2031 Teneo,
959 1993 1121 2036 equidem,
1147 1993 1209 2025 nisi
1224 1993 1358 2036 injurius
1374 2004 1455 2028 sum.
1479 1994 1626 2036 frequens
1640 1994 1726 2026 enim

250 2047 291 2078 de
315 2052 348 2079 te
371 2047 453 2079 inter
477 2047 615 2090 aequaies
638 2058 725 2080 meos
740 2059 840 2080 sermo
863 2048 1006 2081 habetur.
1030 2048 1158 2080 memini
1181 2049 1259 2090 quin
1285 2048 1394 2086 etiam,
1420 2058 1493 2080 cum
1516 2058 1594 2090 puer
1621 2049 1726 2081 adhuc

250 2111 363 2138 essem,
388 2107 419 2133 te
433 2113 505 2134 curn
531 2102 633 2134 Critia
654 2103 714 2134 hoc
728 2102 843 2134 versari
867 2102 1007 2135 solitum.
1052 2102 1157 2135 Recte
1179 2108 1211 2136 tu
1229 2103 1370 2144 quidem.
1393 2103 1563 2135 audentius
1576 2103 1662 2135 enim
1677 2102 1726 2134 in-

250 2155 443 2188 cantationis
459 2157 515 2188 tibi
533 2158 660 2188 modum
677 2158 852 2189 ostendam.
876 2157 972 2199 paulo
987 2167 1060 2189 vero
1071 2162 1146 2189 ante
1162 2157 1354 2199 nesciebam,
1376 2168 1440 2199 quo
1454 2162 1549 2199 pacto
1562 2157 1626 2189 vim
1641 2157 1727 2191 iuius

252 2209 311 2241 tibi
328 2215 542 2243 monstrarem.
586 2211 645 2246 Est
659 2216 765 2243 autem
781 2210 865 2252 talis,
891 2223 911 2242 ο
926 2211 1122 2248 Charmides,
1148 2217 1183 2242 ut
1210 2217 1308 2253 caput
1329 2211 1429 2243 sotum
1445 2221 1552 2244 curare
1565 2217 1704 2254 nequeat
1715 2222 1727 2244 s

252 2265 519 2304 quemadmodum
545 2276 629 2308 saepe
658 2276 695 2298 ex
714 2266 819 2308 peritis
836 2265 965 2298 medicis
980 2265 1142 2302 audivisti,
1166 2266 1234 2307 qui,
1257 2266 1380 2308 quoties
1395 2266 1511 2308 aliquis
1525 2266 1635 2298 dolore
1649 2277 1728 2298 ocu-

251 2318 350 2349 lorum
366 2318 499 2350 affectus
513 2330 568 2351 eos
582 2320 732 2358 consulit,
758 2320 850 2351 aiunt
865 2331 928 2351 non
941 2330 1032 2362 posse
1046 2319 1147 2352 oculis
1163 2320 1293 2361 mederi,
1316 2321 1378 2352 nisi
1405 2321 1489 2362 prius
1504 2320 1603 2362 capiti
1617 2320 1727 2352 mede-

254 2376 358 2412 antur,
373 2383 476 2414 neque
491 2380 589 2416 caput
603 2375 721 2416 absque
738 2374 834 2407 totius
857 2373 996 2416 corporis
1020 2373 1178 2406 medicina
1200 2385 1292 2416 posse
1315 2374 1426 2407 curari.
1471 2374 1543 2406 linc
1563 2375 1606 2408 de
1630 2384 1728 2411 cansa

252 2426 366 2467 regulis
383 2426 571 2468 quibusdam
587 2429 645 2460 toti
660 2429 894 2461 conferentibus
914 2433 1056 2467 utuntur,
1071 2434 1103 2460 et
1117 2439 1136 2460 a
1151 2433 1218 2459 toto
1234 2429 1273 2459 ad
1291 2434 1411 2470 partem
1426 2434 1588 2460 transeunt
1602 2429 1728 2460 restitu-

253 2480 379 2512 endam.
426 2481 480 2512 An
496 2492 560 2514 non
576 2483 704 2521 audisti,
729 2483 774 2515 ita
796 2483 901 2516 dicere
915 2483 999 2521 illos,
1013 2487 1046 2516 et
1059 2483 1105 2515 ita
1119 2483 1208 2514 esse?
1255 2482 1394 2515 Prorsus.
1443 2483 1546 2515 Recte
1562 2483 1650 2525 loqui
1669 2483 1729 2518 tibi

251 2535 409 2572 videntur,
425 2546 662 2578 sermonemque
679 2538 762 2570 hunc
788 2538 971 2581 approbas?
1017 2537 1159 2570 Maxime
1180 2538 1332 2573 omnium.
1381 2537 1550 2569 Enimvero
1565 2547 1637 2569 cum
1655 2547 1726 2580 pro-
1765 2577 1769 2581 ι

250 2588 317 2619 bari
332 2588 390 2620 sibi
405 2590 473 2622 haec
487 2590 638 2628 audirem,
652 2591 679 2623 T
681 2592 738 2623 alis
753 2598 812 2630 est,
828 2593 970 2635 inquam,
996 2603 1016 2624 o
1031 2592 1226 2630 Charmidem
1254 2592 1478 2624 incantationis
1489 2602 1616 2634 quoque
1631 2591 1727 2632 hujus

250 2642 415 2682 potentia:
440 2654 536 2685 quam
561 2645 660 2677 didici
674 2646 790 2678 ibidem
807 2647 840 2678 in
856 2647 993 2680 exercitu
1010 2657 1029 2678 a
1043 2647 1180 2689 quodam
1197 2647 1389 2678 medicorum
1403 2646 1559 2678 Thracum
1572 2645 1725 2678 zamolxi-

249 2695 298 2726 dis
313 2701 514 2739 sectatorum,
537 2698 593 2740 qui
618 2704 649 2730 et
676 2699 940 2732 immortalitatem
962 2701 1073 2733 afferre
1095 2701 1256 2733 dicuntur.
1279 2701 1399 2743 adjecit
1412 2706 1563 2743 preterea
1575 2699 1726 2733 Thracius

246 2749 302 2781 ille
319 2751 472 2789 medicus,
488 2751 584 2784 etiarn
602 2752 783 2786 Graecorum
801 2755 953 2796 medicos,
965 2765 1036 2798 quae
1051 2766 1146 2797 supra
1161 2761 1284 2788 narrata
1300 2761 1386 2797 sunt,
1403 2755 1585 2798 pradicant.
1628 2754 1724 2788 Cete-

250 2814 318 2835 rum
341 2804 506 2844 Zamolxis,
530 2807 587 2844 ait,
614 2818 666 2840 rex
690 2814 798 2841 noster
822 2821 860 2842 ac
879 2810 957 2842 deus
978 2810 1083 2848 tradit,
1110 2811 1385 2848 Quemadmodum
1411 2809 1521 2842 oculos
1534 2810 1602 2842 sine
1617 2809 1723 2852 capite

250 2868 356 2891 curare
371 2869 436 2891 non
451 2861 556 2899 decet,
583 2872 686 2904 neque
713 2863 780 2895 sine
796 2865 917 2907 reliquo
933 2876 1063 2907 corpore
1078 2871 1175 2907 caput
1189 2878 1196 2897 :
1219 2866 1267 2897 ita
1281 2875 1385 2908 neque
1399 2864 1467 2896 sine
1479 2863 1582 2898 anima
1596 2874 1723 2906 corpus.

249 2922 350 2955 caque
363 2923 457 2946 causa
472 2920 530 2953 est,
553 2927 609 2948 cur
632 2918 772 2950 medicos
789 2918 918 2952 Graecos
944 2920 1040 2952 morbi
1066 2930 1231 2963 corporum
1256 2919 1347 2952 multi
1373 2912 1503 2956 lateant,
1529 2917 1605 2961 quia
1620 2923 1722 2951 totum

244 2966 349 3010 ipsum
364 2967 520 3010 ignorant,
547 2971 633 3013 quod
654 2971 686 3004 in
710 2972 817 3015 primis
838 2984 945 3007 curare
961 2980 1087 3017 oportet
1105 2987 1113 3007 ε
1138 2985 1202 3019 quo
1217 2974 1299 3008 maie
1313 2974 1430 3008 affecto
1445 2972 1638 3017 impossibiie
1659 2978 1719 3011 est,
