1846 3268
170 251 262 314 139]
590 229 591 232 “
723 256 1093 298 PARMENIDES.
1555 269 1630 307 113

167 366 230 393 am,
244 356 328 398 quod
347 359 495 393 movetur,
510 356 559 387 vel
580 356 685 394 fertur,
711 358 760 389 vel
776 358 932 391 alteratur.
955 361 985 392 111
1002 362 1119 404 quippe
1135 365 1192 395 soli
1209 371 1280 397 sunt
1296 372 1410 399 motus.
1456 369 1544 400 Esto.
1588 371 1625 402 Si

166 409 269 449 ipsum
286 420 380 439 unum
395 420 432 440 ex
448 420 498 446 οο,
513 411 597 451 quod
612 416 670 449 est,
683 411 839 452 alteretur,
856 413 1049 454 impossibile
1064 423 1112 447 est
1126 418 1253 449 alterius
1268 431 1336 451 esse
1349 432 1457 453 unum.
1501 424 1625 464 Impos-

167 462 268 493 sibile.
311 463 434 494 Idcirco
455 464 627 494 secundum
648 464 859 497 alterationem
882 477 947 497 non
969 474 1121 502 movetur.
1165 470 1253 510 Non,
1282 478 1318 503 ut
1343 474 1477 506 videtur.
1524 476 1627 507 Num·

165 515 241 556 quid
259 516 429 547 secundum
446 517 716 558 progressionem?
763 519 923 552 Fortassis.
967 521 1069 562 Atqui
1094 523 1118 553 31
1140 523 1244 565 ipsum
1269 537 1364 556 unum
1381 527 1507 565 feratur,
1531 530 1578 560 vel
1596 530 1628 560 in

165 569 277 599 eodem
300 574 386 600 motu
413 570 565 611 sphaerico
589 571 814 610 circumfertur,
843 574 892 604 vel
918 574 1020 606 locum
1045 576 1141 607 alium
1168 588 1205 608 ex
1230 579 1292 609 alio
1322 585 1433 611 mutat.
1478 581 1629 615 Necesse.

165 621 282 653 Nonne
310 624 395 664 quod
416 623 533 655 circulo
560 623 782 662 circumfertur,
808 626 839 656 in
864 627 969 658 medio
995 628 1164 660 consistere
1190 637 1327 673 oportet,
1352 638 1447 675 alque.
1470 634 1546 666 alias
1579 636 1629 665 sui

167 679 281 716 partes,
307 686 378 717 quae
403 676 486 708 circa.
506 678 642 708 medium
659 678 832 715 volvantur,
856 680 994 711 habere?
1017 681 1070 712 cui
1082 692 1154 712 vero
1175 693 1234 714 nec
1262 685 1412 727 medium,
1437 697 1540 728 neque
1557 698 1628 728 pars

165 729 229 760 ulla
243 729 402 768 convenit,
416 731 574 771 quomodo
590 731 621 761 id
635 731 764 772 cogitari
781 737 883 772 potest
899 733 931 763 in
953 733 1103 765 circulum
1123 734 1204 766 circa
1221 738 1356 768 medium
1373 739 1457 770 volvi
1471 740 1482 769 ?
1527 740 1627 771 Nullo

165 786 271 823 pacto.
317 783 368 813 An
385 783 487 814 locum
505 785 666 821 transiens,
682 785 759 815 alias
774 786 847 816 alibi
864 786 910 823 fit,
923 791 1017 827 atque
1033 787 1077 818 ita
1092 793 1233 819 movetur
1247 790 1258 820 ?
1303 790 1408 823 Forte.
1453 792 1539 823 Num
1557 805 1626 825 0330

163 834 265 876 ipsum
279 835 310 866 in
328 837 444 878 aliquo,
457 843 493 868 ut
508 837 699 878 impossibile
710 838 777 879 jam
794 840 992 880 redargutum
1009 841 1079 871 est?
1124 841 1236 872 Immo.
1282 843 1336 874 An
1352 855 1415 875 11011
1438 846 1537 877 multo
1560 858 1627 878 ma-

163 891 211 931 gis
227 890 428 931 impossibile,
440 891 540 932 ipsum
556 892 588 922 in
603 891 708 932 aliquo
733 891 822 922 fieri?
872 892 944 923 Non
967 894 1109 935 intelligo
1131 897 1302 936 quomodo.
1347 898 1381 928 Si
1399 898 1429 928 in
1448 899 1553 940 aliquo
1570 901 1627 931 ali-

163 945 241 986 quid
257 945 302 982 fit,
318 954 444 976 necesse
459 949 508 975 est
523 946 663 975 nondum
679 945 712 975 in
727 945 781 976 illo
798 946 925 987 penitus
945 957 1025 984 esse,
1051 947 1077 978 si
1091 948 1220 989 quidem
1235 950 1339 982 adhuc
1356 950 1388 981 in
1405 951 1460 982 illo
1474 953 1627 985 continue

164 999 220 1029 fiat
234 1008 242 1030 :
265 1009 324 1029 nec
339 998 433 1029 etiam
448 1002 532 1028 extra
547 998 623 1029 illud
640 1009 762 1039 prorsus
778 1004 909 1038 exstare,
930 1001 955 1032 si
969 1001 1096 1042 quidem
1113 1002 1144 1032 111
1160 1012 1198 1033 00
1220 1002 1285 1043 jam
1301 1004 1367 1036 fiat.
1412 1004 1551 1037 Necesse
1567 1011 1627 1040 est.

164 1051 199 1082 Si
213 1061 286 1092 ergo
308 1051 393 1083 aliud
414 1051 587 1093 quidquam
609 1053 668 1083 hoc
691 1053 821 1094 patitur,
843 1053 876 1084 id
900 1047 999 1085 solum
1015 1055 1143 1096 patitur,
1165 1055 1256 1096 cujus
1278 1061 1382 1098 partes
1404 1058 1516 1099 aliquae
1539 1065 1624 1092 sunt.

165 1106 276 1147 partim
292 1106 422 1137 enimin
438 1105 568 1147 illojam
585 1110 644 1143 est,
667 1107 752 1147 quod
777 1108 905 1148 patitur,
927 1108 1040 1149 partim
1063 1109 1153 1139 simul
1176 1114 1273 1140 extra.
1296 1111 1382 1151 quod
1405 1116 1509 1142 autem
1531 1112 1628 1143 nullis

165 1159 303 1200 partibus
317 1163 453 1199 constat,
474 1169 634 1200 nunquam
656 1159 691 1190 in
712 1159 818 1200 aliquo
842 1164 942 1191 totum
966 1171 1046 1197 esse,
1072 1171 1109 1192 ac
1132 1166 1233 1192 totum
1256 1163 1348 1193 simul
1371 1164 1479 1195 abesse
1502 1165 1628 1205 poterit.

166 1212 260 1243 Vera.
304 1212 398 1248 Quod
415 1222 487 1243 vero
502 1222 604 1253 neque
621 1217 723 1253 partes
738 1214 834 1244 habet
850 1214 940 1250 ullas,
965 1225 1068 1255 neque
1094 1219 1193 1245 totum
1216 1220 1274 1251 est,
1296 1216 1394 1246 multo
1419 1217 1518 1258 magis
1533 1217 1627 1248 etiam

162 1265 354 1307 impossibile
369 1270 428 1302 est,
441 1264 506 1296 sive
521 1266 692 1296 secundum
709 1271 822 1307 partes,
847 1267 912 1298 sive
928 1268 1100 1299 secundum
1117 1273 1216 1299 totum
1232 1268 1349 1300 alicubi
1365 1269 1442 1301 fieri.
1467 1269 1624 1311 Apparet.

164 1318 247 1360 Ergo
271 1329 331 1349 1100
353 1318 460 1360 aliquo
474 1329 619 1360 pergens,
642 1319 738 1361 [139]
760 1330 818 1351 nec
838 1321 953 1352 alicubi
979 1320 1169 1361 ingrediens,
1197 1321 1299 1352 locum
1327 1326 1438 1359 mutat,
1463 1333 1566 1364 neque
1593 1323 1626 1354 in

164 1373 277 1404 eodem
298 1372 484 1409 revolutum,
507 1383 610 1413 neque
636 1373 730 1403 etiam
754 1373 930 1405 alteratum.
975 1373 1051 1404 Non
1067 1373 1202 1405 videtur.
1246 1374 1426 1405 Secundum
1453 1377 1626 1417 quemlibet

163 1425 258 1467 igitur
279 1431 397 1457 motum
420 1426 579 1457 immobile
600 1431 648 1456 est
668 1426 768 1467 ipsum
793 1436 901 1457 unum.
947 1426 1125 1458 Immobile.
1171 1427 1327 1459 Praeterea
1349 1428 1452 1470 ipsum
1474 1440 1571 1460 unum
1594 1429 1629 1460 iu

163 1480 250 1510 nullo
265 1490 333 1511 esse
347 1489 439 1520 posse
453 1478 705 1510 asseveravimus,
749 1479 1016 1512 Asseveravimus.
1061 1479 1158 1512 Haud
1173 1480 1268 1523 igitur
1282 1482 1453 1524 aliquando
1467 1482 1499 1513 in
1515 1484 1628 1514 eodem

164 1537 222 1563 est.
266 1532 498 1569 Quamobrem?
543 1531 700 1569 Quoniam
713 1532 779 1574 jam
796 1533 828 1564 111
844 1534 898 1565 1110
914 1539 1008 1575 esset,
1031 1534 1063 1565 in
1080 1545 1144 1576 quo
1159 1535 1269 1566 eodem
1285 1540 1344 1567 est.
1389 1536 1532 1569 Prorsus.
1579 1536 1627 1567 At

163 1596 235 1617 vero
250 1586 357 1617 necin
372 1597 406 1617 se
420 1586 504 1628 ipso,
518 1595 622 1627 neque
643 1586 676 1616 in
698 1587 762 1618 alio
788 1587 891 1629 ipsum
906 1598 1002 1619 unum
1024 1597 1092 1619 esse
1116 1593 1249 1629 poterat.
1295 1588 1371 1619 Non
1395 1594 1489 1621 certe.
1533 1589 1628 1622 Nun-

163 1649 256 1681 quam
271 1639 364 1681 igitur
387 1639 490 1681 ipsum
515 1650 610 1670 unum
634 1627 666 1670 in
690 1641 801 1671 eodem
825 1641 956 1673 exsistit.
1002 1640 1187 1683 Nunquam,
1213 1646 1249 1672 ut
1264 1642 1396 1674 videtur.
1442 1643 1538 1680 Quod
1554 1653 1626 1675 vero

163 1703 323 1735 nunquam
339 1693 371 1723 in
386 1693 497 1724 eodem
517 1692 648 1730 exsistit,
674 1703 777 1735 neque
800 1694 938 1736 quietem
954 1694 1032 1736 agit,
1059 1705 1161 1736 neque
1184 1699 1257 1726 3101.
1299 1694 1414 1737 Neque
1429 1696 1512 1727 enim
1528 1696 1631 1738 possi-

164 1748 240 1780 bile.
284 1746 408 1779 Idcirco
424 1745 526 1787 ipsum
541 1756 637 1776 unum
653 1756 712 1777 nec
728 1751 821 1785 stare,
837 1757 940 1788 neque
956 1747 1070 1779 moveri
1087 1748 1222 1780 videtur.
1267 1747 1341 1779 Non
1357 1754 1498 1791 apparet.
1544 1749 1627 1782 Item

164 1812 223 1832 nec
238 1799 339 1840 alteri,
360 1810 463 1841 neque
485 1799 542 1830 sibi
564 1799 625 1840 ipsi
648 1799 741 1831 etiam
763 1800 848 1831 idern
871 1805 939 1831 est:
965 1811 1128 1842 rursusque
1152 1811 1211 1832 nec
1228 1811 1246 1832 a
1261 1812 1294 1832 se
1308 1802 1390 1843 ipse,
1416 1813 1475 1834 nec
1501 1803 1540 1833 ab
1563 1803 1626 1835 alio

163 1855 300 1896 quodam
316 1854 456 1884 alterum.
502 1852 588 1889 Quid
603 1853 646 1883 ita
662 1853 673 1883 ?
719 1853 752 1884 Si
768 1864 784 1883 a
801 1864 834 1884 se
851 1854 919 1894 ipso
935 1854 1065 1884 alterum
1083 1855 1134 1891 sit,
1158 1855 1197 1885 ab
1215 1866 1278 1885 uno
1294 1856 1424 1887 alterurn
1450 1861 1543 1894 esset,
1565 1867 1626 1888 nee

165 1913 247 1940 esset
261 1918 370 1938 unum.
417 1906 512 1939 Vera.
556 1906 597 1936 Et
613 1906 639 1936 si
655 1906 743 1938 alteri
757 1907 840 1938 idem
857 1908 962 1945 fuerit,
990 1908 1067 1939 illud
1084 1908 1211 1949 quidem
1232 1909 1303 1948 erit,
1326 1920 1384 1940 1100
1399 1910 1516 1950 ipsum,
1539 1910 1626 1951 quod

165 1966 233 1993 est:
257 1965 447 2003 quapropter
473 1971 531 1991 1100
557 1960 683 1991 01101103
706 1961 764 1992 0111
788 1962 905 2003 ipsum,
931 1962 1015 2003 quod
1044 1973 1153 1999 unum,
1175 1963 1229 1993 sed
1252 1962 1335 1993 aliud
1353 1962 1502 2004 quiddam
1519 1968 1631 2005 praeter

164 2026 273 2047 unum.
317 2015 368 2046 Sic
382 2020 441 2046 est.
483 2014 562 2046 Ideo
579 2014 660 2046 idern
678 2015 778 2057 alteri,
803 2016 852 2046 vel
880 2027 896 2047 a
921 2016 1089 2058 semetipso
1113 2016 1243 2047 alterum
1271 2016 1334 2047 diei
1350 2027 1508 2058 nunquam
1524 2018 1632 2048 debet.

164 2068 335 2110 Nunquam
361 2068 464 2109 plane.
509 2068 570 2099 Sed
596 2079 699 2109 neque
715 2068 844 2099 alterum
862 2069 901 2099 ab
917 2069 979 2100 alio
995 2080 1063 2100 esse
1080 2074 1195 2110 potest,
1211 2071 1312 2101 donee
1334 2081 1430 2101 unum
1447 2075 1504 2101 est.
1527 2081 1631 2112 neque

165 2123 248 2154 enim
265 2121 320 2153 uni
335 2121 491 2163 congruit,
507 2127 544 2152 ut
558 2122 598 2152 ab
613 2122 721 2164 aliquo
737 2123 866 2153 alterum
883 2123 936 2164 sit,
962 2123 1016 2154 sed
1035 2123 1091 2154 soli
1111 2123 1153 2160 01,
1179 2124 1265 2165 quod
1282 2124 1410 2154 alterurn
1426 2129 1474 2155 est
1489 2124 1528 2155 ab
1545 2123 1606 2154 alio
1621 2135 1629 2153 :

165 2175 253 2207 alteri
266 2180 369 2206 autem
384 2174 464 2206 nulli
478 2175 637 2206 convenit.
683 2175 795 2207 Probe.
843 2175 888 2206 Ex
904 2186 942 2207 eo
957 2176 1063 2217 igitur,
1085 2177 1169 2217 quod
1189 2187 1285 2207 unum
1303 2182 1363 2214 est,
1387 2187 1451 2208 non
1475 2177 1534 2208 erit
1547 2177 1629 2208 alte-

165 2239 244 2261 rurn.
267 2239 308 2259 011
318 2229 386 2270 ipse
401 2229 515 2270 putas?
559 2228 779 2270 Nequaquam.
824 2229 920 2266 Quod
936 2230 995 2260 nisi
1011 2231 1081 2267 hoc,
1106 2240 1170 2260 non
1198 2240 1231 2261 30
1257 2230 1327 2271 ipso
1343 2241 1351 2261 ε
1374 2230 1478 2261 sinon
1495 2240 1528 2261 30
1544 2229 1626 2271 ipso,

165 2292 268 2324 neque
294 2282 408 2323 ipsum.
430 2282 533 2324 ipsum
556 2293 642 2319 vero,
665 2283 753 2313 nullo
779 2284 874 2314 modo
902 2283 1032 2314 alterum
1060 2283 1223 2319 exsistens,
1250 2293 1269 2314 a
1295 2283 1382 2314 nullo
1416 2283 1545 2314 alterum
1572 2287 1632 2314 est.

166 2335 281 2367 Recte.
303 2335 417 2377 Neque
441 2340 546 2367 tamen
562 2335 620 2366 sibi
642 2336 702 2377 ipsi
722 2337 806 2367 idem
831 2337 900 2368 erit.
946 2337 1010 2368 Cur
1031 2337 1118 2367 non?
1141 2336 1217 2367 Non
1233 2347 1270 2367 ea
1285 2341 1333 2368 est
1348 2336 1448 2378 ipsius
1462 2336 1555 2367 unius
1571 2346 1630 2367 na-

165 2393 245 2425 tura,
261 2399 331 2430 quae
347 2389 444 2430 ipsius
460 2389 600 2430 ejusdem
616 2393 726 2420 natura
741 2394 801 2421 est.
822 2390 954 2428 Quare?
977 2390 1062 2427 Quia
1076 2401 1152 2427 non,
1178 2390 1253 2420 dum
1269 2390 1352 2421 idem
1375 2390 1410 2420 fit
1433 2389 1551 2431 aliquid
1573 2389 1630 2420 ali-

167 2442 232 2478 cui,
257 2453 354 2472 unum
377 2441 520 2474 efficitur.
566 2442 639 2480 Qua
653 2443 694 2474 de
709 2444 825 2474 eausa?
872 2444 966 2480 Quod
992 2443 1098 2474 multis
1122 2443 1206 2474 idern
1230 2443 1277 2479 fit,
1302 2443 1411 2482 multa,
1434 2453 1497 2473 non
1520 2451 1631 2478 unum,

167 2495 232 2526 fieri
244 2505 369 2526 necesse
380 2500 439 2526 est.
483 2495 613 2527 Verum.
657 2495 741 2527 Atsi
751 2497 853 2538 ipsum
863 2507 959 2527 uuum
972 2501 1066 2537 atq'ue
1076 2496 1177 2536 ipsum
1189 2496 1273 2527 idem
1290 2496 1388 2527 nihilo
1403 2495 1630 2537 discreparent,

166 2548 292 2589 quoties
307 2548 383 2589 quid
398 2548 480 2580 idem
497 2548 594 2585 fieret,
609 2559 705 2579 unum
722 2560 848 2591 quoque
864 2559 985 2590 semper
1004 2549 1197 2580 efficeretur:
1220 2549 1407 2590 quotiesque
1423 2559 1533 2585 unum,
1549 2558 1629 2579 sem-

167 2611 224 2642 per
233 2605 266 2631 et
278 2600 373 2632 idem.
415 2601 459 2632 Et
470 2602 601 2633 maxime
623 2602 765 2643 quidem.
808 2603 1009 2644 Quapropter
1021 2602 1046 2633 si
1061 2602 1164 2643 ipsum
1181 2613 1277 2633 unum
1292 2602 1418 2633 sibimet
1432 2601 1515 2632 idem
1523 2601 1630 2637 fuerit,

169 2665 232 2685 non
248 2665 344 2685 unum
360 2653 419 2685 sibi
433 2654 559 2685 exsistet
573 2666 580 2685 :
604 2660 699 2697 atque
713 2655 759 2686 ita
771 2666 868 2686 unum
884 2656 1047 2692 exsistens,
1068 2665 1134 2685 11011
1158 2665 1254 2686 0110111
1270 2655 1338 2687 erit.
1383 2653 1581 2694 Impossibile
1596 2653 1630 2683 id

168 2707 309 2749 quidem.
335 2706 535 2748 Impossibile
551 2707 655 2748 igitur,
671 2708 772 2749 ipsum
790 2719 898 2749 unum,
908 2713 962 2739 aut
972 2707 1100 2738 alterum
1113 2708 1152 2738 ab
1165 2708 1240 2747 alio,
1248 2713 1302 2738 aut
1313 2707 1372 2738 sibi
1382 2707 1442 2748 ipsi
1456 2707 1538 2737 idem
1549 2716 1629 2737 esse.

169 2760 379 2801 Impossibile.
392 2759 462 2791 Hac
472 2759 576 2802 itaque
586 2761 719 2802 ratione,
729 2773 825 2792 unum
839 2773 897 2794 1100
910 2762 1006 2802 1110111,
1018 2771 1078 2792 1100
1088 2761 1230 2798 alterum,
1243 2766 1298 2792 aut
1311 2761 1382 2801 sibi,
1391 2765 1444 2791 aut
1459 2759 1547 2790 alteri
1562 2769 1630 2790 esse

170 2813 296 2854 poterit.
315 2813 390 2844 Non
403 2813 555 2855 profecto.
582 2814 642 2846 Sed
657 2825 759 2856 neque
771 2816 880 2852 simile,
893 2826 995 2856 neque
1002 2814 1151 2846 dissimile
1160 2814 1309 2856 cuipiam,
1319 2819 1373 2845 aut
1384 2814 1454 2850 sibi,
1469 2818 1523 2843 aut
1531 2811 1630 2842 alteri.

171 2867 273 2903 Quam
286 2867 327 2897 ob
342 2877 466 2898 causam
481 2867 492 2897 ?
538 2867 621 2904 Quia
636 2867 735 2899 simile
751 2874 810 2905 est,
831 2870 916 2910 quod
933 2868 1030 2909 ipsius
1045 2867 1186 2908 ejusdem
1207 2872 1255 2899 031
1278 2867 1446 2908 particeps.
1490 2864 1628 2903 Nempe.

169 2917 279 2959 Ipsum
295 2923 398 2953 tamen
413 2919 496 2952 idem
511 2920 550 2951 ab
567 2930 629 2951 uno
646 2925 756 2952 natura
772 2921 902 2957 secerni,
916 2932 952 2953 ex
967 2925 1039 2952 ante
1055 2920 1146 2953 dictis
1161 2921 1316 2962 apparuit.
1363 2917 1520 2961 Apparuit
1534 2920 1628 2948 certe.

259 2982 348 3015 Pzat.
368 2984 422 3016 Tr.
539 2984 541 2986 ·
863 2985 891 3018 1.
1511 2980 1539 3011 P
