1846 3268
255 275 335 314 236
857 271 1122 314 PLATONJS
1625 276 1727 329 [150

259 381 495 424 ambiguitatem
512 381 640 413 induco.
664 382 724 413 hoc
741 380 879 412 audisti?
922 382 1010 413 Tim
1033 381 1072 412 Id
1090 391 1223 424 prorsus.
1268 381 1324 413 So.
1347 380 1406 413 Vis
1422 379 1479 412 tibi
1494 391 1621 413 eausam
1635 377 1731 423 hujus

255 436 434 478 assignem?
478 437 566 469 Tun.
591 435 714 473 Quidni
741 435 852 466 velim?
898 435 954 467 So.
975 435 1094 473 Quales
1120 435 1184 466 sint
1209 436 1404 476 obstetrices,
1429 435 1546 477 cogita,
1572 445 1618 467 ae·
1633 434 1728 466 facile

257 491 344 531 quod
360 491 430 521 volo
447 489 613 532 percipies».
660 490 727 521 Scis
753 489 848 530 enim,
864 490 951 530 quod
973 490 1061 521 nulla
1083 500 1121 521 ex
1146 489 1219 526 illis,
1236 490 1386 532 quamdiu
1408 489 1550 531 concipit
1570 488 1732 531 paritque,

257 545 502 586 parturientibus
529 544 714 586 opitulatur,
739 545 795 575 sed
821 554 892 575 cum
916 543 982 586 jam
1010 545 1051 575 ad
1073 544 1182 575 foetum
1207 544 1322 587 ineptas
1351 548 1435 577 sunt.
1478 544 1566 575 Tna.
1590 543 1732 575 Prorsus.

259 598 318 630 So.
342 598 477 630 Causam
494 597 587 639 hujus
603 597 739 630 Dianam
754 597 871 638 ferunt,
887 608 958 639 quae
974 608 1046 634 cum
1070 598 1182 630 sterilis
1204 598 1257 637 sit,
1274 603 1419 641 partuum
1436 597 1565 629 tutelam
1581 596 1733 638 suscepit.

258 651 378 683 steriles
402 653 584 684 obstetrices
607 652 671 684 fieri
689 653 798 689 vetuit,
823 652 972 695 quoniam
998 653 1135 684 humana
1159 657 1272 684 natura
1299 652 1488 684 imbecillior
1515 655 1564 683 est
1587 650 1630 682 ad
1651 654 1733 682 artes

259 715 365 737 earum
382 698 494 744 rerum,
512 716 590 748 quas
602 716 763 748 nunquam
778 712 906 748 experta
919 711 968 739 est
981 718 988 737 :
1012 706 1060 738 his
1084 711 1200 750 autem,
1216 717 1286 749 quaa
1301 710 1463 738 senectute
1478 705 1646 747 concipere
1658 714 1733 746 pro-

257 759 416 797 hibentur,
431 760 464 791 id
477 761 651 803 imperavit,
667 756 1017 793 similitudinem'suam
1029 762 1197 794 honorans.
1240 761 1330 793 Tim.
1350 759 1530 792 Verisimile
1544 757 1576 790 id
1592 757 1735 800 quidem·-

259 812 317 845 So.
341 812 394 844 An
412 824 475 845 non
491 814 523 845 id
545 825 672 857 quoque
697 814 859 857 probabile
879 825 916 847 ac
940 815 1147 846 necessarium
1165 819 1223 851 est,
1239 825 1309 856 quae
1325 818 1522 856 praegnantes
1537 812 1600 844 sint
1612 817 1646 844 et
1659 820 1735 854 qun

258 877 335 904 non,
362 868 485 901 acutius
511 869 551 900 ab
578 869 795 900 obstetricibus
819 879 913 911 quam
936 870 975 900 ab
1001 868 1070 901 aliis
1095 869 1323 900 animadverti?
1369 867 1458 900 Tan.
1481 867 1633 899 Omnino.
1677 866 1734 898 So.r

259 922 346 959 Quin
362 922 457 953 etiam
473 923 602 954 medelis
617 927 650 954 et
665 923 934 954 incantationibus
948 923 1132 955 obstetrices
1148 923 1282 955 excitare
1298 922 1458 954 mollireve
1485 925 1594 964 partus
1613 919 1735 951 vexati-

258 986 335 1006 ones
352 976 471 1013 valent.
486 980 519 1007 et
533 984 613 1018 aegre
630 977 872 1018 parturientibus
888 977 1048 1019 opitulari,
1060 977 1216 1019 foetusque
1228 977 1361 1009 educere
1373 987 1385 1016 ;
1397 982 1430 1008 et
1440 975 1466 1007 si
1477 972 1734 1016 intempestivum

257 1028 324 1060 sore
349 1029 505 1072 videatur,
520 1030 694 1062 obtundere
721 1036 817 1073 atque
842 1032 1010 1063 retrudere.
1053 1031 1141 1063 Tne.
1167 1030 1252 1063 Vera
1277 1040 1394 1062 narras.
1439 1029 1497 1062 So.
1520 1027 1675 1071 Nunquid
1695 1031 1733 1059 et

257 1083 319 1115 hoc
345 1084 386 1115 de
411 1084 471 1115 illis
495 1083 623 1121 audisti,
639 1086 726 1127 quod
750 1090 898 1127 tanquam
922 1086 1073 1127 pronubae
1098 1086 1132 1116 in
1154 1084 1361 1117 conficiendis
1383 1082 1540 1126 conjugiis
1561 1081 1735 1125 aptis-imm

258 1142 342 1175 sunt,
359 1138 479 1180 quippe
495 1149 565 1180 quae
581 1139 844 1180 optimecallent,
859 1150 953 1181 quarn
966 1140 1020 1171 cui
1030 1139 1143 1181 jugare
1155 1140 1195 1170 ad
1208 1149 1365 1181 generosae
1377 1137 1473 1180 prolis
1483 1135 1731 1180 procreationem

259 1193 426 1232 oporteat?
468 1192 558 1225 Tne.
579 1194 676 1225 Haud
691 1195 766 1226 satis
781 1195 814 1226 id
833 1195 919 1227 novi.
964 1196 1020 1227 So.
1045 1195 1143 1232 Scias,
1159 1205 1223 1226 non
1240 1195 1343 1227 minus
1357 1194 1389 1226 in
1401 1195 1463 1226 hoc
1477 1193 1614 1236 gloriari,
1635 1202 1732 1235 quam

257 1244 291 1275 in
307 1246 448 1278 umbilici
472 1247 572 1288 ipsius
593 1247 843 1281 circumcisione.
867 1253 960 1291 putas
981 1248 1123 1290 ejusdem
1146 1259 1186 1280 an
1207 1249 1334 1283 alterius
1357 1249 1430 1280 artis
1454 1247 1590 1280 officium
1613 1247 1732 1279 cultum

258 1299 543 1343 collectionemque
565 1306 753 1334 terrenorum
770 1303 948 1343 sructuum;
971 1307 1006 1334 et
1019 1313 1122 1334 rursus
1145 1302 1342 1345 dignoscere,
1352 1303 1441 1345 qnod
1463 1302 1499 1334 in
1521 1301 1622 1333 solum
1637 1307 1732 1344 quam

257 1353 399 1394 plantam
415 1356 541 1397 quodve
557 1366 663 1387 semen
675 1355 782 1397 jacere
797 1356 930 1388 deceat?
974 1356 1063 1388 Tne.
1086 1355 1248 1398 Ejusdem.
1293 1356 1348 1389 So.
1377 1355 1417 1387 In
1438 1355 1563 1387 feminis
1578 1359 1696 1393 autem,
1710 1364 1731 1386 o

257 1406 369 1445 amice,
386 1407 512 1440 alterius
537 1409 695 1441 facultatis
721 1411 793 1447 hoc,
816 1410 942 1442 alterius
956 1410 1035 1441 illud
1061 1410 1241 1442 existimas?
1284 1410 1373 1442 Tan.
1396 1410 1493 1441 Haud
1515 1419 1592 1440 sane
1612 1419 1734 1441 conve·

256 1461 349 1492 niens
363 1467 420 1493 est.
446 1463 544 1506 [150]
569 1463 626 1495 So.
648 1463 722 1495 Non
740 1469 835 1498 certe.
858 1465 913 1496 sed
930 1470 1058 1507 propter
1071 1464 1223 1507 injustam
1235 1470 1267 1496 et
1282 1464 1446 1496 absurdam
1458 1463 1548 1495 maris
1557 1467 1591 1495 et
1604 1462 1731 1494 seminae

258 1515 530 1557 conjunctionem,
543 1517 595 1549 cui
611 1518 801 1550 lenocinium
816 1529 931 1550 nomen
944 1524 1003 1557 est,
1014 1519 1349 1561 fugiuntconducendi
1357 1517 1543 1550 matrimonii
1553 1516 1733 1556 artificium,

258 1569 349 1611 quasi
365 1570 548 1603 obstetrices
559 1577 653 1603 castae
670 1573 742 1610 sint,
759 1578 997 1614 vincanturque,
1013 1583 1066 1610 ne,
1082 1584 1138 1615 pro
1155 1573 1307 1604 laudabili
1322 1571 1440 1610 studio,
1455 1571 1604 1603 lenocinii
1618 1575 1733 1602 noten-

258 1628 309 1654 tur
321 1624 450 1655 infamia
463 1636 471 1656 ε
495 1626 649 1667 siquidem
666 1627 815 1668 legitimis
831 1627 1050 1658 obstetricibus
1065 1627 1140 1658 solis
1155 1627 1305 1658 convenit
1319 1631 1402 1658 recte
1423 1635 1522 1657 mares
1536 1624 1732 1666 feminasque

254 1677 381 1720 jugare.
423 1679 510 1712 Tun.
536 1679 681 1712 Constat.
726 1680 783 1712 So.
807 1680 915 1723 Atque
939 1681 973 1711 id
998 1686 1046 1713 est
1069 1681 1271 1712 obstetricum
1294 1680 1432 1712 osticium
1458 1689 1555 1722 opera
1570 1688 1639 1710 mea
1653 1688 1732 1720 quo·-

253 1731 428 1764 'dammodo
457 1734 569 1767 levius.
613 1734 730 1777 Neque
754 1735 838 1766 enim
864 1735 981 1766 accidit
1004 1734 1197 1778 mulieribus,
1223 1740 1260 1766 ut
1282 1734 1454 1777 aliquando
1479 1733 1655 1770 simulacra,
1675 1732 1735 1764 ali-

260 1787 390 1827 quando
406 1797 453 1819 res
469 1798 555 1819 veras
571 1789 705 1831 pariant.
750 1789 823 1821 Hoc
838 1790 922 1820 haud
938 1789 1030 1821 facile
1041 1790 1184 1832 cognitu.
1207 1789 1293 1831 quod
1304 1789 1330 1820 si
1343 1788 1550 1831 contingeret,
1563 1787 1732 1819 maximum

256 1833 595 1884 ¹praeclaris-fimumque
619 1843 820 1875 obstetricum
845 1854 958 1875 munus
980 1849 1063 1875 esset
1085 1855 1191 1876 verum
1217 1854 1235 1875 a
1254 1843 1333 1875 falso
1354 1844 1541 1875 discernere.
1580 1841 1635 1873 'Tu
1654 1850 1731 1875 vero

259 1893 339 1934 quid
353 1895 472 1926 sentis?
516 1896 604 1929 Tria.
628 1897 717 1929 Idem
734 1898 887 1938 profecto.
933 1898 991 1932 So.
1014 1897 1088 1929 Arti
1102 1908 1175 1930 vero
1190 1908 1267 1929 meae
1283 1898 1372 1929 adest
1387 1896 1540 1939 quicquid
1553 1897 1594 1928 ad
1609 1896 1732 1928 illarum

259 1947 472 1980 obstetriciam
488 1950 685 1992 diligentiam
701 1952 823 1983 attinet.
846 1962 951 1982 verum
968 1951 1001 1982 in
1023 1952 1084 1984 hoc
1107 1957 1247 1994 praestat,
1262 1952 1350 1993 quod
1366 1951 1512 1988 maribus,
1524 1961 1592 1982 ‘non
1604 1950 1732 1982 feminis

259 2003 503 2042 parturientibus
518 2005 680 2043 succurrit,
704 2006 829 2048 quodve
854 2006 1026 2037 animarum
1042 2006 1145 2043 foetus,
1162 2017 1227 2037 non
1247 2015 1411 2047 corporum
1434 2003 1626 2046 speculatur.
1669 2003 1734 2035 Po-

260 2055 412 2087 tissimum
436 2063 542 2089 autem
559 2059 616 2090 arti
640 2070 716 2090 meae
743 2060 803 2091 hoc
828 2060 920 2098 inest,
937 2070 1028 2101 posse
1046 2060 1196 2092 videlicet
1218 2059 1386 2101 diligenter
1411 2058 1601 2099 examinare,
1628 2062 1732 2090 utrum

254 2109 459 2142 'simulacrum
476 2113 636 2154 quoddam
657 2114 834 2156 falsumque
847 2125 887 2144 an
910 2114 1081 2146 fecundum
1109 2125 1146 2146 ac
1161 2125 1269 2146 verum
1286 2113 1415 2155 juvenis
1437 2112 1590 2154 cogitatio
1621 2112 1734 2153 pariat.

262 2164 351 2202 Quin
367 2166 460 2197 ctiam
476 2168 561 2209 quod
586 2168 815 2206 obstetricibus,
837 2169 919 2200 idem
937 2173 979 2199 ct
1001 2168 1077 2199 mihi
1102 2169 1229 2201 accidit.
1252 2168 1363 2200 sterilis
1377 2178 1445 2199 sum
1461 2172 1495 2198 et
1509 2166 1665 2208 sapientia
1679 2176 1734 2198 va-

261 2229 338 2250 cuus
353 2230 360 2251 :
385 2226 418 2252 et
434 2222 518 2263 quod
533 2222 609 2253 milii
622 2222 806 2264 objecerunt
817 2223 919 2264 multi,
931 2222 1120 2264 interrogare
1133 2233 1182 2254 me
1193 2222 1344 2264 singulos,
1358 2221 1548 2264 respondere
1559 2229 1733 2262 nunquam,

259 2278 426 2315 propterea
439 2275 514 2317 quia
530 2276 608 2307 nibil
625 2277 767 2314 habeam,
783 2278 869 2320 quod
892 2278 1051 2319 sapienter
1073 2277 1262 2319 respondere
1287 2275 1414 2318 possim,
1432 2285 1503 2306 vere
1528 2274 1660 2306 nimium
1675 2275 1733 2306 ob-

255 2326 394 2368 jectant.
417 2329 512 2372 hujus
528 2331 669 2372 profecto
685 2332 753 2363 haec
768 2337 816 2363 est
832 2342 947 2363 causa:
973 2331 1219 2373 parturientibus
1243 2340 1423 2362 succurrere
1444 2328 1534 2360 Deus
1557 2338 1607 2360 me
1634 2328 1734 2370 cogit,

260 2391 407 2421 generare
432 2385 601 2424 prohibuit.
647 2386 806 2424 Quocirca
830 2396 894 2417 non
921 2396 989 2417 sum
1012 2386 1182 2416 admodum
1205 2385 1344 2427 sapiens.
1359 2393 1464 2426 neque
1485 2387 1586 2414 exstat
1601 2382 1732 2424 aliquod

259 2444 338 2465 mcae
354 2437 466 2468 mentis
483 2438 643 2471 inventum
659 2451 696 2471 ex
709 2451 758 2472 me
775 2446 895 2472 natum.
932 2440 1007 2477 ‘Qui
1022 2450 1096 2471 vero
1111 2449 1234 2470 mecum
1251 2443 1424 2479 versantur,
1441 2437 1595 2479 principio
1605 2437 1734 2479 quidem

259 2489 354 2520 rudes
370 2497 544 2532 apparent:
570 2495 624 2525 sed
641 2505 710 2526 mea
725 2495 841 2526 deinde
856 2494 1088 2526 consuetudine
1110 2494 1155 2533 hi,
1183 2493 1297 2535 quibus
1319 2492 1408 2524 Deus
1424 2493 1492 2534 ipse
1507 2491 1604 2530 favet,
1621 2491 1732 2523 mirum

257 2542 293 2574 in
317 2545 445 2576 modum
463 2547 641 2588 proficiunt,
659 2553 693 2579 ut
708 2549 766 2580 sibi
782 2549 860 2591 ipsis
875 2549 1009 2591 aliisque
1024 2549 1182 2580 videntur.
1205 2549 1266 2579 hoc
1282 2553 1385 2579 tamen
1401 2551 1536 2584 constat,
1551 2545 1734 2588 quodssnihit

259 2607 399 2638 unquam
411 2610 430 2630 a
446 2611 495 2631 me
509 2601 657 2634 discunt:
682 2603 776 2634 immo
792 2603 854 2645 ipsi
868 2604 900 2634 in
916 2603 1027 2644 seipsis
1052 2602 1179 2644 egregia
1206 2601 1305 2633 multa
1325 2599 1537 2643 possidentes,
1553 2600 1733 2633 inveniunt.

259 2652 518 2686 obstetriciisane
534 2657 670 2687 muneris
694 2657 785 2688 Deus
808 2662 842 2688 et
864 2668 924 2700 ego
946 2667 1052 2689 causa.
1075 2657 1162 2698 quod
1184 2657 1258 2688 hinc
1283 2656 1417 2687 maxime
1440 2653 1620 2696 conjectare
1643 2653 1731 2685 licet.

259 2704 343 2736 Nam
361 2706 452 2738 multi
467 2710 631 2750 quondam
648 2711 708 2742 hoc
725 2711 916 2752 ignorantes,
933 2722 1028 2753 seque
1045 2711 1132 2752 ipsos
1159 2720 1283 2742 causam
1299 2709 1524 2745 existimantes,
1539 2717 1589 2739 me
1603 2707 1733 2749 quidem

261 2769 457 2801 spreverunt,
473 2763 552 2794 forte
576 2766 615 2795 ab
641 2765 709 2796 aliis
735 2766 874 2808 persuasi
890 2777 898 2797 :
922 2766 1007 2797 unde
1034 2765 1128 2797 citius
1143 2775 1237 2807 quam
1253 2765 1391 2801 deceret,
1407 2773 1426 2794 a
1441 2773 1491 2794 me
1507 2761 1732 2794 discesserunt.

260 2814 384 2859 Quibus
399 2816 587 2849 abeuntibus
603 2820 643 2849 ob
660 2828 786 2861 pravam
802 2820 1062 2851 consuetudinem
1079 2830 1185 2851 eorum
1199 2829 1270 2861 quae
1283 2817 1408 2850 residua
1422 2820 1511 2848 erant
1524 2815 1669 2847 obortum
1683 2814 1732 2846 fe-

260 2880 329 2902 cere
344 2881 352 2902 :
378 2875 472 2912 atque
488 2872 615 2915 insuper
629 2884 700 2915 qum
716 2884 776 2916 ego
793 2874 974 2906 obstetricia
989 2884 1051 2915 ope
1066 2884 1102 2905 ex
1115 2874 1226 2904 animae
1242 2872 1366 2903 illorum
1381 2868 1549 2902 visceribus
1560 2867 1627 2910 jam
1642 2878 1733 2900 erue-

260 2930 337 2964 ram,
354 2926 433 2958 male
450 2928 635 2969 nutrientes,
652 2929 777 2970 penitus
794 2929 1008 2969 perdiderunt,
1022 2929 1141 2970 quippe
1157 2939 1227 2959 cum
1255 2926 1333 2958 salsa
1356 2930 1450 2967 atque
1473 2923 1637 2956 simulacra
1652 2923 1731 2955 veris

260 2981 390 3014 nimium
406 2987 643 3025 anteponerent.
668 2984 792 3015 demum
811 2989 872 3015 tam
900 2984 1076 3026 sibi'quam
1098 2983 1168 3015 aliis
1189 2982 1371 3024 ignorantes
1390 2979 1525 3012 evasisse
1547 2977 1656 3010 merito
1672 2977 1731 3010 visi
