1846 3268
162 287 262 338 165]
708 285 1048 326 CHARMIDES.
1567 292 1626 331 89.

153 390 305 433 postea?'
328 389 384 422 So‘.
407 387 497 421 Nihil
512 388 609 421 aliud.
632 399 738 422 verum
765 389 829 426 dic.
855 394 959 420 utrum
985 388 1128 422 medicus
1155 388 1213 422 tibi
1240 388 1353 432 aliquis
1368 389 1520 429 videatur,
1542 393 1619 424 dum

152 454 260 476 sanum
277 443 372 475 efficit
385 444 532 486 aliquem,
550 444 638 475 utilia
651 443 723 485 sibi,
734 448 767 475 et
781 443 839 484 illi,
855 453 950 485 quem
966 448 1066 484 curat,
1082 443 1228 475 efficere?
1274 444 1354 475 Car.
1377 444 1462 475 Mihi
1477 445 1618 486 quidem.

153 497 210 530 So.
234 497 350 529 Nonne
365 497 430 539 agit
455 498 612 535 decentia,
639 497 782 540 quisquis
807 498 874 529 haec
902 496 992 539 agit?
1039 497 1118 529 Cnx.
1143 497 1246 529 Certe.
1292 499 1350 531 So.
1374 498 1439 536 Qui
1454 509 1526 530 vero
1553 500 1620 541 agit

151 551 308 592 decentia,
335 562 442 583 nonne
466 557 499 583 et
526 552 722 593 temperate?
775 551 855 583 Car.
890 550 934 581 Et
958 556 1141 593 temperate.
1187 552 1242 584 So.
1277 552 1432 595 Nunquid
1460 554 1619 585 medicum

149 614 278 644 necesse
292 609 340 636 est
362 605 547 647 intelligere,
572 606 700 648 quando
726 610 814 636 curat
837 604 965 641 utiliter,
992 609 1025 636 et
1051 606 1178 647 quando
1201 606 1288 637 non?
1313 611 1346 638 et
1365 617 1619 649 unumquemque

147 657 309 696 artificem,
329 660 456 700 quando
479 661 707 692 conducturum
731 659 790 690 sibi
811 663 859 689 est
879 669 960 699 opus
984 657 1085 700 ipsum
1109 660 1193 700 quod
1218 660 1323 697 efficit,
1347 666 1380 692 et
1403 662 1530 703 quando
1551 672 1618 693 non

147 712 397 744 conducturum?
446 713 526 744 Ciu.
548 713 639 745 Forte
665 723 741 744 non.
785 713 841 745 So.
874 712 1078 754 Quandoque
1104 713 1210 754 igitur,
1235 725 1307 745 cum
1331 715 1472 747 medicus
1500 715 1619 747 utiliter

147 770 294 807 operatus
309 770 356 798 est
371 767 418 797 vel
435 772 556 804 contra,
572 778 604 799 se
619 767 722 809 ipsum
745 777 810 798 non
827 767 1002 808 cognoscit,
1029 773 1066 798 ut
1077 771 1223 808 operatus
1247 773 1314 800 est:
1340 769 1366 799 si
1380 773 1484 800 tamen
1497 770 1618 800 utiliter

146 825 294 862 operatus
307 826 366 859 est,
382 826 417 852 ut
430 822 499 864 ipse
514 822 674 864 fatebaris,
690 827 723 854 et
737 826 922 864 temperate.
954 832 995 852 an
1011 832 1076 852 non
1091 822 1136 853 ita
1151 821 1300 854 dicebas?
1345 823 1426 855 Cur.
1447 823 1616 865 Equidem.

147 874 202 906 So.
224 874 306 917 Ergo
321 886 440 918 nonne,
455 880 491 907 ut
505 882 646 919 apparet,
673 877 828 908 interdum
845 876 962 908 utiliter
975 880 1132 917 operatus,
1155 876 1221 918 agit
1236 877 1363 919 quidem
1379 881 1561 919 temperate,
1584 882 1618 908 et

146 933 335 970 temperatus
360 935 420 968 est,
446 930 516 973 ipse
531 942 604 963 vero
624 942 658 963 se
682 932 819 973 ignorat,
853 931 938 973 quod
974 936 1146 973 temperate
1174 936 1258 973 agat,
1285 931 1387 974 sitque
1413 932 1615 973 temperans?

147 981 227 1015 Ciu.
251 983 332 1015 Fieri
345 985 405 1016 hoc
419 996 483 1017 non
508 991 625 1028 potest,
651 997 670 1018 ο
697 987 851 1018 Socrates,
900 986 1029 1027 Verum,
1057 986 1083 1018 si
1098 986 1174 1028 quid
1190 992 1238 1018 est
1260 986 1292 1017 in
1309 986 1523 1029 superioribus
1548 986 1616 1018 dic-

145 1042 224 1074 tum,
239 1039 325 1071 unde
339 1040 399 1071 hoc
414 1035 572 1082 sequatur,
594 1041 673 1072 illud
698 1041 847 1072 libentius
863 1041 1037 1072 retractabo
1053 1051 1061 1072 :
1086 1051 1191 1082 neque
1206 1051 1255 1072 me
1273 1040 1406 1082 pudebit
1431 1040 1532 1078 fateri,
1557 1040 1615 1072 ali-

146 1090 224 1132 quid
238 1091 325 1124 aliud
339 1103 404 1124 non
419 1098 503 1125 recte
527 1094 654 1131 dixisse,
675 1095 780 1136 potius
803 1105 898 1136 quam
913 1094 1104 1136 consentire,
1130 1100 1164 1125 ut
1179 1094 1235 1137 qui
1250 1105 1283 1126 se
1298 1095 1402 1137 ipsum
1417 1094 1552 1136 ignorat,
1575 1094 1616 1125 sit

147 1149 346 1187 temperatus.
368 1147 463 1179 ferme
478 1159 612 1191 namque
628 1149 688 1181 hoc
714 1150 816 1191 ipsum
845 1148 1084 1191 temperantiam
1110 1159 1178 1180 esse
1193 1149 1336 1186 arbitror,
1362 1160 1395 1181 se
1419 1149 1524 1190 ipsum
1538 1159 1617 1189 cog-

145 1207 296 1232 noscere:
318 1199 427 1243 illique
453 1204 616 1245 assentior,
637 1204 690 1246 qui
705 1209 900 1246 praeeeptum
925 1204 985 1235 hoc
1011 1203 1130 1245 templo
1145 1203 1306 1245 Apollinis
1331 1202 1430 1245 ipsius
1443 1202 1615 1243 inscripsit.

145 1252 248 1295 Atqui
262 1253 385 1287 videtur
400 1257 466 1287 haec
481 1257 643 1300 inscriptio
661 1263 811 1300 tanquam
825 1258 877 1290 dei
892 1258 1038 1290 salutatio
1055 1258 1201 1300 quaedam
1224 1258 1264 1289 ad
1287 1258 1442 1297 homines,
1464 1256 1520 1299 qui
1531 1260 1615 1288 tem-

145 1306 232 1348 plum
247 1307 474 1350 ingrediuntur,
490 1310 560 1342 loco
576 1311 657 1353 ejus,
670 1322 741 1354 quae
755 1312 890 1353 gaudere
903 1311 1017 1353 jubet:
1042 1312 1132 1354 quasi
1148 1322 1212 1342 non
1227 1312 1324 1353 probe
1339 1312 1472 1353 dicatur,
1497 1310 1613 1353 gaude,

144 1370 248 1403 neque
259 1362 370 1403 jubere
390 1364 450 1395 hoc
471 1364 604 1396 invicem
630 1366 753 1406 deceat,
777 1366 832 1396 sed
848 1368 1018 1407 temperate
1035 1365 1140 1406 potius
1155 1365 1271 1397 vivere.
1315 1365 1366 1396 Ita
1379 1365 1521 1396 homines
1536 1368 1615 1395 tem-

142 1413 231 1455 plum
245 1414 455 1457 ingredientes
470 1417 618 1460 singulari
634 1418 791 1450 sententia
806 1419 884 1450 deus
900 1418 1084 1460 alloquitur,
1111 1418 1263 1460 aliterque
1289 1429 1383 1461 quam
1395 1419 1539 1450 homines
1555 1429 1613 1449 nos

142 1467 268 1506 salutat,
293 1474 329 1500 ut
353 1471 450 1502 sensit
474 1471 540 1509 ille,
564 1483 632 1504 meo
651 1472 790 1514 judicio,
814 1472 871 1514 qui
897 1471 1078 1511 inscripsit;
1101 1476 1134 1503 et
1159 1472 1348 1514 ingredienti
1373 1472 1451 1504 nihil
1467 1472 1614 1515 praecipit

142 1521 241 1560 aliud,
256 1533 348 1565 quarn
365 1525 468 1556 vivere
494 1531 676 1568 temperate.
723 1526 842 1557 Verum
865 1524 1005 1556 obscuris
1030 1525 1091 1556 hoc
1114 1531 1306 1568 praeceptum
1322 1526 1436 1564 verbis,
1459 1531 1610 1569 tanquam

142 1581 240 1615 vates,
254 1577 419 1610 interserit.
442 1579 562 1621 quippe
576 1579 741 1620 Cognosce
767 1584 799 1610 te
824 1579 945 1620 ipsum,
970 1578 1053 1609 idem
1074 1584 1135 1616 est,
1160 1581 1246 1621 quod
1270 1580 1454 1622 Temperate
1470 1581 1552 1618 vive,
1576 1585 1611 1612 ut

142 1629 239 1661 literae
255 1635 417 1669 testantur,
432 1643 554 1675 egoque
570 1634 766 1675 interpretor.
791 1633 888 1675 [165]
914 1633 994 1664 forte
1016 1643 1088 1664 vero
1113 1633 1198 1665 aliud
1214 1645 1281 1666 esse
1296 1635 1421 1677 putabit
1435 1634 1609 1677 quispiam:

141 1685 227 1726 quod
243 1686 371 1727 quidem
385 1687 556 1729 contigisse
567 1687 640 1727 illis,
667 1687 720 1729 qui
735 1687 899 1729 sequentia
920 1687 1146 1728 imposuerunt,
1173 1688 1327 1731 existimo,
1349 1689 1410 1720 hoc
1433 1693 1493 1731 est,
1516 1686 1608 1720 Nihil

141 1738 247 1779 nimis,
261 1744 294 1770 et
304 1739 473 1782 Sponsioni
488 1751 552 1772 non
567 1741 676 1772 deesse
695 1741 862 1783 jacturam.
909 1741 993 1772 Nam
1016 1741 1063 1773 illi
1085 1742 1224 1783 quidem,
1248 1742 1413 1785 Cognosce
1436 1747 1468 1774 te
1491 1743 1608 1785 ipsum,

138 1792 304 1826 consilium
320 1794 478 1836 quoddam
493 1806 560 1827 esse
577 1800 736 1837 putarunt,
754 1807 818 1827 non
829 1795 881 1826 dei
896 1796 995 1838 ipsius
1010 1796 1050 1827 ad
1066 1807 1132 1834 eos,
1148 1797 1203 1839 qui
1218 1797 1447 1839 ingrediuntur,
1463 1796 1607 1828 admoni-

141 1846 270 1879 tionem.
314 1847 440 1880 Deinde
461 1854 494 1880 et
515 1854 551 1881 ut
570 1848 633 1891 ipsi
654 1849 754 1880 nihilo
770 1850 924 1880 deteriora
950 1849 1160 1888 consulerent,
1184 1851 1304 1893 reliqua
1328 1850 1457 1892 insuper
1480 1849 1606 1892 adjece-

139 1906 221 1934 runt.
244 1912 390 1945 quorsum
405 1914 464 1946 ego
479 1904 547 1935 haec
562 1903 678 1945 omnia,
692 1903 834 1935 Socrates
850 1903 860 1934 ἓ
885 1903 959 1945 quia
974 1904 1133 1945 superiora
1148 1905 1253 1936 omnia
1269 1906 1387 1947 absque
1397 1905 1608 1937 controversia

137 1955 194 1987 tibi
207 1958 389 1990 concedam.
411 1958 491 1990 forte
507 1969 643 2001 namque
659 1959 772 1990 rectius
788 1959 828 1990 de
839 1958 900 1989 illis
923 1958 1042 2000 aliquid
1066 1959 1134 2000 ipse
1150 1959 1267 1998 dixisti,
1290 1959 1419 1991 forsitan
1434 1968 1466 1991 et
1482 1958 1610 2002 aliquid>

139 2019 210 2052 ego.
233 2011 310 2042 nihil
323 2023 395 2043 vero
416 2023 454 2044 ex
476 2012 528 2054 iis,
552 2023 623 2055 quae
645 2013 792 2050 diximus,
818 2012 1028 2044 manifestum.
1051 2012 1202 2055 deinceps
1225 2019 1329 2046 autem
1343 2014 1495 2045 rationem
1510 2013 1605 2055 hujus

137 2063 195 2095 tibi
209 2066 337 2098 reddere
352 2067 436 2105 volo,
451 2067 554 2099 sinon
568 2059 768 2105 concesseris,
792 2068 1029 2108 temperantiam
1053 2078 1120 2099 esse
1136 2078 1167 2099 se
1183 2067 1288 2110 ipsum
1302 2079 1502 2110 cognoscere.
1548 2068 1606 2100 So.

139 2117 170 2150 O
182 2118 292 2158 Crista,
307 2121 398 2162 quasi
412 2132 473 2164 ego
488 2133 620 2154 asseram
635 2133 684 2154 me
699 2133 900 2164 cognoscere,
914 2132 984 2164 quae
1003 2122 1171 2164 interrogo,
1187 2122 1231 2154 sic
1246 2123 1312 2165 agis
1327 2133 1447 2155 mecum
1462 2134 1470 2154 ε
1494 2122 1603 2154 offers-

137 2183 199 2214 que
214 2174 290 2205 mihi
305 2179 348 2215 te,
362 2176 387 2206 si
400 2175 539 2214 voluero,
555 2187 788 2209 concessurum.
834 2176 906 2208 Hoc
921 2180 1026 2208 autem
1041 2176 1174 2208 nonita.
1186 2187 1291 2218 quaero
1306 2177 1389 2208 enim
1406 2181 1509 2209 tecum
1519 2187 1601 2208 sem-

136 2237 192 2269 per
206 2228 246 2260 de
261 2239 312 2270 eo,
327 2230 411 2272 quod
426 2230 459 2262 in
483 2231 620 2263 medium
629 2237 677 2263 est
687 2232 863 2272 inductum,
875 2231 992 2264 idcirco
1003 2231 1078 2273 quia
1088 2231 1293 2273 illudignoro.
1308 2231 1378 2262 volo
1393 2231 1500 2273 itaque
1514 2241 1600 2263 nunc

136 2281 329 2316 discussione
341 2284 446 2326 aliqua
459 2285 645 2328 interposita
656 2285 776 2329 aperire
792 2285 849 2317 tibi
861 2296 962 2327 porro,
979 2290 1082 2318 utrum
1093 2286 1278 2327 concedam,
1291 2295 1404 2317 necne.
1420 2284 1495 2316 siste
1508 2284 1604 2327 igitur

135 2341 168 2368 et
181 2338 323 2379 attende,
334 2340 438 2381 quoad
452 2340 511 2372 ista
525 2341 728 2373 considerem.
757 2341 837 2373 Car.
861 2341 1048 2373 Considera.
1090 2340 1146 2372 So.
1170 2339 1254 2371 Ecce
1268 2339 1445 2371 considero.
1476 2338 1511 2371 Si
1523 2344 1601 2371 tem-

135 2392 276 2432 perantia
292 2403 479 2435 cognoscere
499 2395 618 2437 aliquid
640 2401 699 2432 est,
721 2400 856 2432 constat,
886 2406 955 2427 eam
979 2395 1140 2427 scientiam
1157 2394 1292 2436 aliquam
1315 2398 1348 2424 et
1363 2392 1495 2434 alicujus
1519 2403 1600 2426 esse.

133 2447 262 2477 nonne'?
300 2448 380 2480 Car.
404 2448 461 2480 Est
475 2449 595 2492 utique,
610 2451 657 2482 sui
673 2451 768 2493 ipsius
783 2450 941 2482 videlicet.
985 2449 1041 2481 So.
1064 2448 1181 2480 Nonne
1193 2454 1225 2480 et
1239 2447 1394 2480 medicina
1409 2453 1456 2479 est
1469 2447 1603 2479 scientia

133 2499 226 2530 sani?
250 2500 328 2532 Ciu.
351 2502 491 2534 Prorsus.
515 2504 568 2537 So.
591 2505 625 2536 Si
639 2516 712 2547 ergo
725 2510 757 2536 tu
773 2515 937 2548 quaereres,
953 2503 1129 2540 Medicina,
1145 2514 1216 2535 cum
1231 2503 1272 2534 sit
1286 2503 1354 2534 sani
1365 2502 1509 2544 scientia,
1520 2502 1599 2544 quid

133 2554 224 2593 nobis
235 2556 357 2586 confert
370 2556 381 2587 ?
403 2557 519 2598 quidve
533 2559 650 2590 efficit?
675 2560 895 2601 responderem
910 2558 1032 2600 utique,
1046 2558 1192 2599 prodesse
1206 2568 1300 2599 quam
1316 2557 1458 2589 maxime.
1481 2557 1600 2588 sanita-

133 2613 196 2639 tem
211 2619 315 2651 porro,
330 2610 494 2651 pulchrum
509 2622 600 2654 opus,
616 2613 707 2644 nobis
725 2613 859 2655 perficit.
904 2611 1036 2654 Accipis
1050 2613 1110 2643 hoc
1124 2612 1134 2642 ?
1180 2611 1260 2644 Car.
1283 2610 1418 2653 Accipio
1434 2610 1593 2653 equidem.

132 2661 188 2695 So.
210 2663 259 2694 Ac
276 2664 301 2694 si
316 2662 518 2706 interrogares
532 2665 894 2708 iterum„architectura,
920 2677 991 2699 cum
1015 2667 1053 2698 sit
1077 2665 1257 2697 aedificandi
1272 2665 1415 2702 scientia,
1437 2665 1597 2707 quodnam

133 2726 212 2757 opus
238 2717 394 2755 moliatur,
419 2719 528 2750 domos
553 2720 661 2762 utique
685 2723 919 2764 responderem.
951 2726 984 2752 et
1004 2721 1114 2752 eadem
1139 2721 1180 2751 de
1203 2719 1313 2751 ceteris
1337 2719 1453 2750 artibus
1475 2718 1597 2750 ratione

131 2778 312 2813 responsum
324 2773 441 2804 darem.
486 2773 656 2815 Postquam
677 2775 775 2817 igitur
798 2775 1036 2818 temperantiam
1059 2774 1108 2806 sui
1130 2774 1228 2817 ipsius
1241 2773 1403 2806 seientiam
1420 2783 1487 2804 esse
1503 2772 1595 2813 dicis,

132 2828 186 2855 tua
199 2825 327 2856 interest
342 2827 542 2868 respondere,
569 2827 592 2858 si
615 2828 684 2870 quis
710 2829 794 2860 hunc
817 2830 849 2860 in
870 2829 998 2860 modum
1022 2828 1180 2870 requirat:
1205 2827 1234 2859 O
1252 2827 1362 2868 Critia‚
1378 2825 1596 2867 temperantia,

133 2887 203 2919 quae
217 2879 266 2910 sui
280 2879 377 2921 ipsius
391 2880 523 2912 scicntia
546 2886 604 2918 est,
629 2883 788 2924 quodnam
814 2883 975 2925 pulchrum
1003 2893 1082 2924 opus
1098 2882 1189 2914 nobis
1203 2881 1309 2919 efficit,
1326 2880 1597 2920 aestimationeque

133 2931 287 2973 dignum?
310 2933 409 2975 dicas,
435 2935 556 2966 amabo.
603 2935 683 2967 Cax.
705 2936 782 2967 Non
808 2942 891 2968 recte
907 2937 1087 2979 interrogas,
1114 2936 1266 2968 Socrates.
1290 2945 1391 2977 neque
1413 2933 1495 2965 enim
1519 2932 1596 2963 alia-

132 2995 198 3016 rum
213 2986 411 3019 scientiarum
426 2989 493 3022 haec
508 2994 556 3021 est
570 2989 691 3032 similis,
707 3001 810 3033 neque
826 2990 955 3023 aliarum
973 2990 1053 3023 aliae.
1080 2996 1114 3023 tu
1130 3001 1213 3029 vero,
1235 2989 1364 3032 perinde
1381 2999 1417 3020 ac
1432 2988 1458 3018 si
1475 2985 1591 3017 similes

222 3039 312 3073 Plau.
333 3042 387 3073 Tr.
829 3045 857 3078 I.
1472 3039 1510 3070 M
