1846 3268
212 274 314 325 212]
784 271 1112 312 COvamM.
1590 276 1670 316 419

205 382 402 420 germamam.¹
438 375 480 408 Et
495 375 519 407 si
534 375 623 417 sequi
637 374 742 416 decet,
755 376 842 417 quod
859 376 892 406 in
905 375 1011 417 specie
1022 375 1199 418 pulchrum,
1212 375 1378 407 absurdum
1392 381 1438 407 est
1451 378 1576 409 credere
1588 388 1671 414 eam,

204 442 276 474 quae
291 431 434 463 omnibus
449 429 630 472 corporibus
645 429 738 470 inest,
762 440 824 461 non
841 440 934 461 unam
949 431 1145 471 eandemque
1160 429 1424 471 pulchritudinem
1438 441 1517 462 essc-
1563 431 1605 462 Et
1614 432 1672 474 qui

203 485 264 518 hoc
279 485 425 526 advertit,
439 484 578 516 omnium
594 483 777 525 simplicitet
793 483 991 525 pulchrorum
1007 494 1170 526 corporum
1186 488 1306 515 amator
1320 485 1452 516 evadere
1464 485 1571 522 debet,
1586 495 1671 517 amo-

203 539 243 570 ris
258 543 362 571 autem
379 549 451 581 erga
466 548 563 568 unum
577 537 802 569 vehementiam
820 538 877 569 hac
893 537 1013 569 ratione
1029 537 1184 570 remittere
1208 542 1302 579 atque
1320 537 1412 569 unius
1427 538 1564 579 speciem
1580 539 1667 580 parvi

201 592 316 625 facere.
359 592 439 623 Post
453 592 519 623 haec
535 591 812 633 pulchritudinem,
827 601 898 633 quae
913 590 1023 623 animis
1037 590 1132 630 inest,
1146 591 1212 627 illa,
1227 601 1298 632 quae
1312 591 1345 621 in
1359 601 1502 633 corpore,
1519 596 1669 634 praestan·

203 645 313 677 tiorem
337 645 504 682 existimet,
520 645 601 676 adeo
624 650 660 676 ut
679 645 704 676 si
728 645 797 687 quis
820 645 916 676 animi
939 645 1069 687 ingenui
1091 645 1144 685 sit,
1161 644 1304 686 quamvis
1319 645 1418 677 forma
1441 646 1579 686 corporis
1601 645 1670 678 aliis

200 699 388 741 quibusdam
398 700 503 735 cedat,
519 699 658 730 sufficere
674 704 778 731 tamen
793 698 956 730 arbitretur
971 704 1004 730 et
1024 703 1107 730 amet
1122 704 1272 740 curetque
1287 703 1320 730 et
1335 699 1472 730 rationes
1487 698 1670 741 hujusmodi

202 752 303 794 pariat
316 757 675 794 quaeratque'sermoues
698 763 819 790 omnes,
841 753 895 795 qui
920 753 1050 784 reddere
1075 752 1216 784 meliores
1232 752 1449 785 adolescentes
1463 753 1608 794 possint:
1632 758 1668 785 ut

200 805 274 838 hinc
289 807 328 838 ad
347 806 622 847 pulchritudinem,
635 817 706 848 quae
722 806 752 837 in
769 806 879 838 officiis
895 817 932 838 ac
961 806 1082 848 legibus
1097 806 1260 848 reperitur,
1282 806 1509 847 inspiciendam
1526 807 1670 842 ducatur,

199 859 417 901 intelligatque
432 859 516 891 illam
531 869 655 891 omnem
671 859 729 890 sibi
744 859 809 901 ipsi
833 859 1016 891 uniformem
1041 865 1270 901 cognatamque
1285 860 1427 897 existere,
1445 865 1479 891 ut
1500 871 1582 901 eam,
1597 870 1669 902 quae

199 913 283 946 circa
303 923 417 955 corpus
438 918 498 951 est,
513 913 777 955 pulchritudinem
800 913 886 955 parvi
911 913 1018 946 faciat.
1063 914 1141 945 Post
1167 913 1269 946 officia
1296 913 1445 956 legesque
1469 914 1508 947 ad
1524 914 1669 947 scientias

200 971 348 1004 transeat,
372 971 408 998 ut
428 966 626 998 scientiarum
649 967 914 1008 pulchritudinem
939 967 1168 1010 contempletur
1182 979 1189 998 :
1216 968 1354 1009 dumque
1381 967 1428 1006 id,
1453 968 1539 1009 quod
1564 968 1670 1009 ampla

199 1021 348 1053 exuberat
358 1020 602 1062 pulchritudine,
616 1025 795 1062 contuetur,
809 1021 893 1052 hand
921 1021 1056 1063 amplius
1083 1026 1231 1063 tanquam
1256 1021 1446 1063 mancipium
1464 1021 1554 1053 unius
1569 1021 1671 1062 puelli

199 1075 336 1116 speciem
361 1075 539 1112 admiretur,
565 1085 668 1116 neque
691 1075 784 1106 unius
809 1075 943 1106 hominis
966 1076 1016 1107 vel
1039 1075 1132 1107 officii
1156 1075 1390 1118 pulchritudine
1413 1075 1454 1106 sit
1478 1079 1645 1106 contentus
1658 1086 1665 1105 ς

199 1138 270 1159 nam
284 1128 424 1170 quisquis
438 1128 470 1159 in
487 1129 546 1160 hoc
563 1127 729 1170 delinquit.
746 1128 835 1160 exilis
857 1134 888 1160 et
912 1129 1053 1171 abjectus
1080 1135 1128 1161 est
1151 1140 1276 1161 servus:
1299 1139 1403 1160 verum
1430 1129 1461 1160 in
1477 1129 1667 1170 profundum

199 1182 439 1224 pulchritudinis
454 1192 487 1213 se
503 1182 634 1224 pelagus
649 1188 780 1224 mergat,
796 1182 848 1214 ubi
864 1183 933 1224 ipso
948 1182 1064 1215 intuitu
1080 1183 1193 1215 multas
1209 1183 1370 1226 praeclaras
1380 1187 1475 1224 atque
1488 1181 1668 1224 magnificas

198 1236 333 1267 rationes
349 1235 633 1277 intelligentiasque
654 1236 686 1267 in
714 1236 917 1278 philosophia
942 1237 1068 1269 abunde
1092 1237 1203 1278 pariat,
1219 1238 1321 1269 donec
1345 1236 1389 1268 ibi
1413 1236 1612 1268 confirmatus
1635 1240 1668 1266 et

198 1290 358 1321 roboratus
386 1289 547 1321 scientiam
567 1289 635 1331 jam
663 1301 755 1322 unam
772 1291 866 1322 talem
882 1291 1051 1328 intucatur,
1067 1301 1139 1332 quas
1153 1291 1274 1332 pulchri
1290 1290 1359 1322 talis
1375 1290 1506 1322 exsistit.
1552 1289 1667 1321 Aciem

198 1353 271 1374 vero
287 1353 371 1375 nunc
388 1343 499 1374 mentis
517 1353 571 1384 pro
586 1343 702 1375 viribus
717 1343 843 1376 adhibe.
890 1343 1082 1385 Quicunque
1099 1345 1261 1385 hucusque
1278 1354 1333 1385 per
1349 1343 1497 1375 amatoria
1513 1343 1665 1384 gradatim

197 1397 374 1436 deducitur,
389 1401 474 1428 recto
491 1397 599 1428 ordine
616 1397 746 1438 pulchra
759 1397 903 1435 intuitus,
915 1399 954 1428 ad
971 1397 1065 1428 finem
1078 1397 1144 1439 jam
1162 1397 1305 1429 amatorii
1319 1396 1452 1428 affectus
1467 1395 1666 1437 perveniens,

195 1450 299 1481 subito
315 1451 472 1492 quandam
488 1456 599 1482 natura
614 1451 785 1483 mirabilem
802 1451 948 1493 inspiciet
963 1451 1241 1493 pulchritudinem.
1286 1451 1358 1483 Hoc
1386 1451 1476 1487 illud,
1492 1449 1583 1492 cujus
1598 1459 1666 1492 gras

195 1504 239 1535 tia
254 1504 375 1536 labores
391 1514 498 1537 omnes
514 1505 728 1546 praecedentes
743 1505 924 1537 subivimus.
950 1506 1105 1547 principio
1121 1505 1248 1547 quidem
1263 1515 1387 1546 semper
1401 1508 1460 1545 est,
1483 1504 1582 1547 [211]
1606 1514 1666 1536 nec

194 1557 230 1588 fit
245 1567 303 1589 nec
315 1557 423 1589 interit
436 1569 446 1598 ;
467 1569 570 1600 neque
586 1559 697 1590 crescit
713 1569 851 1601 unquam
875 1569 979 1600 neque
1005 1559 1158 1591 decrescit
1171 1571 1178 1590 :
1205 1564 1354 1600 praeterea
1366 1568 1429 1589 non
1445 1559 1505 1590 hac
1520 1569 1557 1589 ex
1576 1563 1664 1598 parte

195 1611 370 1652 pulchrum,
393 1622 432 1643 ex
453 1612 506 1643 illa
533 1617 647 1653 turpe;
671 1612 719 1644 vel
746 1618 812 1644 tum
838 1613 1014 1654 pulchrum,
1033 1618 1097 1644 tum
1115 1613 1262 1644 mininie:
1287 1623 1390 1654 neque
1403 1612 1444 1643 ad
1459 1612 1520 1644 hoe
1535 1612 1664 1654 quidem

195 1665 372 1707 pulchrum,
387 1670 477 1708 turpe
493 1677 565 1697 vero
581 1668 620 1698 ad
635 1667 712 1698 illud
728 1679 734 1697 :
761 1667 809 1699 vel
826 1667 877 1699 hic
894 1668 1068 1709 pulchrum,
1083 1667 1240 1708 ibiturpe,
1252 1670 1290 1697 ut
1301 1667 1486 1708 quibusdam
1499 1665 1665 1708 pulchrum

194 1718 245 1756 sit,
261 1719 448 1761 quibusdam
463 1731 536 1752 vero
561 1731 770 1763 nequaquam.
813 1721 928 1763 Neque
951 1732 1054 1753 rursus
1076 1721 1300 1763 imaginatione
1322 1721 1458 1762 quadam
1473 1720 1574 1761 ipsum
1591 1719 1664 1762 pul-

194 1772 302 1804 chrum
324 1772 368 1804 ita
381 1773 526 1816 fingetur,
541 1775 631 1816 qnasi
648 1775 750 1806 vultus
767 1775 896 1817 pulcher
911 1775 959 1806 vel
977 1776 1115 1817 pulchras
1131 1785 1240 1807 manus
1256 1779 1311 1806 aut
1326 1775 1412 1806 aliud
1428 1775 1592 1816 quiddam,
1607 1784 1665 1806 cu-

190 1825 244 1866 jus
268 1836 382 1868 corpus
397 1832 444 1858 est
459 1828 637 1870 particeps:
662 1839 766 1870 neque
787 1833 822 1860 ut
845 1830 943 1860 oratio
969 1830 1113 1871 quaedam
1130 1829 1178 1859 vel
1201 1829 1278 1859 ratio
1295 1833 1349 1859 aut
1363 1828 1493 1859 scientia
1508 1827 1664 1868 quaednm.

193 1878 310 1922 Neque
325 1881 356 1911 in
372 1880 434 1911 alio
455 1880 562 1922 jacere
578 1882 750 1923 putabitur,
766 1883 851 1914 velut
877 1883 909 1914 in
934 1882 1062 1914 animali
1079 1882 1127 1913 vel
1144 1887 1223 1913 terra
1237 1882 1287 1913 vel
1303 1881 1384 1912 coelo
1401 1886 1456 1913 aut
1471 1880 1534 1911 alio
1550 1879 1665 1921 quopi-

194 1943 243 1964 am
256 1944 266 1973 3
289 1934 343 1965 sed
360 1934 391 1966 id
407 1934 510 1976 ipsum
526 1946 583 1977 per
598 1947 630 1967 se
646 1936 749 1978 ipsum
772 1947 842 1968 cum
869 1937 1038 1978 semetipso
1061 1935 1215 1967 uniforme
1231 1946 1354 1976 semper
1368 1934 1536 1965 exsistens:
1560 1938 1664 1965 cetera

194 1998 266 2019 vero
282 1988 398 2025 omnia,
414 1999 485 2030 quae
502 1990 629 2031 pulchra
645 1996 730 2027 sunt,
749 1991 833 2022 illius
860 1989 1099 2032 participatione
1122 1990 1265 2032 pulchra,
1281 2000 1319 2020 ea
1334 1989 1454 2020 scilicet
1467 1987 1664 2024 conditione,

194 2046 230 2073 ut
243 2043 443 2074 nascentibus
458 2047 490 2075 et
504 2044 732 2076 intereuntibus
747 2045 816 2077 aliis
828 2045 906 2076 nihil
923 2045 1120 2076 subtrahatur
1134 2044 1182 2075 illi
1197 2048 1252 2075 aut
1265 2044 1410 2080 addatur,
1426 2052 1528 2084 neque
1545 2041 1663 2083 passio-

192 2106 262 2127 nem
279 2096 371 2128 ullam
387 2097 532 2128 incurrat.
577 2098 714 2135 Quando
732 2109 803 2130 vero
819 2099 858 2130 ab
874 2098 920 2129 his
939 2098 1052 2139 aliquis
1068 2097 1209 2139 legitime
1223 2097 1359 2128 amando
1374 2095 1565 2131 ascendens,
1582 2094 1662 2127 illud

189 2150 292 2192 ipsum
318 2151 481 2192 pulchrum
505 2152 661 2193 suspicere
686 2153 811 2194 incipit,
826 2153 923 2184 ferme
945 2151 1011 2193 jam
1038 2153 1130 2183 finem
1158 2151 1295 2193 attingit.
1319 2151 1380 2182 hoc
1396 2154 1443 2180 est
1461 2148 1604 2189 profecto
1619 2147 1661 2178 ad

190 2204 341 2235 amatoria
366 2210 449 2236 recte
466 2215 591 2247 pergere
608 2206 655 2237 vel
673 2208 712 2237 ab
728 2207 791 2238 alio
807 2207 894 2244 duci,
909 2206 1037 2248 quando
1053 2205 1202 2236 videlicet
1217 2205 1271 2247 qui
1289 2205 1328 2235 ab
1344 2203 1393 2234 his
1408 2202 1547 2244 pulchris
1563 2200 1662 2242 gratia

191 2258 312 2299 pulchri
328 2257 412 2290 illius
427 2260 596 2290 ascendere
611 2250 736 2302 incipit,
752 2260 840 2302 quasi
855 2260 1040 2302 quibusdam
1057 2259 1203 2300 gradibus
1220 2263 1324 2295 utens,
1340 2261 1434 2298 atque
1451 2255 1491 2286 ab
1510 2265 1573 2286 nno
1598 2253 1662 2295 pri-

190 2321 273 2342 mum
290 2312 322 2342 in
339 2313 402 2344 duo
419 2313 581 2350 transiens,
597 2318 630 2344 et
645 2324 663 2344 a
677 2314 799 2344 duobus
815 2313 849 2344 in
865 2313 982 2350 omnia,
995 2323 1065 2354 quae
1084 2312 1212 2354 pulchra
1235 2315 1319 2350 sunt,
1334 2318 1464 2350 corpora
1478 2319 1488 2348 ;
1511 2307 1550 2338 ab
1565 2306 1613 2340 his
1628 2306 1661 2337 in

190 2365 295 2396 omnia
310 2365 411 2398 officia
427 2366 568 2408 pulchra,
582 2377 601 2398 a
618 2367 753 2409 pulchris
768 2367 878 2399 officiis
893 2368 932 2398 ad
950 2366 1107 2399 doctrinas
1123 2365 1268 2408 pulchras
1284 2373 1463 2398 conversus,
1479 2372 1498 2394 a
1513 2359 1663 2394 doctrinis

190 2418 328 2460 denique
343 2419 448 2451 multis
464 2421 497 2452 in
522 2421 606 2452 illam
632 2421 805 2455 doctrinam
824 2421 1021 2464 perveniens,
1036 2431 1108 2462 quae
1122 2430 1185 2451 non
1201 2418 1327 2450 alterius
1342 2422 1390 2448 est
1404 2426 1496 2459 quam
1509 2414 1595 2451 illius
1611 2414 1662 2456 ip-

190 2472 254 2503 sius
271 2473 391 2514 pulchri
405 2474 570 2506 doctrina:
593 2480 689 2517 atque
713 2476 759 2507 ita
785 2477 923 2513 demum,
936 2475 1013 2517 quid
1038 2474 1141 2516 ipsum
1170 2473 1332 2514 pulchrum
1348 2471 1401 2509 sit,
1417 2469 1660 2510 contemplatur.

190 2525 229 2556 In
246 2527 306 2559 hoc
323 2527 431 2568 utique
446 2528 520 2559 vitae
535 2533 631 2566 statu,
648 2540 667 2560 o
683 2530 842 2571 Socrates,
860 2529 885 2559 si
910 2539 1040 2570 usquam
1068 2527 1154 2563 alibi,
1170 2526 1289 2557 homini
1306 2524 1455 2556 videlicet
1470 2522 1572 2564 ipsum
1589 2521 1662 2562 pul-

190 2580 297 2611 chrum
314 2581 471 2622 spectanti
492 2582 672 2615 vivendum.
696 2584 782 2625 quod
798 2584 823 2614 si
846 2584 974 2624 quando
990 2581 1115 2618 videris.
1134 2591 1226 2622 supra
1242 2589 1336 2621 quam
1351 2577 1415 2609 dici
1431 2576 1530 2623 possit
1545 2575 1660 2616 pretio-¹.

193 2634 256 2665 sius
269 2644 344 2665 auro
358 2635 539 2677 ornatisque
553 2637 692 2668 vestibus
707 2643 739 2668 et
755 2637 891 2679 pulchris
908 2638 1012 2679 pueris
1033 2634 1349 2675 adolescentibusque
1372 2630 1526 2663 censebis.
1570 2628 1661 2665 Quos

189 2699 274 2720 nunc
289 2693 322 2720 et
337 2693 369 2720 tu
385 2693 417 2720 et
433 2690 485 2720 alii
502 2690 591 2721 multi
606 2691 680 2721 dum
703 2691 865 2732 spectatis,
881 2691 1012 2722 nimium
1035 2688 1271 2731 obstupescitis,
1287 2693 1316 2718 et
1340 2686 1364 2718 si
1389 2685 1452 2716 fieri
1470 2687 1586 2726 posset,
1603 2683 1660 2715 eli-

189 2742 303 2784 geretis
319 2742 399 2773 inter
413 2742 482 2773 illos
497 2754 619 2785 semper
635 2743 706 2775 cibo
722 2751 862 2786 potuque
878 2744 1022 2786 neglecto
1038 2743 1162 2774 versari.
1207 2741 1310 2778 Quam
1338 2739 1414 2771 felix
1436 2739 1512 2769 illud
1538 2740 1661 2778 specta-

189 2796 293 2827 culum
309 2796 375 2826 fore
392 2802 549 2837 putamus,
566 2797 593 2827 si
609 2797 660 2828 cui
676 2798 852 2838 contigerit,
870 2803 904 2828 ut.
920 2798 1021 2839 ipsum
1038 2797 1200 2838 pulchrum
1217 2795 1384 2829 intucatur,
1401 2792 1564 2827 sincerum,
1577 2789 1659 2820 inte-

190 2859 290 2890 grum,
305 2860 429 2891 purum,
444 2850 586 2891 simplex,
602 2861 666 2881 non
682 2852 825 2882 humanis
848 2851 1006 2891 carnibus,
1021 2850 1190 2886 coloribus,
1206 2859 1269 2880 non
1288 2847 1356 2879 aliis
1372 2844 1552 2877 mortalibus
1566 2841 1657 2883 nugis

190 2904 436 2934 contaminatum
453 2915 459 2934 ε
485 2904 539 2935 sed
555 2904 659 2946 ipsum
675 2906 846 2936 secundum
863 2916 895 2936 se
913 2905 1073 2946 pulchrum
1090 2903 1230 2934 divinum
1254 2901 1412 2942 inspiciat.
1460 2898 1544 2929 Num
1562 2895 1655 2925 vitam

194 2954 373 2996 hujusmodi
390 2958 476 3000 parvi
491 2958 566 2990 sacis
586 2959 595 2989 ?
619 2958 753 2991 hominis
769 2959 915 2993 videlicet
931 2959 1042 3002 ipsius,
1068 2956 1165 3000 [212]
1191 2957 1246 2999 qui
1270 2955 1344 2988 illuc
1366 2952 1508 2996 suspicit,
1524 2950 1578 2993 qui
1593 2954 1655 2980 lam
