1846 3268
162 274 261 326 477]
765 269 1024 309 GORGIAS.
1548 271 1627 308 203

161 380 303 423 provide.
347 380 431 412 Por..
456 377 543 410 Mihi
557 376 685 419 quidem
702 386 792 417 aeque
807 387 844 408 ac
859 375 916 408 tibi
933 375 1065 406 videtur.
1110 375 1167 406 So.
1190 373 1229 405 id
1251 383 1377 416 quoque
1399 373 1624 412 animadverte,

160 434 212 465 An
229 434 335 476 siquis
351 439 423 475 agat
436 431 611 474 quippiam,
627 441 755 462 necesse
778 430 819 461 sit
841 441 908 461 esse
931 429 1049 470 aliquid
1073 429 1198 471 patiens
1222 429 1261 460 ab
1283 428 1354 470 ipso
1370 433 1495 470 agente.
1540 428 1623 461 Pon.

161 487 309 519 Videtur.
352 487 408 520 So.
434 486 488 517 An
513 496 587 527 ergo
613 486 673 516 hoc
697 490 730 515 et
756 484 821 525 pati
843 488 980 526 oportet,
1002 483 1088 524 quod
1115 493 1211 525 agens
1233 482 1318 524 agit:
1343 487 1376 513 et
1401 481 1463 513 tale
1487 482 1626 523 insuper,

159 541 259 582 quale·
277 539 342 581 agit
363 539 491 581 ipsum?
515 549 572 571 ceu
600 539 624 569 si
651 537 721 579 quis
742 537 858 579 pulset,
874 547 1002 568 necesse
1026 536 1146 577 aliquid
1168 536 1242 567 inde
1268 536 1407 578 pulsari?
1452 536 1537 569 P01..
1561 535 1628 566 Nc-

157 603 254 625 eesse.
299 593 352 625 So.
377 592 485 634 Atque
511 591 537 623 si
553 592 753 623 vehementer
775 595 831 622 aut
847 590 995 622 velociter
1010 590 1125 631 pulset,
1142 589 1281 621 similiter
1308 589 1423 632 pulsari
1442 590 1624 631 pulsatum?

159 647 242 679 Po1..
265 646 422 678 Similiter.
467 646 522 677 So.
545 645 631 676 Talis
647 655 721 686 ergo
734 644 837 686 passio
856 643 936 675 inest
951 643 1087 685 pulsate,
1102 643 1227 684 qualem
1240 642 1335 674 efficit
1349 643 1497 684 pulsans?
1537 643 1621 674 Por..

154 699 309 731 Omnino.
353 699 408 730 So.
431 698 474 729 Et
500 697 526 729 si
553 697 628 739 quid
655 697 816 729 comburat
839 696 920 738 quis,
938 701 1062 738 oportet
1085 696 1202 737 aliquid
1229 696 1304 727 inde
1332 696 1493 728 comburi?
1539 696 1625 727 Pon.

158 753 304 795 Oportet.
347 753 404 785 So.
429 751 476 783 At
490 752 517 783 si
530 752 730 783 vehementer
743 755 851 782 exurat
865 755 908 786 et,
924 755 960 780 ut
974 750 1020 781 ita
1039 749 1180 787 dixerim,
1197 749 1353 787 dolorose,
1375 750 1516 781 similiter
1530 755 1561 781 et
1578 750 1624 780 uri

156 809 243 850 quod
273 808 381 848 uritur,
407 806 671 848 quemadmodum
698 806 761 837 ‘urit
785 805 901 836 urens?
948 805 1031 836 Por..
1065 804 1206 836 Prorsus.
1252 804 1308 837 So.
1332 804 1482 835 Similiter
1505 806 1532 836 si
1554 805 1624 845 quis

156 866 254 902 secat,
269 866 389 892 secatur
404 860 486 892 enim
499 859 616 900 aliquid
630 859 642 890 ?
688 859 772 891 Por..
795 859 855 890 Ita.
903 858 958 889 So.
982 857 1031 889 Ac
1046 857 1073 888 si
1090 857 1150 888 lata
1169 857 1216 889 vel
1232 858 1389 900 profunda
1404 864 1458 890 aut
1479 859 1624 890 dolorosa

120 911 122 913 ¹
155 914 196 945 sit
221 914 331 951 sectio,
346 913 402 945 tali
425 923 551 944 necesse
575 918 623 944 est
646 913 732 954 quod
755 916 878 944 secatur
900 910 1040 943 sectione
1066 912 1175 949 secari,
1191 912 1276 953 quali
1299 912 1400 943 sector
1422 913 1490 954 ipse
1515 914 1624 944 secat?

153 967 241 999 Por..
264 967 411 1000 Videtur.
453 968 509 999 So.
533 966 708 998 Considera
722 976 794 996 vero
809 965 998 1007 summatim,
1010 976 1049 996 an
1066 966 1151 1006 quod
1167 966 1262 997 modo
1273 965 1428 1003 dicebam,
1444 966 1478 998 in
1502 967 1624 998 cunctis

156 1021 343 1054 confiteare:
367 1021 516 1053 videlicet
531 1020 624 1062 quale
648 1019 769 1061 aliquid
792 1030 886 1061 agens
909 1019 984 1061 agit,
1013 1019 1075 1050 talc
1097 1019 1250 1060 quiddam
1277 1019 1342 1061 pati
1359 1020 1492 1061 patiens.
1538 1020 1625 1052 Por..

157 1075 330 1108 Confiteor.
375 1075 429 1107 So.
453 1074 512 1106 His
537 1085 611 1116 ergo
628 1072 784 1106 concessis
809 1073 977 1116 responde,
993 1083 1068 1104 num
1084 1083 1193 1114 poenas
1209 1074 1283 1104 dare
1298 1073 1338 1105 sit
1351 1074 1416 1116 pati
1431 1073 1550 1115 aliquid
1568 1079 1623 1105 aut

155 1140 258 1171 agere.
303 1129 388 1161 Pon.
411 1129 494 1160 Pati.
538 1129 595 1160 So.
619 1127 736 1159 Nonne
763 1132 796 1158 et
821 1138 840 1158 a
863 1127 1000 1168 quodam
1025 1128 1162 1169 agente?
1207 1127 1291 1159 PoL.
1315 1127 1460 1165 Constat,
1485 1128 1526 1158 ab
1549 1127 1619 1169 ipso

155 1183 303 1215 videlicet
316 1182 479 1224 puniente.
523 1182 580 1214 So.
604 1182 668 1219 Qui
684 1186 788 1214 autem
805 1186 888 1213 recte
904 1181 1007 1223 punit,
1022 1191 1127 1213 nonne
1143 1180 1230 1223 juste
1246 1181 1338 1222 punit
1352 1182 1364 1212 ?
1409 1181 1493 1213 Por..
1517 1181 1537 1213 J
1542 1186 1623 1213 uste.

156 1238 215 1269 So.
238 1237 331 1270 Justa
350 1238 481 1275 faciens,
507 1237 632 1268 necne?
678 1236 760 1267 Pon.
784 1236 886 1268 Justa.
933 1235 990 1267 So.
1013 1235 1096 1277 Ergo
1122 1235 1176 1277 qui
1198 1235 1337 1277 punitur,
1361 1235 1435 1266 dum
1459 1234 1622 1276 injustitiae

154 1291 211 1322 dat
235 1301 354 1333 poenas,
375 1291 463 1332 justa
489 1291 618 1333 patitur.
666 1290 751 1322 Por..
775 1289 929 1332 Apparet.
975 1289 1031 1320 So.
1056 1289 1148 1321 Justa
1164 1299 1237 1320 vero
1262 1288 1382 1320 dictum
1409 1294 1456 1320 est
1470 1299 1538 1320 esse
1554 1289 1624 1332 pul·

155 1345 241 1376 chra.
285 1345 366 1375 Pot..
390 1345 529 1376 Prorsus.
574 1345 628 1375 So.
650 1343 771 1375 Horum
794 1344 890 1386 igitur
914 1343 991 1375 alter
1015 1344 1142 1385 quidem
1166 1343 1297 1385 pulchra
1321 1344 1419 1375 facit:
1444 1343 1522 1375 alter
1537 1353 1623 1384 vero,

152 1399 274 1431 scilicet
287 1398 427 1440 punitus,
439 1398 568 1440 pulchra
584 1398 712 1440 patitur.
735 1390 739 1394 ¹
758 1398 844 1430 Por..
868 1397 920 1430 Sic
935 1402 993 1430 est.
1039 1397 1096 1428 So.
1118 1397 1213 1435 Quod
1227 1398 1252 1428 si
1264 1397 1512 1440 pulchra,etiam
1526 1397 1621 1428 bona.

153 1453 252 1495 [4⁷7]
275 1463 348 1484 nam
364 1453 412 1484 vel
435 1452 581 1494 jucunda
591 1452 647 1483 illa
663 1456 747 1490 sunt,
762 1451 811 1483 vel
827 1451 928 1482 utilia.
976 1451 1058 1483 Por..
1083 1451 1222 1483 Necesse
1246 1456 1305 1483 est.
1350 1451 1406 1483 So.
1429 1449 1526 1482 Bona*
1545 1461 1619 1493 ergo

150 1507 282 1549 patitur,
293 1507 433 1549 quisquis
443 1506 529 1548 juste
546 1506 684 1548 punitur.
730 1506 814 1537 Por..
837 1505 981 1539 Videtur.
1027 1505 1084 1538 So.
1108 1505 1147 1536 Id
1171 1516 1244 1546 ergo
1261 1505 1319 1536 sibi
1335 1505 1484 1547 prodest.
1531 1505 1617 1536 1³01..

151 1560 293 1593 Confert.
337 1560 394 1591 8ο.
418 1559 469 1591 An
483 1571 560 1597 non,
575 1565 687 1602 utque
709 1565 805 1602 pacto
826 1559 938 1600 judico
961 1559 1128 1600 explicem,
1145 1559 1302 1591 meliorem
1319 1563 1458 1601 reportat
1471 1558 1621 1596 animum,

151 1614 305 1657 siquidem
327 1615 413 1656 juste
439 1614 589 1656 punitur?
635 1615 717 1645 Pon.
742 1614 998 1646 Consentaneum
1024 1617 1082 1645 est.
1127 1614 1182 1644 So.
1206 1613 1289 1655 Ergo
1305 1613 1360 1654 qui
1378 1613 1437 1644 luit
1452 1623 1576 1655 poenas,
1601 1623 1621 1644 a

151 1668 306 1712 pravitate
322 1668 434 1700 animae
447 1668 606 1700 liberatur.
650 1667 734 1700 Po1..
759 1668 864 1700 Certe.
909 1669 964 1700 So.
986 1667 1100 1709 Itaque
1125 1667 1260 1699 maximo
1284 1667 1432 1698 liberatur
1457 1666 1552 1698 malo.
1573 1666 1619 1698 ita

151 1733 226 1755 vero
240 1722 417 1755 considera.
441 1722 523 1754 circa
538 1722 690 1763 pecunias
705 1721 833 1753 aliudne
849 1721 982 1753 hominis
1006 1720 1122 1752 malum
1137 1720 1240 1758 vides,
1266 1731 1359 1762 quam
1376 1724 1592 1762 paupertatem
1605 1720 1617 1751 ἓ

150 1777 236 1810 Pon.
260 1776 354 1808 Hane
367 1776 480 1818 ipsam.
525 1775 583 1808 So.
609 1775 703 1807 Circa
717 1786 830 1818 corpus
847 1781 951 1807 autem
962 1775 1077 1806 malum
1089 1774 1177 1806 dices
1189 1774 1450 1812 imbecillitatem,
1465 1774 1618 1810 morbum,

150 1830 393 1868 deformitatem,
418 1834 585 1871 ceteraque
614 1829 792 1871 ejusmodi?
836 1829 922 1862 Pon.
946 1829 1114 1872 Equidem.
1158 1829 1211 1861 So.
1249 1828 1367 1859 Nonne
1395 1832 1427 1859 et
1452 1827 1484 1858 in
1514 1827 1619 1858 anima

150 1884 266 1915 malum
282 1884 411 1926 aliquod
427 1894 494 1915 esse
505 1884 637 1915 censes?
682 1884 768 1915 Por..
792 1883 938 1921 Quidni?
984 1884 1039 1915 So.
1062 1883 1102 1915 Id
1114 1893 1186 1914 vero
1195 1893 1302 1914 nonne
1313 1892 1406 1913 vocas
1418 1881 1618 1923 injustitiam,

92 1943 97 1948 “
148 1938 316 1976 inscitiam,
331 1937 545 1976 timiditatem,
568 1943 602 1970 et
617 1938 678 1970 alia
694 1939 814 1980 generis
829 1937 996 1980 ejusdem?
1042 1937 1124 1969 Por..
1148 1937 1302 1969 Maxime.
1347 1936 1403 1969 So.
1426 1936 1507 1968 Cum
1522 1935 1620 1978 igitur

148 1993 217 2025 haec
232 1993 291 2024 tria
315 1993 390 2034 sint,
406 1993 552 2034 pecunia,
568 2002 693 2033 corpus,
709 1993 831 2033 anima;
859 1993 917 2023 tria
940 1993 1049 2023 horum
1075 2002 1142 2023 esse
1157 1990 1263 2022 dixisti
1280 1990 1372 2028 mala,
1386 1994 1616 2032 paupertatem,

149 2047 302 2088 morbum,
322 2045 522 2088 injustitiam.
567 2047 652 2079 Por..
678 2047 782 2079 Certe.
829 2047 885 2078 So.
909 2046 1030 2077 Horum
1046 2056 1119 2078 vero
1144 2045 1293 2076 malorum
1309 2045 1459 2086 quidnam
1476 2043 1619 2085 turpissi-

147 2101 256 2132 mum?
281 2111 387 2132 nonne
411 2099 579 2142 injustitia,
605 2106 648 2138 et,
673 2106 709 2132 ut
731 2100 908 2132 summatim
939 2100 1055 2138 dicam,
1082 2099 1195 2131 animae
1225 2098 1361 2130 vitium?
1406 2098 1489 2129 Pon.
1514 2097 1617 2129 Valde

147 2154 305 2196 quidem.¹
332 2155 389 2187 So.
412 2154 507 2191 Quod
533 2153 559 2185 si
585 2154 694 2185 vitium
722 2154 819 2185 animi
846 2153 1058 2195 turpissimum
1080 2159 1139 2189 est,
1155 2163 1228 2194 ergo
1250 2157 1283 2183 et
1305 2150 1486 2193 pessimum.
1531 2151 1617 2183 Por..

149 2208 221 2245 Qua
233 2208 352 2240 ratione
365 2209 424 2240 hoc
440 2209 496 2246 ais,
513 2219 532 2239 o
546 2208 712 2240 Socrates?
757 2209 815 2240 So.
839 2207 909 2239 Hac
925 2208 1035 2249 utique
1050 2219 1057 2238 :
1082 2207 1212 2248 Semper
1226 2206 1312 2247 quod
1328 2205 1539 2247 turpissimum
1555 2210 1617 2245 est,

149 2261 200 2292 vel
216 2261 290 2303 quia
304 2261 443 2293 dolorem
458 2262 507 2293 vel
523 2262 596 2304 quia
612 2262 834 2294 detrimentum
847 2261 941 2292 infert
955 2261 1138 2298 maximum,
1153 2260 1202 2291 vel
1215 2260 1288 2302 quia
1304 2259 1381 2291 facit
1396 2263 1537 2300 utraque,
1553 2263 1617 2289 tur-

147 2315 312 2357 pissimum
339 2320 406 2347 est:
429 2317 693 2358 quemadmodum
710 2327 766 2358 per
781 2326 830 2354 ea,
854 2326 925 2358 quae
941 2315 974 2346 in
988 2314 1198 2357 superioribus
1213 2323 1363 2346 concessa
1378 2317 1462 2350 sunt,
1473 2317 1616 2354 apparet.

146 2366 232 2400 Por..
255 2368 408 2402 Maxime.
453 2371 510 2402 So.
533 2370 759 2412 Turpissimum
775 2380 847 2401 vero
861 2380 928 2401 esse
943 2368 1128 2411 injustitiam
1142 2373 1176 2400 et
1189 2378 1283 2399 omne
1297 2367 1395 2398 animi
1410 2366 1533 2408 vitium,
1547 2377 1614 2397 non

145 2422 237 2453 nobis
247 2424 499 2455 concedebatur?
545 2424 629 2456 Por..
653 2424 757 2456 Certe.
804 2424 861 2455 So.
885 2424 991 2460 Quare
1007 2427 1063 2454 aut
1077 2422 1152 2464 quia
1167 2421 1420 2453 molestissimum
1435 2425 1485 2458 est
1498 2428 1531 2451 et
1545 2431 1614 2451 mo-

147 2474 239 2506 lestia
251 2486 413 2518 superans,
429 2477 543 2509 iccirco
559 2478 668 2508 horum
691 2476 901 2518 turpissimum
924 2481 991 2507 est:
1017 2481 1072 2506 aut
1096 2475 1171 2517 quia
1195 2475 1416 2506 detrimentum
1440 2473 1542 2511 affert,
1558 2480 1615 2505 aut

147 2534 278 2571 propter
291 2534 466 2572 utrumque.
510 2531 595 2564 Po1..
619 2531 671 2563 Sic
697 2535 832 2572 oportet.
877 2530 933 2563 So.
956 2530 989 2561 N
994 2530 1112 2571 unquid
1129 2529 1290 2561 molestius
1305 2534 1353 2560 est
1367 2527 1518 2570 injustum
1535 2538 1615 2568 esse,

147 2583 404 2625 intemperatum,
425 2585 584 2626 ignavum,
607 2585 800 2625 imperitum,
826 2595 919 2627 quam
949 2588 1135 2626 paupertate
1161 2583 1332 2625 morboque
1357 2582 1480 2624 premi?
1527 2581 1613 2613 Por..

144 2635 222 2667 Non
246 2642 341 2674 certe,
355 2642 508 2678 quantum
533 2648 570 2669 ex
595 2638 644 2668 his
665 2638 842 2679 conjicitur.
888 2637 944 2669 So.
968 2637 1128 2674 Quoniam
1154 2637 1249 2678 igitur
1272 2635 1450 2668 incredibili
1475 2635 1611 2676 quadam

148 2690 346 2732 mirabilique
360 2691 576 2732 magnitudine
591 2691 771 2723 detrimenti
786 2697 880 2734 atque
905 2691 978 2722 mali
991 2691 1100 2722 vitium
1125 2690 1237 2721 animae
1261 2694 1364 2722 cetera
1379 2694 1504 2731 superat
1518 2688 1612 2725 mala,

144 2743 258 2776 iccirco
281 2744 421 2776 omnium
443 2750 492 2776 est
517 2745 750 2786 turpissimum:
773 2745 1031 2788 quandoquidem
1055 2755 1120 2776 non
1146 2745 1254 2776 dolore
1268 2744 1403 2785 excedit,
1426 2748 1459 2773 ut
1470 2743 1539 2784 ipse
1555 2742 1612 2773 ais.

145 2796 232 2829 Por..
255 2797 307 2829 Sic
323 2803 464 2840 apparet.
511 2799 568 2830 80.
590 2799 662 2831 Jam
678 2810 751 2831 vero
767 2801 851 2841 quod
866 2800 998 2831 maximo
1014 2799 1139 2831 excedit
1150 2799 1278 2840 damno,
1294 2798 1459 2829 maximum
1471 2796 1611 2827 omnium

144 2855 192 2881 est
207 2851 368 2883 malorum.
413 2852 498 2883 Por..
521 2852 572 2883 Ita
586 2857 646 2884 est.
690 2852 747 2884 So.
771 2853 981 2890 Quamobrem
993 2853 1161 2894 injustitia,
1177 2851 1429 2894 intemperantia,
1446 2854 1611 2890 ceteraque

143 2903 326 2946 improbitas
341 2906 465 2948 auimae,
486 2907 603 2938 malurn
625 2911 672 2938 est
698 2907 836 2938 omnium
853 2907 1032 2939 maximum.
1076 2908 1162 2941 Por..
1185 2907 1332 2939 Videtur.
1377 2906 1433 2936 8ο-
1457 2904 1610 2940 Quaenflm

143 2968 192 2989 ars
207 2969 224 2990 a
241 2964 423 3002 paupertate
440 2971 495 2993 nos
509 2961 621 2994 liberat
635 2961 646 2993 ἓ
671 2972 776 2994 nonne
789 2962 1000 3004 quaestuaria?
1046 2962 1130 2994 P01..
1152 2961 1230 2993 Haec
1245 2961 1324 3002 ipsa.
1370 2959 1423 2990 8ο.
1447 2957 1526 2994 Quae
1540 2965 1611 2986 vero
