1846 3268
188 268 284 324 177]
742 273 1089 315 THEAETETUS.
1563 281 1640 318 251

185 379 294 419 procul
313 390 332 411 a
346 379 449 412 servili
462 379 526 412 vita
547 379 674 413 educati
696 385 780 415 sunt.
825 381 916 418 Haec,
932 391 951 412 o
965 381 1142 424 Theodore,
1164 381 1322 424 utriusque
1337 383 1489 417 conditio,
1533 382 1645 416 Altera

180 431 308 473 quidem
320 434 452 465 hominis
465 433 563 472 illius,
578 434 632 476 qui
648 433 789 466 libertate
804 439 837 466 et
850 435 916 466 otio
933 439 980 466 est
995 436 1147 467 educatus
1161 447 1171 476 ;
1192 446 1286 479 quem
1300 436 1519 479 philosophum
1533 447 1644 475 vocas,

182 485 240 527 qu'r
250 496 321 518 cum
337 496 368 519 re
380 497 452 518 vera
466 487 632 529 vituperari
648 497 712 518 non
738 488 866 528 debeat,
886 494 990 519 tamen
1015 489 1120 520 fatuus
1135 495 1167 521 et
1181 490 1310 532 ineptus
1324 495 1467 533 apparet,
1481 491 1646 533 quotiens-

181 547 306 581 cunque
318 540 440 572 servilia
455 542 632 583 aggreditur
647 541 834 581 ministeria3
857 553 929 574 cum
951 553 1055 584 neque
1077 548 1315 575 stramentorum
1341 541 1476 576 sarcinas
1496 544 1645 586 colligare
1674 588 1676 590 Ι

180 601 283 634 neque
298 594 495 626 obsoniorum
512 595 712 627 condimenta
738 596 892 628 conficere
915 606 1018 637 neque
1047 597 1221 628 adulatoria
1248 594 1462 630 blandimenta
1479 599 1642 630 verborum

179 646 356 687 confingere
371 648 479 689 possit.
522 648 630 681 Altera
646 654 693 680 est
708 650 842 681 hominis
857 649 940 681 illius
956 650 1109 688 conditio,
1124 651 1178 693 qui
1192 652 1260 684 haec
1274 652 1423 693 expedite
1436 652 1641 694 celeriterque

179 698 407 732 subministrare
423 706 539 743 potest,
555 703 610 733 sed
627 703 752 734 decenti
769 702 857 734 liberi
873 703 1006 734 hominis
1020 703 1134 734 vestitu
1151 705 1315 736 commode
1332 705 1378 735 uti
1391 706 1502 738 nescit.
1525 706 1641 737 sermo-

178 751 227 783 nis
253 752 380 795 insuper
404 754 500 797 [176]
523 756 684 787 harmonia
706 756 920 794 convenienti,
947 757 1075 788 deorum
1106 762 1139 788 et
1167 758 1330 789 hominum
1360 759 1520 790 beatorum
1544 759 1641 790 vitam

153 835 159 840 ,
178 815 279 837 veram
293 817 403 839 canere
417 819 541 850 prorsus
556 810 688 851 ignorat.
730 810 842 841 Tnsso.
865 809 896 841 Si
908 811 1018 841 ceteris
1028 810 1207 842 hominibus
1221 822 1258 842 ea
1270 822 1342 854 quae
1352 811 1442 850 dicis,
1454 822 1473 843 o
1485 812 1642 854 Socrates,

178 868 266 901 aeque
281 870 318 892 ac
334 862 407 892 mibi
422 863 637 904 persuaderes,
655 874 714 904 pax
731 863 863 905 amplior
879 871 911 895 et
926 864 1006 895 mala
1017 864 1166 905 pauciora
1179 865 1260 896 inter
1269 865 1414 896 homines
1429 870 1639 898 nascerentur.

177 913 232 945 So.
255 912 505 957 Atimpossibile
521 921 578 954 est,
602 928 621 948 o
647 917 824 954 Theodore,
840 917 921 948 mala
941 918 1068 960 penitus
1094 918 1250 959 extirpari.
1274 928 1345 949 nam
1362 918 1444 949 bono
1460 918 1640 961 oppositum

176 966 295 1009 aliquid
311 978 378 1000 esse
394 979 516 1011 semper
530 980 657 1001 necesse
673 975 730 1001 est.
753 980 856 1012 neque
873 970 928 1001 illa
943 975 1047 1002 tamen
1064 972 1150 1012 apud
1167 972 1244 1002 deos
1259 971 1361 1002 locum
1373 972 1485 1003 habere
1496 977 1639 1013 possunt.

121 1053 126 1057 ,
176 1026 317 1052 naturam
334 1033 404 1053 vero
421 1023 578 1054 mortalem
595 1024 817 1066 regionemque
833 1024 1009 1055 inferiorem
1023 1025 1197 1056 necessario
1213 1023 1418 1056 circumeunt.
1464 1026 1570 1063 Quare
1583 1037 1638 1058 co-

175 1074 313 1105 nandum
329 1080 387 1111 est,
402 1081 439 1106 ut
455 1076 526 1108 hinc
540 1076 617 1108 illue
632 1087 724 1119 quam
741 1077 899 1109 celerrime
912 1077 1079 1118 fugiamus.
1102 1078 1175 1119 fuga
1192 1082 1296 1109 autem
1312 1083 1371 1118 est,
1385 1083 1421 1109 ut
1435 1078 1508 1110 Deo
1519 1079 1638 1111 similes

176 1137 230 1168 pro
245 1127 361 1159 viribus
375 1129 553 1162 efficiamur.
599 1130 671 1162 Deo
686 1131 804 1162 similes
818 1131 912 1163 eflicit
927 1142 998 1163 cum
1013 1127 1179 1173 prudentia
1189 1131 1315 1173 justitia
1329 1132 1419 1163 simul
1432 1133 1636 1173 etsanctitas.

174 1179 332 1220 Ceterum,
348 1193 367 1213 o
383 1183 429 1213 vir
453 1184 583 1225 optime,
601 1185 685 1215 haud
707 1185 799 1217 facile
822 1186 856 1216 id
882 1186 1059 1226 persuaderi
1084 1190 1201 1227 potest,
1216 1186 1302 1227 quod
1330 1196 1395 1216 non
1421 1185 1505 1217 illius
1525 1187 1636 1229 gratia,

174 1233 265 1275 cujus
281 1230 391 1278 vulgus
415 1237 584 1276 existimat,
611 1240 772 1280 sequenda
799 1239 895 1270 virtus
918 1244 951 1270 et
965 1239 1072 1270 vitium
1100 1239 1299 1281 fugiendum,
1322 1239 1383 1271 boc
1406 1245 1454 1271 est
1473 1250 1514 1271 ne
1537 1241 1637 1272 malus

174 1287 306 1319 videaris
331 1293 428 1331 utque
454 1291 554 1322 bonus
577 1302 738 1334 appareas,
761 1293 809 1324 hae
833 1303 968 1335 namque
984 1293 1179 1324 anicularum
1197 1304 1288 1335 nugae
1305 1293 1381 1324 mihi
1396 1303 1463 1326 esse
1477 1294 1636 1328 videntur.

170 1339 232 1371 Sed
258 1342 343 1383 quod
372 1353 475 1374 verum
501 1344 554 1381 sit,
570 1344 613 1375 ita
639 1345 789 1377 dicamus.
835 1345 922 1377 Deus
947 1357 1099 1388 nusquam
1126 1351 1159 1378 et
1184 1347 1271 1378 nullo
1300 1347 1392 1378 modo
1417 1346 1563 1388 injustus,
1577 1349 1633 1380 sed

172 1403 265 1435 quam
284 1394 485 1436 justissimus,
513 1403 610 1430 totam
625 1400 775 1432 videlicet
795 1400 977 1442 complexus
997 1400 1130 1441 justitiae
1152 1406 1361 1443 potestatem:
1386 1401 1526 1444 nihilque
1549 1401 1634 1434 illius

171 1446 301 1478 similius
324 1459 415 1490 quam
437 1443 628 1492 justissimus
653 1454 759 1486 homo.
807 1453 899 1486 Circa
921 1454 980 1485 hoc
997 1465 1068 1485 vera
1087 1454 1241 1486 industria
1267 1459 1299 1486 et
1323 1455 1475 1486 fortitudo
1490 1455 1557 1492 viri,
1573 1466 1634 1488 uec

172 1510 236 1531 non
251 1501 363 1533 inertia
386 1503 652 1547 imbecillitasque
670 1511 816 1538 versatur.
842 1508 949 1538 horum
973 1518 1047 1539 sane
1063 1508 1203 1550 cognitio
1219 1519 1289 1540 vera
1305 1508 1399 1540 virtus
1412 1514 1445 1540 et
1458 1509 1612 1551 sapientia
1626 1521 1635 1541 z

169 1553 322 1596 ignoratio
339 1562 447 1588 contra
462 1558 585 1590 inscitia
601 1565 632 1591 et
649 1560 828 1602 improbitas
845 1562 1020 1594 manifesta.
1069 1562 1151 1593 Aliae
1167 1573 1252 1600 vero,
1274 1573 1345 1604 quae
1368 1562 1533 1595 facultates
1548 1564 1633 1605 sapi-

170 1607 327 1650 entiaeque
351 1611 508 1650 videntur,
534 1613 567 1643 in
595 1613 738 1646 civilibus
762 1616 889 1657 quidem
913 1617 1141 1656 magistratibus
1166 1618 1303 1648 molestae
1328 1621 1400 1648 sunt
1414 1629 1422 1648 ε
1458 1617 1489 1648 in
1515 1618 1632 1648 artibus

173 1666 276 1693 autem
293 1665 495 1698 meclianicae.
541 1666 592 1697 Illi
608 1667 715 1708 igitur,
731 1669 786 1710 qui
801 1669 919 1711 aliquid
937 1670 1044 1712 inique
1069 1671 1214 1711 patravit,
1230 1676 1262 1701 et
1284 1671 1416 1712 profana
1437 1670 1569 1711 protulit:
1583 1670 1633 1702 vel

168 1715 337 1766 commisit,
353 1723 479 1759 praestat
494 1730 691 1763 nequaquam
708 1724 895 1761 concedere,
913 1735 984 1754 eum
1005 1724 1126 1754 astutiis
1141 1735 1208 1756 esse
1225 1729 1386 1766 potentem
1410 1728 1506 1765 atque
1520 1724 1630 1755 fecun-

169 1768 254 1802 dum.
299 1770 465 1803 Exsultant
480 1775 562 1805 enim
579 1776 745 1816 opprobrio
771 1776 864 1818 hujus
889 1778 1008 1818 generis
1025 1778 1178 1815 homines,
1194 1788 1290 1819 seque
1313 1778 1420 1808 audire
1436 1781 1550 1819 putant
1573 1777 1632 1808 mi-

165 1822 248 1854 nime
264 1823 402 1865 abjectos
418 1832 450 1857 et
460 1827 570 1859 inanes
583 1830 788 1861 homunculos
801 1842 879 1868 esse,
895 1832 985 1872 quasi
1001 1837 1099 1869 terrae,
1115 1837 1151 1862 ut
1165 1831 1291 1868 dicitur,
1308 1832 1432 1873 pondus
1447 1831 1549 1869 iners;
1572 1831 1627 1862 sed

164 1875 246 1908 viros
261 1878 349 1915 tales,
367 1886 400 1909 ut
415 1884 484 1911 tuto
499 1881 530 1911 in
547 1892 579 1913 re
595 1883 722 1924 publica
736 1884 850 1915 versari
866 1885 1001 1917 valeant.
1046 1885 1188 1926 Ideoque
1208 1885 1320 1916 veritas
1345 1884 1546 1925 exprimenda
1566 1888 1628 1924 est,

164 1931 248 1971 quod
259 1938 302 1962 'eo
318 1933 414 1974 magis
429 1934 506 1965 tales
518 1940 602 1972 suut,
619 1937 728 1977 quales
743 1948 806 1968 non
831 1943 954 1979 putant,
970 1948 1032 1979 quo
1061 1939 1163 1968 minus
1187 1943 1302 1979 putant
1316 1948 1324 1968 ε
1347 1937 1467 1979 quippe
1491 1946 1561 1968 cum
1577 1936 1627 1968 in-

157 1982 290 2023 justitiae
306 1985 433 2017 multam
449 1988 603 2028 ignorent,
619 1999 712 2030 quam
730 1990 869 2031 ignorare
894 1992 1020 2022 minime
1036 1992 1139 2022 decet.
1164 2001 1265 2032 neque
1281 1991 1364 2021 enim
1381 1995 1440 2030 est,
1454 2000 1548 2031 quam
1563 1990 1626 2021 for-

161 2038 242 2068 sitan
258 2039 440 2080 opinantur,
463 2042 589 2073 verbera
612 2047 706 2084 atque
723 2045 837 2082 caedes,
854 2055 923 2085 quae
941 2055 1024 2086 saepe
1051 2045 1083 2075 1ιί
1108 2045 1281 2086 patiuntur,
1294 2043 1349 2085 qui
1370 2043 1521 2085 injustum
1546 2042 1627 2074 nibil

159 2096 301 2130 egerunt,
324 2098 357 2123 et
376 2093 487 2135 injusti
510 2105 594 2136 saepe
617 2096 781 2129 devitant:
807 2099 862 2129 sed
888 2109 925 2129 ea
943 2098 1060 2140 potius,
1076 2109 1146 2140 quae
1160 2098 1248 2129 vitari
1275 2108 1338 2128 nou
1355 2101 1469 2138 potest.
1513 2096 1624 2128 Taso.

161 2142 264 2179 Quam
291 2144 394 2176 dicis?
438 2146 495 2179 So.
519 2147 599 2180 Cum
623 2149 653 2179 in
678 2150 788 2181 ordine
812 2161 924 2192 rerum,
942 2162 960 2181 o
987 2152 1098 2188 amice,
1114 2150 1302 2192 exemplaria
1316 2152 1380 2181 duo
1395 2151 1468 2187 sint,
1483 2144 1624 2182 divinum

157 2197 285 2237 quidem
303 2199 510 2231 beatissimum
523 2213 532 2241 ;
555 2203 640 2244 quod
658 2214 730 2234 vero
747 2204 811 2235 Dei
827 2215 948 2247 expers,
966 2206 1167 2237 miserrimum
1184 2216 1193 2244 3
1216 2215 1278 2235 non
1296 2204 1438 2235 videntes
1451 2203 1497 2234 ita
1512 2213 1575 2234 rem
1589 2213 1625 2235 se

146 2250 283 2291 trabere,
300 2253 432 2285 stultitia
456 2260 655 2298 extremaque
681 2258 840 2289 dementia
865 2260 1022 2301 occupati,
1039 2259 1171 2290 latenter
1197 2258 1268 2289 liuic
1287 2258 1416 2299 quidem
1443 2256 1559 2288 similes
1580 2256 1623 2287 ob

155 2303 252 2347 [1⁷⁷]
275 2307 415 2339 actiones
441 2308 564 2350 iniquas
587 2312 771 2349 redduntur,
807 2313 850 2343 illi
873 2319 982 2344 contra
1011 2313 1187 2344 dissimiles.
1221 2311 1311 2352 cujus
1338 2310 1482 2353 profecto
1511 2310 1622 2342 delicti

156 2366 265 2398 poenas
289 2362 442 2400 pendunt,
469 2363 542 2393 dum
569 2364 662 2395 vitam
688 2365 734 2397 illi
757 2367 1007 2403 convenientem,
1028 2367 1080 2398 cui
1101 2366 1218 2397 similes
1246 2364 1354 2396 effecti
1380 2368 1463 2401 sunt,
1490 2365 1624 2395 ducunt.

158 2411 324 2444 Enimvero
339 2413 365 2445 si
387 2415 566 2455 dixerimus,
586 2419 671 2459 quod
699 2420 756 2450 hos
772 2420 913 2461 quidem,
929 2421 989 2451 nisi
1014 2431 1031 2451 a
1047 2420 1189 2461 nequitia
1201 2419 1402 2455 cessaverint,
1419 2418 1483 2449 vita
1497 2418 1622 2449 functos

154 2464 243 2496 locus
255 2466 309 2498 ille
326 2468 471 2500 malorum
487 2481 596 2511 expers
612 2482 674 2503 non
692 2474 806 2514 capiet,
821 2474 870 2505 hic
888 2479 991 2505 autem
1009 2473 1142 2515 propriae
1159 2473 1230 2503 vitae
1247 2472 1484 2503 similitudinem
1512 2477 1622 2513 gerent

156 2529 288 2560 semper,
307 2530 366 2551 una
378 2531 448 2552 cum
471 2523 558 2554 malis
570 2525 642 2555 mali
654 2531 808 2558 versantes
822 2538 830 2557 :
853 2527 915 2568 ipsi
929 2532 1076 2569 tanquam
1088 2527 1180 2558 astuti
1195 2526 1402 2567 malitiosique
1417 2525 1622 2557 deliramenta

156 2572 300 2613 quaedam
326 2574 434 2605 audire
454 2585 487 2606 se
512 2576 629 2609 dicent.
675 2578 785 2610 Tnsso.
806 2579 848 2610 Et
874 2581 1006 2611 maxime
1031 2581 1172 2622 quidem,
1202 2591 1221 2610 o
1250 2581 1405 2612 Socrates.
1452 2579 1508 2611 So.
1531 2577 1620 2610 Novi

155 2625 316 2666 equidem,
332 2638 350 2657 o
366 2628 477 2660 amice.
522 2630 627 2661 Unum
643 2632 703 2663 hoc
718 2628 826 2664 saltem
851 2634 913 2664 illis
936 2634 1065 2675 accidit,
1082 2635 1167 2676 quod
1194 2634 1219 2665 si
1245 2634 1374 2675 quando
1392 2632 1533 2674 privatim
1550 2625 1619 2663 red-

152 2679 226 2709 dere
243 2679 375 2711 vicissim
391 2686 424 2712 et
438 2682 546 2714 afferre
558 2683 747 2717 in'medium
763 2688 899 2719 rationes
916 2698 1034 2727 eorum,
1061 2699 1131 2729 quae
1147 2687 1336 2729 vituperant,
1354 2697 1482 2718 necesse
1498 2686 1548 2723 sit,
1564 2696 1618 2717 ve·

153 2731 275 2773 lintque
293 2733 419 2765 viriliter
434 2735 618 2776 disputandi
634 2749 748 2770 moram
765 2741 887 2782 perpeti
900 2752 1003 2783 neque
1020 2742 1131 2783 ignave
1144 2742 1248 2783 fugere
1264 2753 1271 2772 :
1295 2746 1370 2772 tunc
1383 2742 1521 2780 demum,
1532 2740 1619 2781 quod

159 2785 324 2817 absurdum
341 2793 400 2825 est,
422 2789 479 2819 sibi
504 2790 565 2831 ipsi
582 2790 614 2820 in
630 2791 677 2822 his
692 2802 763 2833 quae
780 2794 891 2824 dicunt
907 2805 1104 2836 nequaquam
1122 2794 1260 2836 placent,
1274 2804 1443 2835 eorumque
1466 2792 1618 2824 rhetorica

155 2838 280 2878 penitus
296 2841 467 2882 evanescit,
485 2846 519 2872 ut
533 2842 630 2874 nihilo
645 2844 770 2876 differre
785 2856 803 2876 a
817 2847 923 2888 pueris
935 2847 1110 2878 videantur.
1155 2847 1270 2879 Verum
1287 2848 1333 2879 his
1343 2846 1411 2888 jam
1426 2846 1534 2885 finem,
1545 2854 1617 2876 cum

152 2896 264 2932 praeter
282 2894 474 2935 propositum
505 2895 579 2933 sint,
599 2897 814 2938 imponamus:
839 2900 978 2941 alioquin
994 2900 1136 2932 materies
1153 2901 1292 2943 undique
1306 2900 1442 2942 plurima
1456 2898 1616 2930 confluens

154 2954 325 2978 sermonem
341 2957 359 2978 a
375 2948 530 2991 principio
546 2950 724 2983 institutum
741 2953 863 2985 obruet.
905 2953 1110 2987 Revertamur
1127 2955 1219 2996 igitur
1240 2955 1279 2986 ad
1296 2955 1407 2996 priora,
1424 2953 1451 2984 si
1467 2952 1523 2984 tibi
1539 2960 1619 2994 quo·
