<?xml version="1.0" encoding="UTF-8"?>
<!DOCTYPE html PUBLIC "-//W3C//DTD XHTML 1.0 Transitional//EN"
    "http://www.w3.org/TR/xhtml1/DTD/xhtml1-transitional.dtd">
<html xmlns="http://www.w3.org/1999/xhtml" xml:lang="en" lang="en">
 <head>
  <title>
</title>
<meta http-equiv="Content-Type" content="text/html;charset=utf-8" />
  <meta name='ocr-system' content='tesseract 3.04.00' />
  <meta name='ocr-capabilities' content='ocr_page ocr_carea ocr_par ocr_line ocrx_word'/>
</head>
<body>
  <div class='ocr_page' id='page_1' title='image "./platonisetquaeve10plat_0073.png"; bbox 0 0 1846 3268; ppageno 0'>
   <div class='ocr_carea' id='block_1_1' title="bbox 163 234 1627 286">
    <p class='ocr_par' dir='ltr' id='par_1_1' title="bbox 163 234 1627 286">
     <span class='ocr_line' id='line_1_1' title="bbox 163 234 1627 286; baseline 0.008 -13"><span class='ocrx_word' id='word_1_1' title='bbox 163 234 258 286; x_wconf 82' lang='lat'><strong>352]</strong></span> <span class='ocrx_word' id='word_1_2' title='bbox 718 236 894 275; x_wconf 79' lang='lat' dir='ltr'>PROTA</span> <span class='ocrx_word' id='word_1_3' title='bbox 902 235 1097 277; x_wconf 73' lang='lat' dir='ltr'>GORAs,</span> <span class='ocrx_word' id='word_1_4' title='bbox 1577 247 1627 285; x_wconf 84' lang='lat'>63</span> 
     </span>
    </p>
   </div>
   <div class='ocr_carea' id='block_1_2' title="bbox 163 338 1690 2989">
    <p class='ocr_par' dir='ltr' id='par_1_2' title="bbox 163 338 1690 2989">
     <span class='ocr_line' id='line_1_2' title="bbox 164 338 1626 381; baseline 0.006 -11"><span class='ocrx_word' id='word_1_5' title='bbox 164 339 188 374; x_wconf 72' lang='lat' dir='ltr'>si</span> <span class='ocrx_word' id='word_1_6' title='bbox 206 345 280 372; x_wconf 84' lang='lat' dir='ltr'>tunc</span> <span class='ocrx_word' id='word_1_7' title='bbox 296 339 525 381; x_wconf 76' lang='lat' dir='ltr'>interrogasses,</span> <span class='ocrx_word' id='word_1_8' title='bbox 537 338 777 380; x_wconf 80' lang='lat' dir='ltr'>respondissem,</span> <span class='ocrx_word' id='word_1_9' title='bbox 792 339 902 381; x_wconf 84' lang='lat' dir='ltr'>utique</span> <span class='ocrx_word' id='word_1_10' title='bbox 917 350 982 370; x_wconf 91' lang='lat' dir='ltr'>non</span> <span class='ocrx_word' id='word_1_11' title='bbox 1001 350 1120 371; x_wconf 85' lang='lat' dir='ltr'>omnes.</span> <span class='ocrx_word' id='word_1_12' title='bbox 1165 340 1260 377; x_wconf 83' lang='lat' dir='ltr'>Quod</span> <span class='ocrx_word' id='word_1_13' title='bbox 1278 351 1348 372; x_wconf 78' lang='lat' dir='ltr'>vero</span> <span class='ocrx_word' id='word_1_14' title='bbox 1365 341 1460 375; x_wconf 81' lang='lat' dir='ltr'>fortes</span> <span class='ocrx_word' id='word_1_15' title='bbox 1475 346 1626 380; x_wconf 80' lang='lat' dir='ltr'>audentes</span> 
     </span>
     <span class='ocr_line' id='line_1_3' title="bbox 165 393 1627 435; baseline 0.005 -11"><span class='ocrx_word' id='word_1_16' title='bbox 165 403 231 424; x_wconf 88' lang='lat' dir='ltr'>non</span> <span class='ocrx_word' id='word_1_17' title='bbox 246 394 320 431; x_wconf 86' lang='lat' dir='ltr'>sint,</span> <span class='ocrx_word' id='word_1_18' title='bbox 346 404 365 424; x_wconf 86' lang='lat' dir='ltr'>a</span> <span class='ocrx_word' id='word_1_19' title='bbox 391 404 440 425; x_wconf 82' lang='lat' dir='ltr'>me</span> <span class='ocrx_word' id='word_1_20' title='bbox 459 403 640 425; x_wconf 87' lang='lat' dir='ltr'>concessum</span> <span class='ocrx_word' id='word_1_21' title='bbox 665 403 826 435; x_wconf 80' lang='lat' dir='ltr'>nunquam</span> <span class='ocrx_word' id='word_1_22' title='bbox 853 398 1075 424; x_wconf 85' lang='lat' dir='ltr'>monstrasses:</span> <span class='ocrx_word' id='word_1_23' title='bbox 1100 393 1174 435; x_wconf 85' lang='lat' dir='ltr'>quia</span> <span class='ocrx_word' id='word_1_24' title='bbox 1195 404 1260 425; x_wconf 90' lang='lat' dir='ltr'>non</span> <span class='ocrx_word' id='word_1_25' title='bbox 1285 400 1369 427; x_wconf 83' lang='lat' dir='ltr'>recte</span> <span class='ocrx_word' id='word_1_26' title='bbox 1394 399 1627 432; x_wconf 81' lang='lat' dir='ltr'>concessissem.</span> 
     </span>
     <span class='ocr_line' id='line_1_4' title="bbox 163 447 1626 489; baseline 0.004 -10"><span class='ocrx_word' id='word_1_27' title='bbox 163 447 302 479; x_wconf 81' lang='lat' dir='ltr'><strong>Proinde</strong></span> <span class='ocrx_word' id='word_1_28' title='bbox 316 447 449 479; x_wconf 81' lang='lat' dir='ltr'>scientes</span> <span class='ocrx_word' id='word_1_29' title='bbox 465 447 616 484; x_wconf 89' lang='lat' dir='ltr'>homines,</span> <span class='ocrx_word' id='word_1_30' title='bbox 643 447 783 479; x_wconf 82' lang='lat' dir='ltr'>ostendis</span> <span class='ocrx_word' id='word_1_31' title='bbox 797 447 1024 489; x_wconf 79' lang='lat' dir='ltr'>ignorantibus,</span> <span class='ocrx_word' id='word_1_32' title='bbox 1051 447 1173 489; x_wconf 80' lang='lat' dir='ltr'>seipsis,</span> <span class='ocrx_word' id='word_1_33' title='bbox 1198 453 1232 480; x_wconf 90' lang='lat' dir='ltr'>et</span> <span class='ocrx_word' id='word_1_34' title='bbox 1256 447 1325 479; x_wconf 88' lang='lat' dir='ltr'>aliis</span> <span class='ocrx_word' id='word_1_35' title='bbox 1341 450 1522 483; x_wconf 75' lang='lat' dir='ltr'>audaciores</span> <span class='ocrx_word' id='word_1_36' title='bbox 1538 464 1626 485; x_wconf 86' lang='lat' dir='ltr'>esse:</span> 
     </span>
     <span class='ocr_line' id='line_1_5' title="bbox 163 501 1627 548; baseline 0.004 -15"><span class='ocrx_word' id='word_1_37' title='bbox 163 502 327 534; x_wconf 86' lang='lat' dir='ltr'>etidcirco</span> <span class='ocrx_word' id='word_1_38' title='bbox 341 502 424 533; x_wconf 86' lang='lat' dir='ltr'>idem</span> <span class='ocrx_word' id='word_1_39' title='bbox 440 512 507 532; x_wconf 84' lang='lat' dir='ltr'>esse</span> <span class='ocrx_word' id='word_1_40' title='bbox 521 502 708 543; x_wconf 71' lang='lat' dir='ltr'>sapientiam</span> <span class='ocrx_word' id='word_1_41' title='bbox 727 507 760 533; x_wconf 89' lang='lat' dir='ltr'>et</span> <span class='ocrx_word' id='word_1_42' title='bbox 782 501 998 533; x_wconf 78' lang='lat' dir='ltr'>fortitudinem</span> <span class='ocrx_word' id='word_1_43' title='bbox 1020 503 1184 534; x_wconf 86' lang='lat' dir='ltr'>arbitraris.</span> <span class='ocrx_word' id='word_1_44' title='bbox 1228 503 1348 535; x_wconf 87' lang='lat' dir='ltr'>Eadem</span> <span class='ocrx_word' id='word_1_45' title='bbox 1373 505 1492 537; x_wconf 86' lang='lat' dir='ltr'>ratione</span> <span class='ocrx_word' id='word_1_46' title='bbox 1516 517 1627 548; x_wconf 89' lang='lat' dir='ltr'>proce·</span> 
     </span>
     <span class='ocr_line' id='line_1_6' title="bbox 166 556 1627 598; baseline 0.003 -11"><span class='ocrx_word' id='word_1_47' title='bbox 166 557 257 597; x_wconf 88' lang='lat' dir='ltr'>dens,</span> <span class='ocrx_word' id='word_1_48' title='bbox 271 557 363 587; x_wconf 86' lang='lat' dir='ltr'>robur</span> <span class='ocrx_word' id='word_1_49' title='bbox 376 566 502 598; x_wconf 91' lang='lat' dir='ltr'>quoque</span> <span class='ocrx_word' id='word_1_50' title='bbox 518 556 702 598; x_wconf 81' lang='lat' dir='ltr'><strong>sapientiam</strong></span> <span class='ocrx_word' id='word_1_51' title='bbox 718 566 785 588; x_wconf 86' lang='lat' dir='ltr'>esse</span> <span class='ocrx_word' id='word_1_52' title='bbox 801 557 943 588; x_wconf 82' lang='lat' dir='ltr'>duceres.</span> <span class='ocrx_word' id='word_1_53' title='bbox 987 556 1074 588; x_wconf 83' lang='lat' dir='ltr'>Nam</span> <span class='ocrx_word' id='word_1_54' title='bbox 1088 556 1113 588; x_wconf 87' lang='lat' dir='ltr'>si</span> <span class='ocrx_word' id='word_1_55' title='bbox 1139 567 1159 588; x_wconf 83' lang='lat' dir='ltr'>a</span> <span class='ocrx_word' id='word_1_56' title='bbox 1179 567 1227 588; x_wconf 89' lang='lat' dir='ltr'>me</span> <span class='ocrx_word' id='word_1_57' title='bbox 1251 557 1393 590; x_wconf 86' lang='lat' dir='ltr'>similiter</span> <span class='ocrx_word' id='word_1_58' title='bbox 1412 558 1447 589; x_wconf 89' lang='lat' dir='ltr'>in</span> <span class='ocrx_word' id='word_1_59' title='bbox 1462 560 1546 592; x_wconf 89' lang='lat' dir='ltr'>hunc</span> <span class='ocrx_word' id='word_1_60' title='bbox 1562 572 1627 592; x_wconf 91' lang='lat' dir='ltr'>mo-</span> 
     </span>
     <span class='ocr_line' id='line_1_7' title="bbox 166 609 1626 656; baseline 0.005 -16"><span class='ocrx_word' id='word_1_61' title='bbox 166 609 241 640; x_wconf 88' lang='lat' dir='ltr'>dum</span> <span class='ocrx_word' id='word_1_62' title='bbox 257 609 429 651; x_wconf 74' lang='lat' dir='ltr'>quaesisses,</span> <span class='ocrx_word' id='word_1_63' title='bbox 455 614 556 640; x_wconf 84' lang='lat' dir='ltr'>utrum</span> <span class='ocrx_word' id='word_1_64' title='bbox 572 610 688 641; x_wconf 82' lang='lat' dir='ltr'>robusti</span> <span class='ocrx_word' id='word_1_65' title='bbox 706 610 846 650; x_wconf 79' lang='lat' dir='ltr'>homines</span> <span class='ocrx_word' id='word_1_66' title='bbox 860 615 1006 652; x_wconf 83' lang='lat' dir='ltr'>potentes</span> <span class='ocrx_word' id='word_1_67' title='bbox 1021 611 1095 648; x_wconf 89' lang='lat' dir='ltr'>sint,</span> <span class='ocrx_word' id='word_1_68' title='bbox 1121 611 1318 642; x_wconf 87' lang='lat' dir='ltr'>asseruissem</span> <span class='ocrx_word' id='word_1_69' title='bbox 1344 613 1463 655; x_wconf 88' lang='lat' dir='ltr'>utique.</span> <span class='ocrx_word' id='word_1_70' title='bbox 1497 615 1626 656; x_wconf 87' lang='lat' dir='ltr'>deinde,</span> 
     </span>
     <span class='ocr_line' id='line_1_8' title="bbox 165 663 1626 711; baseline 0.004 -17"><span class='ocrx_word' id='word_1_71' title='bbox 165 667 267 694; x_wconf 80' lang='lat' dir='ltr'>utrum</span> <span class='ocrx_word' id='word_1_72' title='bbox 286 663 434 704; x_wconf 79' lang='lat' dir='ltr'>palaestrae</span> <span class='ocrx_word' id='word_1_73' title='bbox 450 663 542 704; x_wconf 86' lang='lat' dir='ltr'>periti</span> <span class='ocrx_word' id='word_1_74' title='bbox 556 665 594 694; x_wconf 84' lang='lat' dir='ltr'>ad</span> <span class='ocrx_word' id='word_1_75' title='bbox 611 664 793 695; x_wconf 87' lang='lat' dir='ltr'>certandum</span> <span class='ocrx_word' id='word_1_76' title='bbox 809 665 1001 706; x_wconf 86' lang='lat' dir='ltr'>potentiores</span> <span class='ocrx_word' id='word_1_77' title='bbox 1014 664 1088 702; x_wconf 84' lang='lat' dir='ltr'>sint,</span> <span class='ocrx_word' id='word_1_78' title='bbox 1104 675 1196 706; x_wconf 89' lang='lat' dir='ltr'>quam</span> <span class='ocrx_word' id='word_1_79' title='bbox 1209 665 1323 707; x_wconf 86' lang='lat' dir='ltr'>ignari,</span> <span class='ocrx_word' id='word_1_80' title='bbox 1338 671 1370 697; x_wconf 91' lang='lat' dir='ltr'>et</span> <span class='ocrx_word' id='word_1_81' title='bbox 1384 666 1445 708; x_wconf 86' lang='lat' dir='ltr'>ipsi</span> <span class='ocrx_word' id='word_1_82' title='bbox 1461 676 1626 711; x_wconf 81' lang='lat' dir='ltr'>postquam</span> 
     </span>
     <span class='ocr_line' id='line_1_9' title="bbox 166 716 1628 759; baseline 0.006 -12"><span class='ocrx_word' id='word_1_83' title='bbox 166 716 356 758; x_wconf 81' lang='lat' dir='ltr'>didicerunt,</span> <span class='ocrx_word' id='word_1_84' title='bbox 370 727 403 748; x_wconf 88' lang='lat' dir='ltr'>se</span> <span class='ocrx_word' id='word_1_85' title='bbox 417 717 493 759; x_wconf 87' lang='lat' dir='ltr'>ipsis</span> <span class='ocrx_word' id='word_1_86' title='bbox 506 718 580 748; x_wconf 91' lang='lat' dir='ltr'>dum</span> <span class='ocrx_word' id='word_1_87' title='bbox 598 717 794 759; x_wconf 81' lang='lat' dir='ltr'>ignorabant,</span> <span class='ocrx_word' id='word_1_88' title='bbox 817 719 877 750; x_wconf 89' lang='lat' dir='ltr'>hoc</span> <span class='ocrx_word' id='word_1_89' title='bbox 903 719 1013 750; x_wconf 88' lang='lat' dir='ltr'>iterum</span> <span class='ocrx_word' id='word_1_90' title='bbox 1038 719 1242 750; x_wconf 76' lang='lat' dir='ltr'>admisissem.</span> <span class='ocrx_word' id='word_1_91' title='bbox 1285 719 1364 751; x_wconf 86' lang='lat' dir='ltr'>Haec</span> <span class='ocrx_word' id='word_1_92' title='bbox 1386 732 1435 753; x_wconf 91' lang='lat' dir='ltr'>me</span> <span class='ocrx_word' id='word_1_93' title='bbox 1456 723 1628 756; x_wconf 83' lang='lat' dir='ltr'>confitente</span> 
     </span>
     <span class='ocr_line' id='line_1_10' title="bbox 167 769 1628 818; baseline 0.005 -18"><span class='ocrx_word' id='word_1_94' title='bbox 167 769 305 803; x_wconf 81' lang='lat' dir='ltr'>licuisset</span> <span class='ocrx_word' id='word_1_95' title='bbox 318 770 375 801; x_wconf 87' lang='lat' dir='ltr'>tibi</span> <span class='ocrx_word' id='word_1_96' title='bbox 389 771 577 812; x_wconf 80' lang='lat' dir='ltr'>argumentis</span> <span class='ocrx_word' id='word_1_97' title='bbox 591 771 703 803; x_wconf 86' lang='lat' dir='ltr'>iisdem</span> <span class='ocrx_word' id='word_1_98' title='bbox 719 771 904 814; x_wconf 82' lang='lat' dir='ltr'>conjicienti</span> <span class='ocrx_word' id='word_1_99' title='bbox 920 773 1036 809; x_wconf 83' lang='lat' dir='ltr'>dicere,</span> <span class='ocrx_word' id='word_1_100' title='bbox 1063 783 1119 815; x_wconf 88' lang='lat' dir='ltr'>per</span> <span class='ocrx_word' id='word_1_101' title='bbox 1139 773 1374 805; x_wconf 86' lang='lat' dir='ltr'>concessionem</span> <span class='ocrx_word' id='word_1_102' title='bbox 1390 785 1488 806; x_wconf 88' lang='lat' dir='ltr'>meam</span> <span class='ocrx_word' id='word_1_103' title='bbox 1504 777 1628 818; x_wconf 84' lang='lat' dir='ltr'>sapien-</span> 
     </span>
     <span class='ocr_line' id='line_1_11' title="bbox 166 822 1629 870; baseline 0.006 -16"><span class='ocrx_word' id='word_1_104' title='bbox 166 822 240 854; x_wconf 80' lang='lat' dir='ltr'>tiam</span> <span class='ocrx_word' id='word_1_105' title='bbox 255 824 349 855; x_wconf 86' lang='lat' dir='ltr'>robur</span> <span class='ocrx_word' id='word_1_106' title='bbox 363 824 505 857; x_wconf 81' lang='lat' dir='ltr'>existere.</span> <span class='ocrx_word' id='word_1_107' title='bbox 551 825 621 868; x_wconf 85' lang='lat' dir='ltr'>Ego</span> <span class='ocrx_word' id='word_1_108' title='bbox 636 831 739 858; x_wconf 88' lang='lat' dir='ltr'>autern</span> <span class='ocrx_word' id='word_1_109' title='bbox 755 837 909 868; x_wconf 86' lang='lat' dir='ltr'>nusquam</span> <span class='ocrx_word' id='word_1_110' title='bbox 925 827 957 857; x_wconf 90' lang='lat' dir='ltr'>in</span> <span class='ocrx_word' id='word_1_111' title='bbox 982 827 1149 870; x_wconf 85' lang='lat' dir='ltr'>praesentia</span> <span class='ocrx_word' id='word_1_112' title='bbox 1171 832 1316 869; x_wconf 85' lang='lat' dir='ltr'>potentes</span> <span class='ocrx_word' id='word_1_113' title='bbox 1331 828 1471 860; x_wconf 81' lang='lat' dir='ltr'>homines</span> <span class='ocrx_word' id='word_1_114' title='bbox 1487 831 1629 865; x_wconf 85' lang='lat' dir='ltr'>robustos</span> 
     </span>
     <span class='ocr_line' id='line_1_12' title="bbox 165 878 1628 927; baseline 0.005 -18"><span class='ocrx_word' id='word_1_115' title='bbox 165 887 233 909; x_wconf 74' lang='lat' dir='ltr'>esse</span> <span class='ocrx_word' id='word_1_116' title='bbox 246 878 419 910; x_wconf 86' lang='lat' dir='ltr'>confiteor:</span> <span class='ocrx_word' id='word_1_117' title='bbox 442 880 584 910; x_wconf 86' lang='lat' dir='ltr'>robustos</span> <span class='ocrx_word' id='word_1_118' title='bbox 598 885 701 912; x_wconf 86' lang='lat' dir='ltr'>tamen</span> <span class='ocrx_word' id='word_1_119' title='bbox 718 885 863 923; x_wconf 81' lang='lat' dir='ltr'>potentes</span> <span class='ocrx_word' id='word_1_120' title='bbox 879 891 946 912; x_wconf 87' lang='lat' dir='ltr'>esse</span> <span class='ocrx_word' id='word_1_121' title='bbox 961 886 1100 912; x_wconf 82' lang='lat' dir='ltr'>autumo.</span> <span class='ocrx_word' id='word_1_122' title='bbox 1125 880 1222 923; x_wconf 85' lang='lat'><strong>[351]</strong></span> <span class='ocrx_word' id='word_1_123' title='bbox 1247 881 1322 913; x_wconf 90' lang='lat' dir='ltr'>Non</span> <span class='ocrx_word' id='word_1_124' title='bbox 1337 882 1420 914; x_wconf 86' lang='lat' dir='ltr'>idem</span> <span class='ocrx_word' id='word_1_125' title='bbox 1434 894 1502 915; x_wconf 89' lang='lat' dir='ltr'>esse</span> <span class='ocrx_word' id='word_1_126' title='bbox 1524 886 1628 927; x_wconf 87' lang='lat' dir='ltr'>robur,</span> 
     </span>
     <span class='ocr_line' id='line_1_13' title="bbox 167 934 1631 980; baseline 0.005 -17"><span class='ocrx_word' id='word_1_127' title='bbox 167 937 200 963; x_wconf 77' lang='lat' dir='ltr'>et</span> <span class='ocrx_word' id='word_1_128' title='bbox 224 934 395 973; x_wconf 85' lang='lat' dir='ltr'>potentiam</span> <span class='ocrx_word' id='word_1_129' title='bbox 419 934 559 966; x_wconf 82' lang='lat' dir='ltr'>arbitror.</span> <span class='ocrx_word' id='word_1_130' title='bbox 582 945 655 966; x_wconf 88' lang='lat' dir='ltr'>nam</span> <span class='ocrx_word' id='word_1_131' title='bbox 677 940 710 967; x_wconf 87' lang='lat' dir='ltr'>et</span> <span class='ocrx_word' id='word_1_132' title='bbox 730 946 749 966; x_wconf 85' lang='lat' dir='ltr'>a</span> <span class='ocrx_word' id='word_1_133' title='bbox 770 935 912 974; x_wconf 87' lang='lat' dir='ltr'>scientia,</span> <span class='ocrx_word' id='word_1_134' title='bbox 934 941 968 967; x_wconf 90' lang='lat' dir='ltr'>et</span> <span class='ocrx_word' id='word_1_135' title='bbox 988 936 1027 967; x_wconf 82' lang='lat' dir='ltr'>ab</span> <span class='ocrx_word' id='word_1_136' title='bbox 1043 936 1176 973; x_wconf 73' lang='lat' dir='ltr'>insania,</span> <span class='ocrx_word' id='word_1_137' title='bbox 1201 941 1234 968; x_wconf 89' lang='lat' dir='ltr'>et</span> <span class='ocrx_word' id='word_1_138' title='bbox 1256 937 1296 968; x_wconf 89' lang='lat' dir='ltr'>ab</span> <span class='ocrx_word' id='word_1_139' title='bbox 1311 937 1353 968; x_wconf 88' lang='lat' dir='ltr'>ira</span> <span class='ocrx_word' id='word_1_140' title='bbox 1371 943 1475 979; x_wconf 84' lang='lat' dir='ltr'>potest</span> <span class='ocrx_word' id='word_1_141' title='bbox 1490 942 1631 980; x_wconf 86' lang='lat' dir='ltr'>potentia</span> 
     </span>
     <span class='ocr_line' id='line_1_14' title="bbox 168 987 1630 1035; baseline 0.008 -19"><span class='ocrx_word' id='word_1_142' title='bbox 168 987 349 1028; x_wconf 86' lang='lat' dir='ltr'>provenire:</span> <span class='ocrx_word' id='word_1_143' title='bbox 374 988 466 1019; x_wconf 89' lang='lat' dir='ltr'>robur</span> <span class='ocrx_word' id='word_1_144' title='bbox 478 994 582 1020; x_wconf 86' lang='lat' dir='ltr'>autem</span> <span class='ocrx_word' id='word_1_145' title='bbox 597 999 616 1021; x_wconf 79' lang='lat' dir='ltr'>a</span> <span class='ocrx_word' id='word_1_146' title='bbox 630 995 740 1021; x_wconf 82' lang='lat' dir='ltr'>natura</span> <span class='ocrx_word' id='word_1_147' title='bbox 756 990 931 1032; x_wconf 84' lang='lat' dir='ltr'>dumtaxat,</span> <span class='ocrx_word' id='word_1_148' title='bbox 947 995 979 1022; x_wconf 92' lang='lat' dir='ltr'>et</span> <span class='ocrx_word' id='word_1_149' title='bbox 994 991 1101 1022; x_wconf 88' lang='lat' dir='ltr'>debita</span> <span class='ocrx_word' id='word_1_150' title='bbox 1115 1001 1277 1032; x_wconf 83' lang='lat' dir='ltr'>corporum</span> <span class='ocrx_word' id='word_1_151' title='bbox 1293 991 1463 1024; x_wconf 82' lang='lat' dir='ltr'>nutritione</span> <span class='ocrx_word' id='word_1_152' title='bbox 1477 995 1630 1035; x_wconf 88' lang='lat' dir='ltr'>procedit.</span> 
     </span>
     <span class='ocr_line' id='line_1_15' title="bbox 169 1042 1631 1087; baseline 0.005 -13"><span class='ocrx_word' id='word_1_153' title='bbox 169 1042 316 1075; x_wconf 79' lang='lat' dir='ltr'>Similiter</span> <span class='ocrx_word' id='word_1_154' title='bbox 330 1048 362 1074; x_wconf 92' lang='lat' dir='ltr'>et</span> <span class='ocrx_word' id='word_1_155' title='bbox 387 1043 502 1075; x_wconf 83' lang='lat' dir='ltr'>in&#39;illis</span> <span class='ocrx_word' id='word_1_156' title='bbox 517 1055 714 1087; x_wconf 86' lang='lat' dir='ltr'>nequaquam</span> <span class='ocrx_word' id='word_1_157' title='bbox 739 1045 823 1076; x_wconf 89' lang='lat' dir='ltr'>idem</span> <span class='ocrx_word' id='word_1_158' title='bbox 849 1056 916 1077; x_wconf 82' lang='lat' dir='ltr'>esse</span> <span class='ocrx_word' id='word_1_159' title='bbox 944 1045 1137 1076; x_wconf 87' lang='lat' dir='ltr'>censendum</span> <span class='ocrx_word' id='word_1_160' title='bbox 1161 1045 1377 1077; x_wconf 82' lang='lat' dir='ltr'>fortitudinem</span> <span class='ocrx_word' id='word_1_161' title='bbox 1401 1051 1434 1078; x_wconf 91' lang='lat' dir='ltr'>et</span> <span class='ocrx_word' id='word_1_162' title='bbox 1456 1049 1631 1081; x_wconf 88' lang='lat' dir='ltr'>audaciam.</span> 
     </span>
     <span class='ocr_line' id='line_1_16' title="bbox 169 1098 1628 1141; baseline 0.005 -13"><span class='ocrx_word' id='word_1_163' title='bbox 169 1098 370 1139; x_wconf 81' lang='lat' dir='ltr'>Quapropter</span> <span class='ocrx_word' id='word_1_164' title='bbox 383 1098 549 1140; x_wconf 85' lang='lat' dir='ltr'>contingit,</span> <span class='ocrx_word' id='word_1_165' title='bbox 560 1099 655 1131; x_wconf 84' lang='lat' dir='ltr'>fortes</span> <span class='ocrx_word' id='word_1_166' title='bbox 669 1100 796 1141; x_wconf 89' lang='lat' dir='ltr'>quidem</span> <span class='ocrx_word' id='word_1_167' title='bbox 813 1099 964 1131; x_wconf 88' lang='lat' dir='ltr'>audentes</span> <span class='ocrx_word' id='word_1_168' title='bbox 978 1110 1059 1141; x_wconf 82' lang='lat' dir='ltr'>esse,</span> <span class='ocrx_word' id='word_1_169' title='bbox 1074 1110 1138 1130; x_wconf 91' lang='lat' dir='ltr'>non</span> <span class='ocrx_word' id='word_1_170' title='bbox 1154 1106 1258 1131; x_wconf 86' lang='lat' dir='ltr'>tamen</span> <span class='ocrx_word' id='word_1_171' title='bbox 1274 1100 1426 1132; x_wconf 85' lang='lat' dir='ltr'>audentes</span> <span class='ocrx_word' id='word_1_172' title='bbox 1437 1112 1544 1134; x_wconf 83' lang='lat' dir='ltr'>omnes</span> <span class='ocrx_word' id='word_1_173' title='bbox 1560 1115 1628 1135; x_wconf 71' lang='lat' dir='ltr'>esse</span> 
     </span>
     <span class='ocr_line' id='line_1_17' title="bbox 169 1151 1628 1196; baseline 0.004 -14"><span class='ocrx_word' id='word_1_174' title='bbox 169 1151 275 1183; x_wconf 79' lang='lat' dir='ltr'>fortes.</span> <span class='ocrx_word' id='word_1_175' title='bbox 318 1152 464 1184; x_wconf 84' lang='lat' dir='ltr'>Audacia</span> <span class='ocrx_word' id='word_1_176' title='bbox 479 1154 560 1184; x_wconf 88' lang='lat' dir='ltr'>enim</span> <span class='ocrx_word' id='word_1_177' title='bbox 575 1154 615 1185; x_wconf 86' lang='lat' dir='ltr'>ab</span> <span class='ocrx_word' id='word_1_178' title='bbox 631 1159 695 1185; x_wconf 82' lang='lat' dir='ltr'>arte</span> <span class='ocrx_word' id='word_1_179' title='bbox 709 1154 899 1191; x_wconf 86' lang='lat' dir='ltr'>hominibus,</span> <span class='ocrx_word' id='word_1_180' title='bbox 915 1154 955 1185; x_wconf 86' lang='lat' dir='ltr'>ab</span> <span class='ocrx_word' id='word_1_181' title='bbox 976 1154 1033 1195; x_wconf 83' lang='lat' dir='ltr'>ira,</span> <span class='ocrx_word' id='word_1_182' title='bbox 1061 1154 1099 1184; x_wconf 88' lang='lat' dir='ltr'>ab</span> <span class='ocrx_word' id='word_1_183' title='bbox 1112 1153 1233 1185; x_wconf 87' lang='lat' dir='ltr'>insania</span> <span class='ocrx_word' id='word_1_184' title='bbox 1247 1154 1350 1191; x_wconf 85' lang='lat' dir='ltr'>datur,</span> <span class='ocrx_word' id='word_1_185' title='bbox 1365 1156 1628 1196; x_wconf 85' lang='lat' dir='ltr'>quemadmodum</span> 
     </span>
     <span class='ocr_line' id='line_1_18' title="bbox 170 1206 1630 1250; baseline 0.003 -14"><span class='ocrx_word' id='word_1_186' title='bbox 170 1206 210 1237; x_wconf 88' lang='lat' dir='ltr'>de</span> <span class='ocrx_word' id='word_1_187' title='bbox 222 1207 364 1248; x_wconf 72' lang='lat' dir='ltr'>potentia</span> <span class='ocrx_word' id='word_1_188' title='bbox 378 1207 511 1239; x_wconf 86' lang='lat' dir='ltr'>diximus</span> <span class='ocrx_word' id='word_1_189' title='bbox 529 1220 536 1239; x_wconf 76' lang='lat' dir='ltr'><em>z</em></span> <span class='ocrx_word' id='word_1_190' title='bbox 561 1208 711 1241; x_wconf 77' lang='lat' dir='ltr'>fortitudo</span> <span class='ocrx_word' id='word_1_191' title='bbox 726 1213 829 1240; x_wconf 89' lang='lat' dir='ltr'>autem</span> <span class='ocrx_word' id='word_1_192' title='bbox 851 1219 868 1239; x_wconf 89' lang='lat' dir='ltr'>a</span> <span class='ocrx_word' id='word_1_193' title='bbox 885 1214 1007 1245; x_wconf 83' lang='lat' dir='ltr'>natura,</span> <span class='ocrx_word' id='word_1_194' title='bbox 1020 1209 1188 1250; x_wconf 82' lang='lat' dir='ltr'>debitaque</span> <span class='ocrx_word' id='word_1_195' title='bbox 1200 1208 1388 1239; x_wconf 79' lang='lat' dir='ltr'>educatione</span> <span class='ocrx_word' id='word_1_196' title='bbox 1404 1210 1548 1250; x_wconf 88' lang='lat' dir='ltr'>provenit</span> <span class='ocrx_word' id='word_1_197' title='bbox 1563 1211 1630 1242; x_wconf 87' lang='lat' dir='ltr'>ani-</span> 
     </span>
     <span class='ocr_line' id='line_1_19' title="bbox 169 1262 1632 1304; baseline 0.004 -13"><span class='ocrx_word' id='word_1_198' title='bbox 169 1270 299 1292; x_wconf 86' lang='lat' dir='ltr'>morum.</span> <span class='ocrx_word' id='word_1_199' title='bbox 344 1262 399 1294; x_wconf 89' lang='lat' dir='ltr'>So.</span> <span class='ocrx_word' id='word_1_200' title='bbox 426 1263 569 1301; x_wconf 82' lang='lat' dir='ltr'>Dicisne,</span> <span class='ocrx_word' id='word_1_201' title='bbox 585 1274 604 1293; x_wconf 91' lang='grc' dir='ltr'>ο</span> <span class='ocrx_word' id='word_1_202' title='bbox 617 1263 798 1304; x_wconf 85' lang='lat' dir='ltr'>Protagora,</span> <span class='ocrx_word' id='word_1_203' title='bbox 811 1262 889 1294; x_wconf 87' lang='lat' dir='ltr'>alios</span> <span class='ocrx_word' id='word_1_204' title='bbox 904 1262 1046 1293; x_wconf 89' lang='lat' dir='ltr'>homines</span> <span class='ocrx_word' id='word_1_205' title='bbox 1062 1263 1154 1299; x_wconf 91' lang='lat' dir='ltr'>bene,</span> <span class='ocrx_word' id='word_1_206' title='bbox 1171 1262 1249 1292; x_wconf 86' lang='lat' dir='ltr'>male</span> <span class='ocrx_word' id='word_1_207' title='bbox 1266 1262 1343 1293; x_wconf 83' lang='lat' dir='ltr'>alios</span> <span class='ocrx_word' id='word_1_208' title='bbox 1358 1262 1461 1295; x_wconf 88' lang='lat' dir='ltr'>vivere</span> <span class='ocrx_word' id='word_1_209' title='bbox 1475 1264 1486 1294; x_wconf 90' lang='lat'>?</span> <span class='ocrx_word' id='word_1_210' title='bbox 1524 1265 1632 1297; x_wconf 71' lang='lat' dir='ltr'>Prior.</span> 
     </span>
     <span class='ocr_line' id='line_1_20' title="bbox 170 1315 1632 1359; baseline 0.004 -14"><span class='ocrx_word' id='word_1_211' title='bbox 170 1315 255 1346; x_wconf 86' lang='lat' dir='ltr'>Dico</span> <span class='ocrx_word' id='word_1_212' title='bbox 269 1315 427 1357; x_wconf 87' lang='lat' dir='ltr'>equidem.</span> <span class='ocrx_word' id='word_1_213' title='bbox 472 1317 527 1349; x_wconf 89' lang='lat' dir='ltr'>So.</span> <span class='ocrx_word' id='word_1_214' title='bbox 551 1317 712 1359; x_wconf 89' lang='lat' dir='ltr'>Numquid</span> <span class='ocrx_word' id='word_1_215' title='bbox 730 1318 809 1348; x_wconf 85' lang='lat' dir='ltr'>bene</span> <span class='ocrx_word' id='word_1_216' title='bbox 826 1317 928 1348; x_wconf 89' lang='lat' dir='ltr'>vivere</span> <span class='ocrx_word' id='word_1_217' title='bbox 943 1318 1037 1347; x_wconf 90' lang='lat' dir='ltr'>homo</span> <span class='ocrx_word' id='word_1_218' title='bbox 1058 1317 1112 1347; x_wconf 89' lang='lat' dir='ltr'>tibi</span> <span class='ocrx_word' id='word_1_219' title='bbox 1129 1317 1262 1357; x_wconf 87' lang='lat' dir='ltr'>videtur,</span> <span class='ocrx_word' id='word_1_220' title='bbox 1289 1316 1316 1347; x_wconf 83' lang='lat' dir='ltr'>si</span> <span class='ocrx_word' id='word_1_221' title='bbox 1331 1326 1402 1347; x_wconf 90' lang='lat' dir='ltr'>cum</span> <span class='ocrx_word' id='word_1_222' title='bbox 1418 1317 1560 1349; x_wconf 83' lang='lat' dir='ltr'>molestia</span> <span class='ocrx_word' id='word_1_223' title='bbox 1575 1320 1632 1351; x_wconf 82' lang='lat' dir='ltr'>do-</span> 
     </span>
     <span class='ocr_line' id='line_1_21' title="bbox 170 1369 1631 1414; baseline 0.003 -14"><span class='ocrx_word' id='word_1_224' title='bbox 170 1369 296 1410; x_wconf 91' lang='lat' dir='ltr'>loreque</span> <span class='ocrx_word' id='word_1_225' title='bbox 321 1369 428 1400; x_wconf 85' lang='lat' dir='ltr'>vivat?</span> <span class='ocrx_word' id='word_1_226' title='bbox 474 1369 582 1402; x_wconf 74' lang='lat' dir='ltr'>Pnor.</span> <span class='ocrx_word' id='word_1_227' title='bbox 607 1370 755 1403; x_wconf 88' lang='lat' dir='ltr'>Minime.</span> <span class='ocrx_word' id='word_1_228' title='bbox 801 1371 857 1402; x_wconf 87' lang='lat' dir='ltr'>So.</span> <span class='ocrx_word' id='word_1_229' title='bbox 880 1370 934 1401; x_wconf 83' lang='lat' dir='ltr'>Sin</span> <span class='ocrx_word' id='word_1_230' title='bbox 961 1376 1065 1401; x_wconf 87' lang='lat' dir='ltr'>autem</span> <span class='ocrx_word' id='word_1_231' title='bbox 1092 1381 1189 1412; x_wconf 85' lang='lat' dir='ltr'>usque</span> <span class='ocrx_word' id='word_1_232' title='bbox 1212 1371 1251 1401; x_wconf 88' lang='lat' dir='ltr'>ad</span> <span class='ocrx_word' id='word_1_233' title='bbox 1277 1370 1349 1401; x_wconf 79' lang='lat' dir='ltr'>vitae</span> <span class='ocrx_word' id='word_1_234' title='bbox 1374 1370 1467 1402; x_wconf 86' lang='lat' dir='ltr'>finem</span> <span class='ocrx_word' id='word_1_235' title='bbox 1487 1372 1631 1414; x_wconf 84' lang='lat' dir='ltr'>jucunde</span> 
     </span>
     <span class='ocr_line' id='line_1_22' title="bbox 171 1424 1632 1467; baseline 0.002 -13"><span class='ocrx_word' id='word_1_236' title='bbox 171 1425 240 1466; x_wconf 88' lang='lat' dir='ltr'>quis</span> <span class='ocrx_word' id='word_1_237' title='bbox 265 1424 387 1465; x_wconf 83' lang='lat' dir='ltr'>vixerit,</span> <span class='ocrx_word' id='word_1_238' title='bbox 414 1425 493 1456; x_wconf 87' lang='lat' dir='ltr'>bene</span> <span class='ocrx_word' id='word_1_239' title='bbox 520 1425 630 1456; x_wconf 83' lang='lat' dir='ltr'>vixisse</span> <span class='ocrx_word' id='word_1_240' title='bbox 656 1425 832 1457; x_wconf 87' lang='lat' dir='ltr'>dicendus?</span> <span class='ocrx_word' id='word_1_241' title='bbox 878 1425 990 1457; x_wconf 77' lang='lat' dir='ltr'>Pno‘r.</span> <span class='ocrx_word' id='word_1_242' title='bbox 1013 1424 1118 1457; x_wconf 80' lang='lat' dir='ltr'>Certe.</span> <span class='ocrx_word' id='word_1_243' title='bbox 1164 1425 1221 1457; x_wconf 80' lang='lat' dir='ltr'>So,</span> <span class='ocrx_word' id='word_1_244' title='bbox 1257 1424 1339 1465; x_wconf 86' lang='lat' dir='ltr'>Ergo</span> <span class='ocrx_word' id='word_1_245' title='bbox 1361 1425 1504 1467; x_wconf 88' lang='lat' dir='ltr'>jucunde</span> <span class='ocrx_word' id='word_1_246' title='bbox 1532 1427 1632 1458; x_wconf 86' lang='lat' dir='ltr'>vivere</span> 
     </span>
     <span class='ocr_line' id='line_1_23' title="bbox 170 1468 1633 1513; baseline 0.002 -3"><span class='ocrx_word' id='word_1_247' title='bbox 170 1479 308 1510; x_wconf 86' lang='lat' dir='ltr'>bonum:</span> <span class='ocrx_word' id='word_1_248' title='bbox 333 1468 461 1510; x_wconf 82' lang='lat' dir='ltr'>moleste</span> <span class='ocrx_word' id='word_1_249' title='bbox 477 1480 602 1512; x_wconf 88' lang='lat' dir='ltr'>malum.</span> <span class='ocrx_word' id='word_1_250' title='bbox 645 1479 757 1512; x_wconf 75' lang='lat' dir='ltr'>Pno‘r.</span> <span class='ocrx_word' id='word_1_251' title='bbox 779 1479 814 1511; x_wconf 88' lang='lat' dir='ltr'>Si</span> <span class='ocrx_word' id='word_1_252' title='bbox 830 1480 923 1510; x_wconf 89' lang='lat' dir='ltr'>modo</span> <span class='ocrx_word' id='word_1_253' title='bbox 948 1479 1086 1510; x_wconf 81' lang='lat' dir='ltr'>honestis</span> <span class='ocrx_word' id='word_1_254' title='bbox 1109 1478 1203 1510; x_wconf 84' lang='lat' dir='ltr'>suerit</span> <span class='ocrx_word' id='word_1_255' title='bbox 1220 1479 1405 1511; x_wconf 86' lang='lat' dir='ltr'>delectatus.</span> <span class='ocrx_word' id='word_1_256' title='bbox 1451 1481 1506 1512; x_wconf 86' lang='lat' dir='ltr'>So.</span> <span class='ocrx_word' id='word_1_257' title='bbox 1529 1480 1633 1513; x_wconf 91' lang='lat' dir='ltr'>Num-</span> 
     </span>
     <span class='ocr_line' id='line_1_24' title="bbox 171 1533 1636 1577; baseline 0.002 -12"><span class='ocrx_word' id='word_1_258' title='bbox 171 1533 247 1576; x_wconf 88' lang='lat' dir='ltr'>quid</span> <span class='ocrx_word' id='word_1_259' title='bbox 262 1534 344 1576; x_wconf 87' lang='lat' dir='ltr'>ipse,</span> <span class='ocrx_word' id='word_1_260' title='bbox 359 1533 540 1577; x_wconf 79' lang='lat' dir='ltr'>Protagora,</span> <span class='ocrx_word' id='word_1_261' title='bbox 551 1534 814 1576; x_wconf 80' lang='lat' dir='ltr'>quemadmodum</span> <span class='ocrx_word' id='word_1_262' title='bbox 830 1534 883 1565; x_wconf 89' lang='lat' dir='ltr'>alii</span> <span class='ocrx_word' id='word_1_263' title='bbox 899 1534 1002 1575; x_wconf 84' lang='lat' dir='ltr'>multi,</span> <span class='ocrx_word' id='word_1_264' title='bbox 1014 1533 1156 1575; x_wconf 87' lang='lat' dir='ltr'>jucunda</span> <span class='ocrx_word' id='word_1_265' title='bbox 1169 1534 1312 1575; x_wconf 76' lang='lat' dir='ltr'>quaedam</span> <span class='ocrx_word' id='word_1_266' title='bbox 1327 1534 1406 1565; x_wconf 84' lang='lat' dir='ltr'>mala</span> <span class='ocrx_word' id='word_1_267' title='bbox 1418 1545 1522 1571; x_wconf 77' lang='lat' dir='ltr'>vocas,</span> <span class='ocrx_word' id='word_1_268' title='bbox 1537 1537 1636 1568; x_wconf 88' lang='lat' dir='ltr'>tristia</span> 
     </span>
     <span class='ocr_line' id='line_1_25' title="bbox 174 1587 1632 1630; baseline 0.002 -11"><span class='ocrx_word' id='word_1_269' title='bbox 174 1589 254 1620; x_wconf 87' lang='lat' dir='ltr'>bona</span> <span class='ocrx_word' id='word_1_270' title='bbox 268 1589 278 1620; x_wconf 89' lang='lat'>?</span> <span class='ocrx_word' id='word_1_271' title='bbox 324 1589 376 1620; x_wconf 85' lang='lat' dir='ltr'>Sic</span> <span class='ocrx_word' id='word_1_272' title='bbox 391 1595 493 1620; x_wconf 83' lang='lat' dir='ltr'>autern</span> <span class='ocrx_word' id='word_1_273' title='bbox 510 1591 678 1630; x_wconf 81' lang='lat' dir='ltr'>interrogo.</span> <span class='ocrx_word' id='word_1_274' title='bbox 723 1589 835 1620; x_wconf 86' lang='lat' dir='ltr'>Utrum</span> <span class='ocrx_word' id='word_1_275' title='bbox 858 1589 892 1619; x_wconf 88' lang='lat' dir='ltr'>in</span> <span class='ocrx_word' id='word_1_276' title='bbox 918 1594 1070 1630; x_wconf 82' lang='lat' dir='ltr'>quantum</span> <span class='ocrx_word' id='word_1_277' title='bbox 1092 1587 1236 1630; x_wconf 88' lang='lat' dir='ltr'>jucunda</span> <span class='ocrx_word' id='word_1_278' title='bbox 1263 1593 1347 1625; x_wconf 84' lang='lat' dir='ltr'>sunt,</span> <span class='ocrx_word' id='word_1_279' title='bbox 1374 1588 1406 1619; x_wconf 89' lang='lat' dir='ltr'>in</span> <span class='ocrx_word' id='word_1_280' title='bbox 1425 1594 1545 1620; x_wconf 86' lang='lat' dir='ltr'>tantum</span> <span class='ocrx_word' id='word_1_281' title='bbox 1568 1601 1632 1622; x_wconf 92' lang='lat' dir='ltr'>non</span> 
     </span>
     <span class='ocr_line' id='line_1_26' title="bbox 172 1642 1634 1685; baseline 0 -10"><span class='ocrx_word' id='word_1_282' title='bbox 172 1643 267 1680; x_wconf 88' lang='lat' dir='ltr'>bona,</span> <span class='ocrx_word' id='word_1_283' title='bbox 282 1654 345 1674; x_wconf 90' lang='lat' dir='ltr'>non</span> <span class='ocrx_word' id='word_1_284' title='bbox 363 1643 387 1674; x_wconf 90' lang='lat' dir='ltr'>si</span> <span class='ocrx_word' id='word_1_285' title='bbox 403 1643 477 1685; x_wconf 88' lang='lat' dir='ltr'>quid</span> <span class='ocrx_word' id='word_1_286' title='bbox 493 1644 532 1674; x_wconf 91' lang='lat' dir='ltr'>ab</span> <span class='ocrx_word' id='word_1_287' title='bbox 547 1643 608 1675; x_wconf 89' lang='lat' dir='ltr'>illis</span> <span class='ocrx_word' id='word_1_288' title='bbox 625 1645 766 1685; x_wconf 86' lang='lat' dir='ltr'>provenit</span> <span class='ocrx_word' id='word_1_289' title='bbox 781 1643 867 1674; x_wconf 87' lang='lat' dir='ltr'>aliud</span> <span class='ocrx_word' id='word_1_290' title='bbox 885 1655 892 1674; x_wconf 74' lang='grc' dir='ltr'><strong><em>τ</em></strong></span> <span class='ocrx_word' id='word_1_291' title='bbox 917 1653 1083 1684; x_wconf 78' lang='lat' dir='ltr'>rursusque</span> <span class='ocrx_word' id='word_1_292' title='bbox 1106 1649 1207 1673; x_wconf 88' lang='lat' dir='ltr'>utrum</span> <span class='ocrx_word' id='word_1_293' title='bbox 1231 1642 1371 1673; x_wconf 85' lang='lat' dir='ltr'>similiter</span> <span class='ocrx_word' id='word_1_294' title='bbox 1393 1643 1490 1674; x_wconf 85' lang='lat' dir='ltr'>tristia</span> <span class='ocrx_word' id='word_1_295' title='bbox 1513 1655 1575 1675; x_wconf 92' lang='lat' dir='ltr'>non</span> <span class='ocrx_word' id='word_1_296' title='bbox 1595 1655 1634 1676; x_wconf 87' lang='lat' dir='ltr'>ex</span> 
     </span>
     <span class='ocr_line' id='line_1_27' title="bbox 172 1696 1638 1741; baseline 0 -11"><span class='ocrx_word' id='word_1_297' title='bbox 172 1709 211 1730; x_wconf 87' lang='lat' dir='ltr'>eo</span> <span class='ocrx_word' id='word_1_298' title='bbox 228 1698 311 1740; x_wconf 85' lang='lat' dir='ltr'>quod</span> <span class='ocrx_word' id='word_1_299' title='bbox 329 1698 426 1729; x_wconf 88' lang='lat' dir='ltr'>tristia</span> <span class='ocrx_word' id='word_1_300' title='bbox 441 1697 546 1728; x_wconf 86' lang='lat' dir='ltr'>mala?</span> <span class='ocrx_word' id='word_1_301' title='bbox 592 1698 702 1729; x_wconf 76' lang='lat' dir='ltr'>Pnor.</span> <span class='ocrx_word' id='word_1_302' title='bbox 725 1698 852 1739; x_wconf 82' lang='lat' dir='ltr'>Ignoro,</span> <span class='ocrx_word' id='word_1_303' title='bbox 869 1698 1023 1738; x_wconf 82' lang='lat' dir='ltr'>Socrates,</span> <span class='ocrx_word' id='word_1_304' title='bbox 1033 1702 1132 1728; x_wconf 79' lang='lat' dir='ltr'>utrum</span> <span class='ocrx_word' id='word_1_305' title='bbox 1146 1697 1190 1727; x_wconf 89' lang='lat' dir='ltr'>ita</span> <span class='ocrx_word' id='word_1_306' title='bbox 1201 1696 1396 1738; x_wconf 80' lang='lat' dir='ltr'>simpliciter,</span> <span class='ocrx_word' id='word_1_307' title='bbox 1412 1702 1444 1728; x_wconf 92' lang='lat' dir='ltr'>ut</span> <span class='ocrx_word' id='word_1_308' title='bbox 1454 1697 1638 1741; x_wconf 83' lang='lat' dir='ltr'>interrogas,</span> 
     </span>
     <span class='ocr_line' id='line_1_28' title="bbox 173 1750 1635 1794; baseline 0 -10"><span class='ocrx_word' id='word_1_309' title='bbox 173 1753 361 1794; x_wconf 74' lang='lat' dir='ltr'>respondere</span> <span class='ocrx_word' id='word_1_310' title='bbox 375 1762 425 1783; x_wconf 89' lang='lat' dir='ltr'>me</span> <span class='ocrx_word' id='word_1_311' title='bbox 440 1753 564 1787; x_wconf 86' lang='lat' dir='ltr'>deceat,</span> <span class='ocrx_word' id='word_1_312' title='bbox 571 1751 715 1793; x_wconf 86' lang='lat' dir='ltr'>jucunda</span> <span class='ocrx_word' id='word_1_313' title='bbox 725 1752 829 1783; x_wconf 88' lang='lat' dir='ltr'>onmia</span> <span class='ocrx_word' id='word_1_314' title='bbox 847 1753 928 1782; x_wconf 91' lang='lat' dir='ltr'>bona</span> <span class='ocrx_word' id='word_1_315' title='bbox 944 1762 1023 1788; x_wconf 84' lang='lat' dir='ltr'>esse,</span> <span class='ocrx_word' id='word_1_316' title='bbox 1038 1751 1138 1782; x_wconf 85' lang='lat' dir='ltr'>tristia</span> <span class='ocrx_word' id='word_1_317' title='bbox 1153 1750 1245 1783; x_wconf 81' lang='lat' dir='ltr'>mala.</span> <span class='ocrx_word' id='word_1_318' title='bbox 1289 1751 1351 1782; x_wconf 93' lang='lat' dir='ltr'>Sed</span> <span class='ocrx_word' id='word_1_319' title='bbox 1368 1751 1465 1783; x_wconf 81' lang='lat' dir='ltr'>tutius</span> <span class='ocrx_word' id='word_1_320' title='bbox 1480 1752 1553 1783; x_wconf 89' lang='lat' dir='ltr'>mihi</span> <span class='ocrx_word' id='word_1_321' title='bbox 1568 1753 1635 1785; x_wconf 84' lang='lat' dir='ltr'>fore</span> 
     </span>
     <span class='ocr_line' id='line_1_29' title="bbox 175 1805 1634 1848; baseline 0.002 -12"><span class='ocrx_word' id='word_1_322' title='bbox 175 1806 297 1838; x_wconf 84' lang='lat' dir='ltr'>videtur</span> <span class='ocrx_word' id='word_1_323' title='bbox 311 1817 374 1837; x_wconf 93' lang='lat' dir='ltr'>non</span> <span class='ocrx_word' id='word_1_324' title='bbox 388 1806 487 1837; x_wconf 87' lang='lat' dir='ltr'>solum</span> <span class='ocrx_word' id='word_1_325' title='bbox 514 1807 554 1837; x_wconf 87' lang='lat' dir='ltr'>ad</span> <span class='ocrx_word' id='word_1_326' title='bbox 576 1811 758 1848; x_wconf 86' lang='lat' dir='ltr'>praesentem</span> <span class='ocrx_word' id='word_1_327' title='bbox 781 1806 999 1848; x_wconf 85' lang='lat' dir='ltr'>quaestionem,</span> <span class='ocrx_word' id='word_1_328' title='bbox 1023 1816 1127 1838; x_wconf 88' lang='lat' dir='ltr'>vemm</span> <span class='ocrx_word' id='word_1_329' title='bbox 1149 1805 1244 1837; x_wconf 88' lang='lat' dir='ltr'>etiam</span> <span class='ocrx_word' id='word_1_330' title='bbox 1268 1806 1309 1836; x_wconf 83' lang='lat' dir='ltr'>ad</span> <span class='ocrx_word' id='word_1_331' title='bbox 1330 1816 1454 1838; x_wconf 89' lang='lat' dir='ltr'>onmem</span> <span class='ocrx_word' id='word_1_332' title='bbox 1470 1807 1541 1838; x_wconf 83' lang='lat' dir='ltr'>vitae</span> <span class='ocrx_word' id='word_1_333' title='bbox 1557 1818 1634 1839; x_wconf 62' lang='lat' dir='ltr'>mese</span> 
     </span>
     <span class='ocr_line' id='line_1_30' title="bbox 173 1860 1633 1903; baseline 0.002 -12"><span class='ocrx_word' id='word_1_334' title='bbox 173 1860 336 1897; x_wconf 82' lang='lat' dir='ltr'>rationem,</span> <span class='ocrx_word' id='word_1_335' title='bbox 351 1865 387 1891; x_wconf 91' lang='lat' dir='ltr'>ut</span> <span class='ocrx_word' id='word_1_336' title='bbox 401 1861 617 1902; x_wconf 79' lang='lat' dir='ltr'>respondeam,</span> <span class='ocrx_word' id='word_1_337' title='bbox 642 1872 709 1893; x_wconf 88' lang='lat' dir='ltr'>esse</span> <span class='ocrx_word' id='word_1_338' title='bbox 720 1861 864 1903; x_wconf 82' lang='lat' dir='ltr'>jucunda</span> <span class='ocrx_word' id='word_1_339' title='bbox 879 1861 1022 1903; x_wconf 86' lang='lat' dir='ltr'>quaedam</span> <span class='ocrx_word' id='word_1_340' title='bbox 1038 1871 1102 1892; x_wconf 92' lang='lat' dir='ltr'>non</span> <span class='ocrx_word' id='word_1_341' title='bbox 1118 1861 1213 1896; x_wconf 90' lang='lat' dir='ltr'>bona,</span> <span class='ocrx_word' id='word_1_342' title='bbox 1239 1865 1271 1891; x_wconf 93' lang='lat' dir='ltr'>et</span> <span class='ocrx_word' id='word_1_343' title='bbox 1287 1861 1387 1892; x_wconf 86' lang='lat' dir='ltr'>tristia</span> <span class='ocrx_word' id='word_1_344' title='bbox 1402 1863 1544 1902; x_wconf 88' lang='lat' dir='ltr'>quaedam</span> <span class='ocrx_word' id='word_1_345' title='bbox 1569 1873 1633 1894; x_wconf 89' lang='lat' dir='ltr'>non</span> 
     </span>
     <span class='ocr_line' id='line_1_31' title="bbox 174 1911 1635 1958; baseline 0.001 -12"><span class='ocrx_word' id='word_1_346' title='bbox 174 1914 256 1946; x_wconf 83' lang='lat' dir='ltr'>mala</span> <span class='ocrx_word' id='word_1_347' title='bbox 269 1926 277 1946; x_wconf 89' lang='lat'>:</span> <span class='ocrx_word' id='word_1_348' title='bbox 301 1925 368 1946; x_wconf 84' lang='lat' dir='ltr'>esse</span> <span class='ocrx_word' id='word_1_349' title='bbox 383 1925 484 1946; x_wconf 83' lang='lat' dir='ltr'>rursus</span> <span class='ocrx_word' id='word_1_350' title='bbox 499 1920 531 1946; x_wconf 91' lang='lat' dir='ltr'>et</span> <span class='ocrx_word' id='word_1_351' title='bbox 547 1921 670 1958; x_wconf 87' lang='lat' dir='ltr'>neutra,</span> <span class='ocrx_word' id='word_1_352' title='bbox 685 1927 756 1958; x_wconf 82' lang='lat' dir='ltr'>quae</span> <span class='ocrx_word' id='word_1_353' title='bbox 765 1926 867 1957; x_wconf 88' lang='lat' dir='ltr'>neque</span> <span class='ocrx_word' id='word_1_354' title='bbox 877 1916 961 1946; x_wconf 86' lang='lat' dir='ltr'>bona</span> <span class='ocrx_word' id='word_1_355' title='bbox 973 1915 1047 1952; x_wconf 86' lang='lat' dir='ltr'>sint,</span> <span class='ocrx_word' id='word_1_356' title='bbox 1058 1926 1161 1957; x_wconf 89' lang='lat' dir='ltr'>neque</span> <span class='ocrx_word' id='word_1_357' title='bbox 1174 1914 1268 1947; x_wconf 85' lang='lat' dir='ltr'>mala.</span> <span class='ocrx_word' id='word_1_358' title='bbox 1314 1915 1370 1946; x_wconf 88' lang='lat' dir='ltr'>So.</span> <span class='ocrx_word' id='word_1_359' title='bbox 1388 1911 1478 1946; x_wconf 86' lang='lat' dir='ltr'>Num</span> <span class='ocrx_word' id='word_1_360' title='bbox 1490 1916 1635 1958; x_wconf 84' lang='lat' dir='ltr'>jucunda</span> 
     </span>
     <span class='ocr_line' id='line_1_32' title="bbox 174 1964 1637 2012; baseline 0.003 -12"><span class='ocrx_word' id='word_1_361' title='bbox 174 1979 268 2000; x_wconf 83' lang='lat' dir='ltr'>vocas</span> <span class='ocrx_word' id='word_1_362' title='bbox 292 1979 342 2011; x_wconf 88' lang='lat' dir='ltr'>ea,</span> <span class='ocrx_word' id='word_1_363' title='bbox 369 1978 439 2011; x_wconf 91' lang='lat' dir='ltr'>quae</span> <span class='ocrx_word' id='word_1_364' title='bbox 461 1964 509 2000; x_wconf 83' lang='lat' dir='ltr'>vel</span> <span class='ocrx_word' id='word_1_365' title='bbox 536 1969 706 2012; x_wconf 88' lang='lat' dir='ltr'>voluptatis</span> <span class='ocrx_word' id='word_1_366' title='bbox 731 1970 896 2012; x_wconf 88' lang='lat' dir='ltr'>participia</span> <span class='ocrx_word' id='word_1_367' title='bbox 921 1975 1007 2011; x_wconf 87' lang='lat' dir='ltr'>sunt,</span> <span class='ocrx_word' id='word_1_368' title='bbox 1032 1970 1082 2000; x_wconf 88' lang='lat' dir='ltr'>vel</span> <span class='ocrx_word' id='word_1_369' title='bbox 1109 1969 1249 2001; x_wconf 88' lang='lat' dir='ltr'>efficiunt</span> <span class='ocrx_word' id='word_1_370' title='bbox 1262 1970 1479 2011; x_wconf 88' lang='lat' dir='ltr'>voluptatem?</span> <span class='ocrx_word' id='word_1_371' title='bbox 1525 1971 1637 2005; x_wconf 73' lang='lat' dir='ltr'>Pnor.</span> 
     </span>
     <span class='ocr_line' id='line_1_33' title="bbox 177 2022 1634 2066; baseline 0.002 -12"><span class='ocrx_word' id='word_1_372' title='bbox 177 2022 317 2054; x_wconf 81' lang='lat' dir='ltr'>Prorsus.</span> <span class='ocrx_word' id='word_1_373' title='bbox 362 2023 420 2056; x_wconf 91' lang='lat' dir='ltr'>So.</span> <span class='ocrx_word' id='word_1_374' title='bbox 444 2023 558 2061; x_wconf 81' lang='lat' dir='ltr'>Quaero</span> <span class='ocrx_word' id='word_1_375' title='bbox 574 2024 668 2065; x_wconf 80' lang='lat' dir='ltr'>igitur</span> <span class='ocrx_word' id='word_1_376' title='bbox 682 2025 754 2062; x_wconf 90' lang='lat' dir='ltr'>hoc,</span> <span class='ocrx_word' id='word_1_377' title='bbox 774 2029 876 2055; x_wconf 88' lang='lat' dir='ltr'>utrum</span> <span class='ocrx_word' id='word_1_378' title='bbox 890 2035 926 2055; x_wconf 86' lang='lat' dir='ltr'>ex</span> <span class='ocrx_word' id='word_1_379' title='bbox 944 2035 982 2055; x_wconf 91' lang='lat' dir='ltr'>eo</span> <span class='ocrx_word' id='word_1_380' title='bbox 997 2024 1081 2066; x_wconf 91' lang='lat' dir='ltr'>quod</span> <span class='ocrx_word' id='word_1_381' title='bbox 1096 2023 1241 2065; x_wconf 85' lang='lat' dir='ltr'>jucunda</span> <span class='ocrx_word' id='word_1_382' title='bbox 1255 2029 1340 2066; x_wconf 80' lang='lat' dir='ltr'>sunt,</span> <span class='ocrx_word' id='word_1_383' title='bbox 1365 2035 1429 2055; x_wconf 89' lang='lat' dir='ltr'>non</span> <span class='ocrx_word' id='word_1_384' title='bbox 1444 2025 1528 2056; x_wconf 86' lang='lat' dir='ltr'>bona</span> <span class='ocrx_word' id='word_1_385' title='bbox 1550 2026 1634 2057; x_wconf 86' lang='lat' dir='ltr'>sint:</span> 
     </span>
     <span class='ocr_line' id='line_1_34' title="bbox 173 2077 1634 2120; baseline 0.001 -11"><span class='ocrx_word' id='word_1_386' title='bbox 173 2082 277 2109; x_wconf 85' lang='lat' dir='ltr'>utrum</span> <span class='ocrx_word' id='word_1_387' title='bbox 301 2077 449 2109; x_wconf 87' lang='lat' dir='ltr'>videlicet</span> <span class='ocrx_word' id='word_1_388' title='bbox 473 2078 543 2120; x_wconf 87' lang='lat' dir='ltr'>ipsa</span> <span class='ocrx_word' id='word_1_389' title='bbox 566 2078 710 2120; x_wconf 87' lang='lat' dir='ltr'>voluptas</span> <span class='ocrx_word' id='word_1_390' title='bbox 735 2079 776 2110; x_wconf 84' lang='lat' dir='ltr'>sit</span> <span class='ocrx_word' id='word_1_391' title='bbox 799 2089 863 2110; x_wconf 90' lang='lat' dir='ltr'>non</span> <span class='ocrx_word' id='word_1_392' title='bbox 888 2079 1017 2109; x_wconf 87' lang='lat' dir='ltr'>bonurn.</span> <span class='ocrx_word' id='word_1_393' title='bbox 1061 2077 1170 2110; x_wconf 71' lang='lat' dir='ltr'>Pnor.</span> <span class='ocrx_word' id='word_1_394' title='bbox 1194 2077 1238 2109; x_wconf 88' lang='lat' dir='ltr'>Ut</span> <span class='ocrx_word' id='word_1_395' title='bbox 1263 2077 1330 2119; x_wconf 90' lang='lat' dir='ltr'>ipse</span> <span class='ocrx_word' id='word_1_396' title='bbox 1358 2078 1473 2120; x_wconf 89' lang='lat' dir='ltr'>ubique</span> <span class='ocrx_word' id='word_1_397' title='bbox 1500 2080 1591 2120; x_wconf 88' lang='lat' dir='ltr'>dicis,</span> <span class='ocrx_word' id='word_1_398' title='bbox 1614 2091 1634 2111; x_wconf 93' lang='lat' dir='ltr'>o</span> 
     </span>
     <span class='ocr_line' id='line_1_35' title="bbox 175 2132 1633 2175; baseline 0 -11"><span class='ocrx_word' id='word_1_399' title='bbox 175 2132 329 2174; x_wconf 78' lang='lat' dir='ltr'>Socrates,</span> <span class='ocrx_word' id='word_1_400' title='bbox 342 2132 425 2164; x_wconf 87' lang='lat' dir='ltr'>istud</span> <span class='ocrx_word' id='word_1_401' title='bbox 442 2133 696 2166; x_wconf 86' lang='lat' dir='ltr'>consideremus:</span> <span class='ocrx_word' id='word_1_402' title='bbox 721 2138 753 2165; x_wconf 86' lang='lat' dir='ltr'>et</span> <span class='ocrx_word' id='word_1_403' title='bbox 767 2133 793 2164; x_wconf 88' lang='lat' dir='ltr'>si</span> <span class='ocrx_word' id='word_1_404' title='bbox 809 2134 849 2165; x_wconf 89' lang='lat' dir='ltr'>ad</span> <span class='ocrx_word' id='word_1_405' title='bbox 875 2143 938 2164; x_wconf 86' lang='lat' dir='ltr'>rem</span> <span class='ocrx_word' id='word_1_406' title='bbox 959 2132 1136 2164; x_wconf 86' lang='lat' dir='ltr'>conducere</span> <span class='ocrx_word' id='word_1_407' title='bbox 1154 2133 1221 2163; x_wconf 87' lang='lat' dir='ltr'>haec</span> <span class='ocrx_word' id='word_1_408' title='bbox 1243 2132 1451 2164; x_wconf 86' lang='lat' dir='ltr'>consideratio</span> <span class='ocrx_word' id='word_1_409' title='bbox 1477 2133 1633 2175; x_wconf 82' lang='lat' dir='ltr'>videatur,</span> 
     </span>
     <span class='ocr_line' id='line_1_36' title="bbox 174 2185 1634 2230; baseline 0.001 -13"><span class='ocrx_word' id='word_1_410' title='bbox 174 2185 321 2228; x_wconf 88' lang='lat' dir='ltr'>idemque</span> <span class='ocrx_word' id='word_1_411' title='bbox 331 2185 509 2228; x_wconf 89' lang='lat' dir='ltr'>jucundum</span> <span class='ocrx_word' id='word_1_412' title='bbox 523 2187 703 2230; x_wconf 88' lang='lat' dir='ltr'>bonumque</span> <span class='ocrx_word' id='word_1_413' title='bbox 717 2193 880 2230; x_wconf 87' lang='lat' dir='ltr'>appareat,</span> <span class='ocrx_word' id='word_1_414' title='bbox 902 2187 1127 2219; x_wconf 90' lang='lat' dir='ltr'>concedemus:</span> <span class='ocrx_word' id='word_1_415' title='bbox 1151 2186 1199 2217; x_wconf 81' lang='lat' dir='ltr'>sin</span> <span class='ocrx_word' id='word_1_416' title='bbox 1225 2186 1339 2224; x_wconf 82' lang='lat' dir='ltr'>minus,</span> <span class='ocrx_word' id='word_1_417' title='bbox 1366 2191 1440 2218; x_wconf 91' lang='lat' dir='ltr'>tunc</span> <span class='ocrx_word' id='word_1_418' title='bbox 1457 2187 1525 2229; x_wconf 84' lang='lat' dir='ltr'>jam</span> <span class='ocrx_word' id='word_1_419' title='bbox 1541 2188 1634 2218; x_wconf 91' lang='lat' dir='ltr'>dubi-</span> 
     </span>
     <span class='ocr_line' id='line_1_37' title="bbox 174 2240 1635 2284; baseline 0.001 -13"><span class='ocrx_word' id='word_1_420' title='bbox 174 2245 278 2271; x_wconf 79' lang='lat' dir='ltr'>tantes</span> <span class='ocrx_word' id='word_1_421' title='bbox 291 2240 486 2282; x_wconf 87' lang='lat' dir='ltr'>objiciemus.</span> <span class='ocrx_word' id='word_1_422' title='bbox 502 2263 505 2271; x_wconf 62' lang='lat'><em>1</em></span> <span class='ocrx_word' id='word_1_423' title='bbox 531 2242 586 2274; x_wconf 90' lang='lat' dir='ltr'>So.</span> <span class='ocrx_word' id='word_1_424' title='bbox 611 2241 724 2273; x_wconf 89' lang='lat' dir='ltr'>Utrum</span> <span class='ocrx_word' id='word_1_425' title='bbox 735 2242 830 2284; x_wconf 89' lang='lat' dir='ltr'>igitur</span> <span class='ocrx_word' id='word_1_426' title='bbox 842 2242 910 2283; x_wconf 88' lang='lat' dir='ltr'>ipse</span> <span class='ocrx_word' id='word_1_427' title='bbox 925 2240 1147 2283; x_wconf 85' lang='lat' dir='ltr'>disputationis</span> <span class='ocrx_word' id='word_1_428' title='bbox 1158 2240 1222 2271; x_wconf 79' lang='lat' dir='ltr'>dux</span> <span class='ocrx_word' id='word_1_429' title='bbox 1236 2250 1304 2272; x_wconf 87' lang='lat' dir='ltr'>esse</span> <span class='ocrx_word' id='word_1_430' title='bbox 1315 2240 1360 2271; x_wconf 88' lang='lat' dir='ltr'>vis</span> <span class='ocrx_word' id='word_1_431' title='bbox 1373 2240 1384 2270; x_wconf 91' lang='lat'>?</span> <span class='ocrx_word' id='word_1_432' title='bbox 1407 2251 1447 2271; x_wconf 86' lang='lat' dir='ltr'>an</span> <span class='ocrx_word' id='word_1_433' title='bbox 1460 2251 1508 2271; x_wconf 86' lang='lat' dir='ltr'>me</span> <span class='ocrx_word' id='word_1_434' title='bbox 1521 2241 1635 2272; x_wconf 88' lang='lat' dir='ltr'>ducere</span> 
     </span>
     <span class='ocr_line' id='line_1_38' title="bbox 171 2293 1635 2338; baseline 0 -12"><span class='ocrx_word' id='word_1_435' title='bbox 171 2295 287 2338; x_wconf 86' lang='lat' dir='ltr'>jubes?</span> <span class='ocrx_word' id='word_1_436' title='bbox 331 2296 441 2328; x_wconf 72' lang='lat' dir='ltr'>Pnor.</span> <span class='ocrx_word' id='word_1_437' title='bbox 466 2296 607 2338; x_wconf 85' lang='lat' dir='ltr'>AEquum</span> <span class='ocrx_word' id='word_1_438' title='bbox 634 2301 688 2328; x_wconf 75' lang='lat' dir='ltr'>est</span> <span class='ocrx_word' id='word_1_439' title='bbox 704 2301 736 2328; x_wconf 89' lang='lat' dir='ltr'>te</span> <span class='ocrx_word' id='word_1_440' title='bbox 756 2307 823 2328; x_wconf 89' lang='lat' dir='ltr'>esse</span> <span class='ocrx_word' id='word_1_441' title='bbox 846 2297 970 2328; x_wconf 88' lang='lat' dir='ltr'>ducem.</span> <span class='ocrx_word' id='word_1_442' title='bbox 1002 2301 1036 2326; x_wconf 84' lang='lat' dir='ltr'>tu</span> <span class='ocrx_word' id='word_1_443' title='bbox 1052 2305 1187 2336; x_wconf 84' lang='lat' dir='ltr'>namque</span> <span class='ocrx_word' id='word_1_444' title='bbox 1201 2294 1334 2337; x_wconf 89' lang='lat' dir='ltr'>coepisti.</span> <span class='ocrx_word' id='word_1_445' title='bbox 1358 2293 1455 2336; x_wconf 82' lang='lat'>[352]</span> <span class='ocrx_word' id='word_1_446' title='bbox 1479 2295 1537 2327; x_wconf 77' lang='lat' dir='ltr'>So,</span> <span class='ocrx_word' id='word_1_447' title='bbox 1561 2295 1635 2327; x_wconf 90' lang='lat' dir='ltr'>Hoc</span> 
     </span>
     <span class='ocr_line' id='line_1_39' title="bbox 177 2348 1635 2393; baseline -0.001 -12"><span class='ocrx_word' id='word_1_448' title='bbox 177 2351 272 2386; x_wconf 63' lang='lat' dir='ltr'>modo,</span> <span class='ocrx_word' id='word_1_449' title='bbox 285 2350 413 2382; x_wconf 77' lang='lat' dir='ltr'>forsitan</span> <span class='ocrx_word' id='word_1_450' title='bbox 440 2352 524 2393; x_wconf 88' lang='lat' dir='ltr'>quod</span> <span class='ocrx_word' id='word_1_451' title='bbox 548 2351 726 2393; x_wconf 86' lang='lat' dir='ltr'>quaerimus,</span> <span class='ocrx_word' id='word_1_452' title='bbox 750 2351 902 2392; x_wconf 85' lang='lat' dir='ltr'>patefiet:</span> <span class='ocrx_word' id='word_1_453' title='bbox 929 2350 1194 2393; x_wconf 87' lang='lat' dir='ltr'>quemadmodum</span> <span class='ocrx_word' id='word_1_454' title='bbox 1210 2348 1236 2379; x_wconf 88' lang='lat' dir='ltr'>si</span> <span class='ocrx_word' id='word_1_455' title='bbox 1251 2349 1320 2391; x_wconf 91' lang='lat' dir='ltr'>quis</span> <span class='ocrx_word' id='word_1_456' title='bbox 1334 2349 1374 2379; x_wconf 85' lang='lat' dir='ltr'>ad</span> <span class='ocrx_word' id='word_1_457' title='bbox 1389 2349 1635 2390; x_wconf 87' lang='lat' dir='ltr'>dignoscendam</span> 
     </span>
     <span class='ocr_line' id='line_1_40' title="bbox 175 2402 1636 2447; baseline -0.001 -11"><span class='ocrx_word' id='word_1_458' title='bbox 175 2405 503 2443; x_wconf 81' lang='lat' dir='ltr'>hominissanitatem,</span> <span class='ocrx_word' id='word_1_459' title='bbox 522 2406 571 2437; x_wconf 89' lang='lat' dir='ltr'>vel</span> <span class='ocrx_word' id='word_1_460' title='bbox 588 2405 682 2436; x_wconf 86' lang='lat' dir='ltr'>aliurn</span> <span class='ocrx_word' id='word_1_461' title='bbox 698 2405 836 2447; x_wconf 83' lang='lat' dir='ltr'>corporis</span> <span class='ocrx_word' id='word_1_462' title='bbox 851 2405 991 2436; x_wconf 87' lang='lat' dir='ltr'>habitum</span> <span class='ocrx_word' id='word_1_463' title='bbox 1008 2408 1103 2446; x_wconf 85' lang='lat' dir='ltr'>atque</span> <span class='ocrx_word' id='word_1_464' title='bbox 1117 2414 1210 2445; x_wconf 84' lang='lat' dir='ltr'>opus,</span> <span class='ocrx_word' id='word_1_465' title='bbox 1225 2403 1344 2434; x_wconf 87' lang='lat' dir='ltr'>vultum</span> <span class='ocrx_word' id='word_1_466' title='bbox 1359 2402 1440 2444; x_wconf 82' lang='lat' dir='ltr'>ejus,</span> <span class='ocrx_word' id='word_1_467' title='bbox 1466 2407 1500 2433; x_wconf 90' lang='lat' dir='ltr'>et</span> <span class='ocrx_word' id='word_1_468' title='bbox 1525 2413 1636 2435; x_wconf 87' lang='lat' dir='ltr'>manus</span> 
     </span>
     <span class='ocr_line' id='line_1_41' title="bbox 177 2456 1635 2503; baseline -0.003 -11"><span class='ocrx_word' id='word_1_469' title='bbox 177 2466 326 2492; x_wconf 85' lang='lat' dir='ltr'>extremas</span> <span class='ocrx_word' id='word_1_470' title='bbox 341 2459 571 2502; x_wconf 86' lang='lat' dir='ltr'>contemplatus</span> <span class='ocrx_word' id='word_1_471' title='bbox 586 2460 728 2503; x_wconf 85' lang='lat' dir='ltr'>adjiciat,</span> <span class='ocrx_word' id='word_1_472' title='bbox 743 2459 814 2501; x_wconf 88' lang='lat' dir='ltr'>Age</span> <span class='ocrx_word' id='word_1_473' title='bbox 823 2459 903 2501; x_wconf 85' lang='lat' dir='ltr'>jam,</span> <span class='ocrx_word' id='word_1_474' title='bbox 927 2463 1037 2501; x_wconf 89' lang='lat' dir='ltr'>pectus</span> <span class='ocrx_word' id='word_1_475' title='bbox 1054 2457 1131 2489; x_wconf 90' lang='lat' dir='ltr'>mihi</span> <span class='ocrx_word' id='word_1_476' title='bbox 1146 2459 1335 2499; x_wconf 79' lang='lat' dir='ltr'>dorsumque</span> <span class='ocrx_word' id='word_1_477' title='bbox 1350 2458 1448 2494; x_wconf 84' lang='lat' dir='ltr'>nuda,</span> <span class='ocrx_word' id='word_1_478' title='bbox 1473 2461 1509 2487; x_wconf 91' lang='lat' dir='ltr'>ut</span> <span class='ocrx_word' id='word_1_479' title='bbox 1521 2456 1635 2488; x_wconf 83' lang='lat' dir='ltr'>clarius</span> 
     </span>
     <span class='ocr_line' id='line_1_42' title="bbox 177 2511 1633 2556; baseline -0.003 -10"><span class='ocrx_word' id='word_1_480' title='bbox 177 2515 353 2556; x_wconf 79' lang='lat' dir='ltr'>inspiciam.</span> <span class='ocrx_word' id='word_1_481' title='bbox 396 2515 448 2546; x_wconf 89' lang='lat' dir='ltr'>Ita</span> <span class='ocrx_word' id='word_1_482' title='bbox 462 2525 547 2546; x_wconf 89' lang='lat' dir='ltr'>nunc</span> <span class='ocrx_word' id='word_1_483' title='bbox 562 2525 621 2556; x_wconf 86' lang='lat' dir='ltr'>ego</span> <span class='ocrx_word' id='word_1_484' title='bbox 635 2514 721 2546; x_wconf 86' lang='lat' dir='ltr'>idem</span> <span class='ocrx_word' id='word_1_485' title='bbox 737 2515 777 2546; x_wconf 90' lang='lat' dir='ltr'>ad</span> <span class='ocrx_word' id='word_1_486' title='bbox 797 2514 954 2556; x_wconf 88' lang='lat' dir='ltr'>judicium</span> <span class='ocrx_word' id='word_1_487' title='bbox 976 2513 1006 2544; x_wconf 87' lang='lat' dir='ltr'>id</span> <span class='ocrx_word' id='word_1_488' title='bbox 1031 2512 1166 2555; x_wconf 86' lang='lat' dir='ltr'>requiro.</span> <span class='ocrx_word' id='word_1_489' title='bbox 1202 2522 1274 2543; x_wconf 87' lang='lat' dir='ltr'>nam</span> <span class='ocrx_word' id='word_1_490' title='bbox 1298 2522 1368 2543; x_wconf 86' lang='lat' dir='ltr'>curn</span> <span class='ocrx_word' id='word_1_491' title='bbox 1383 2511 1530 2542; x_wconf 87' lang='lat' dir='ltr'>affectum</span> <span class='ocrx_word' id='word_1_492' title='bbox 1546 2516 1633 2542; x_wconf 85' lang='lat' dir='ltr'>tuum</span> 
     </span>
     <span class='ocr_line' id='line_1_43' title="bbox 178 2565 1634 2611; baseline -0.004 -10"><span class='ocrx_word' id='word_1_493' title='bbox 178 2580 252 2611; x_wconf 86' lang='lat' dir='ltr'>erga</span> <span class='ocrx_word' id='word_1_494' title='bbox 265 2570 382 2600; x_wconf 90' lang='lat' dir='ltr'>bonum</span> <span class='ocrx_word' id='word_1_495' title='bbox 397 2574 430 2601; x_wconf 88' lang='lat' dir='ltr'>et</span> <span class='ocrx_word' id='word_1_496' title='bbox 443 2569 636 2611; x_wconf 83' lang='lat' dir='ltr'>voluptatem</span> <span class='ocrx_word' id='word_1_497' title='bbox 653 2580 691 2600; x_wconf 86' lang='lat' dir='ltr'>ex</span> <span class='ocrx_word' id='word_1_498' title='bbox 706 2569 767 2600; x_wconf 87' lang='lat' dir='ltr'>tuis</span> <span class='ocrx_word' id='word_1_499' title='bbox 782 2569 883 2600; x_wconf 84' lang='lat' dir='ltr'>verbis</span> <span class='ocrx_word' id='word_1_500' title='bbox 897 2568 1092 2610; x_wconf 79' lang='lat' dir='ltr'>agnoverim,</span> <span class='ocrx_word' id='word_1_501' title='bbox 1115 2566 1178 2598; x_wconf 84' lang='lat' dir='ltr'>tale</span> <span class='ocrx_word' id='word_1_502' title='bbox 1199 2566 1318 2607; x_wconf 86' lang='lat' dir='ltr'>aliquid</span> <span class='ocrx_word' id='word_1_503' title='bbox 1345 2565 1420 2596; x_wconf 88' lang='lat' dir='ltr'>mihi</span> <span class='ocrx_word' id='word_1_504' title='bbox 1442 2565 1571 2607; x_wconf 86' lang='lat' dir='ltr'>expedit</span> <span class='ocrx_word' id='word_1_505' title='bbox 1585 2565 1634 2596; x_wconf 91' lang='lat' dir='ltr'>di-</span> 
     </span>
     <span class='ocr_line' id='line_1_44' title="bbox 179 2619 1635 2665; baseline -0.005 -9"><span class='ocrx_word' id='word_1_506' title='bbox 179 2635 269 2656; x_wconf 85' lang='lat' dir='ltr'>cere:</span> <span class='ocrx_word' id='word_1_507' title='bbox 294 2623 364 2665; x_wconf 85' lang='lat' dir='ltr'>Age</span> <span class='ocrx_word' id='word_1_508' title='bbox 378 2623 561 2665; x_wconf 83' lang='lat' dir='ltr'>Protagora,</span> <span class='ocrx_word' id='word_1_509' title='bbox 586 2628 619 2655; x_wconf 85' lang='lat' dir='ltr'>et</span> <span class='ocrx_word' id='word_1_510' title='bbox 641 2623 682 2664; x_wconf 28' lang='lat' dir='ltr'>in*</span> <span class='ocrx_word' id='word_1_511' title='bbox 698 2623 758 2655; x_wconf 88' lang='lat' dir='ltr'>hoc</span> <span class='ocrx_word' id='word_1_512' title='bbox 785 2628 870 2654; x_wconf 89' lang='lat' dir='ltr'>tuam</span> <span class='ocrx_word' id='word_1_513' title='bbox 885 2627 1022 2654; x_wconf 86' lang='lat' dir='ltr'>mentem</span> <span class='ocrx_word' id='word_1_514' title='bbox 1037 2621 1171 2663; x_wconf 85' lang='lat' dir='ltr'>aperias,</span> <span class='ocrx_word' id='word_1_515' title='bbox 1199 2620 1276 2663; x_wconf 89' lang='lat' dir='ltr'>quid</span> <span class='ocrx_word' id='word_1_516' title='bbox 1301 2621 1341 2651; x_wconf 92' lang='lat' dir='ltr'>de</span> <span class='ocrx_word' id='word_1_517' title='bbox 1363 2619 1494 2651; x_wconf 80' lang='lat' dir='ltr'>scientia</span> <span class='ocrx_word' id='word_1_518' title='bbox 1515 2619 1635 2650; x_wconf 83' lang='lat' dir='ltr'>sentis?</span> 
     </span>
     <span class='ocr_line' id='line_1_45' title="bbox 178 2673 1636 2720; baseline -0.004 -11"><span class='ocrx_word' id='word_1_519' title='bbox 178 2677 330 2720; x_wconf 90' lang='lat' dir='ltr'>numquid</span> <span class='ocrx_word' id='word_1_520' title='bbox 346 2678 430 2709; x_wconf 88' lang='lat' dir='ltr'>idem</span> <span class='ocrx_word' id='word_1_521' title='bbox 444 2676 500 2708; x_wconf 85' lang='lat' dir='ltr'>tibi</span> <span class='ocrx_word' id='word_1_522' title='bbox 516 2678 600 2719; x_wconf 90' lang='lat' dir='ltr'>quod</span> <span class='ocrx_word' id='word_1_523' title='bbox 616 2677 699 2718; x_wconf 69' lang='lat' dir='ltr'>aliis,</span> <span class='ocrx_word' id='word_1_524' title='bbox 711 2688 751 2709; x_wconf 84' lang='lat' dir='ltr'>an</span> <span class='ocrx_word' id='word_1_525' title='bbox 762 2677 847 2708; x_wconf 88' lang='lat' dir='ltr'>aliud</span> <span class='ocrx_word' id='word_1_526' title='bbox 866 2676 994 2719; x_wconf 87' lang='lat' dir='ltr'>placet?</span> <span class='ocrx_word' id='word_1_527' title='bbox 1040 2675 1171 2707; x_wconf 88' lang='lat' dir='ltr'>Plurimi</span> <span class='ocrx_word' id='word_1_528' title='bbox 1186 2685 1261 2706; x_wconf 85' lang='lat' dir='ltr'>sane</span> <span class='ocrx_word' id='word_1_529' title='bbox 1273 2675 1334 2706; x_wconf 87' lang='lat' dir='ltr'>hoc</span> <span class='ocrx_word' id='word_1_530' title='bbox 1348 2675 1388 2705; x_wconf 92' lang='lat' dir='ltr'>de</span> <span class='ocrx_word' id='word_1_531' title='bbox 1404 2673 1534 2705; x_wconf 82' lang='lat' dir='ltr'>scientia</span> <span class='ocrx_word' id='word_1_532' title='bbox 1545 2673 1636 2714; x_wconf 88' lang='lat' dir='ltr'>judi·</span> 
     </span>
     <span class='ocr_line' id='line_1_46' title="bbox 178 2728 1634 2774; baseline -0.003 -11"><span class='ocrx_word' id='word_1_533' title='bbox 178 2737 264 2774; x_wconf 89' lang='lat' dir='ltr'>cant,</span> <span class='ocrx_word' id='word_1_534' title='bbox 279 2733 363 2774; x_wconf 92' lang='lat' dir='ltr'>quod</span> <span class='ocrx_word' id='word_1_535' title='bbox 380 2741 483 2772; x_wconf 83' lang='lat' dir='ltr'>neque</span> <span class='ocrx_word' id='word_1_536' title='bbox 495 2731 654 2763; x_wconf 84' lang='lat' dir='ltr'>robustum</span> <span class='ocrx_word' id='word_1_537' title='bbox 670 2731 788 2774; x_wconf 89' lang='lat' dir='ltr'>aliquid</span> <span class='ocrx_word' id='word_1_538' title='bbox 804 2732 857 2773; x_wconf 78' lang='lat' dir='ltr'>sit,</span> <span class='ocrx_word' id='word_1_539' title='bbox 871 2741 930 2762; x_wconf 85' lang='lat' dir='ltr'>nec</span> <span class='ocrx_word' id='word_1_540' title='bbox 945 2731 1054 2767; x_wconf 81' lang='lat' dir='ltr'>ducat,</span> <span class='ocrx_word' id='word_1_541' title='bbox 1081 2739 1184 2772; x_wconf 90' lang='lat' dir='ltr'>neque</span> <span class='ocrx_word' id='word_1_542' title='bbox 1207 2729 1302 2761; x_wconf 85' lang='lat' dir='ltr'>etiam</span> <span class='ocrx_word' id='word_1_543' title='bbox 1318 2728 1506 2760; x_wconf 88' lang='lat' dir='ltr'>dominetur.</span> <span class='ocrx_word' id='word_1_544' title='bbox 1523 2737 1634 2769; x_wconf 74' lang='lat' dir='ltr'>neque</span> 
     </span>
     <span class='ocr_line' id='line_1_47' title="bbox 179 2781 1635 2828; baseline -0.005 -10"><span class='ocrx_word' id='word_1_545' title='bbox 179 2786 263 2818; x_wconf 81' lang='lat' dir='ltr'>onim</span> <span class='ocrx_word' id='word_1_546' title='bbox 278 2787 318 2818; x_wconf 92' lang='lat' dir='ltr'>de</span> <span class='ocrx_word' id='word_1_547' title='bbox 333 2786 401 2827; x_wconf 80' lang='lat' dir='ltr'>ipsa</span> <span class='ocrx_word' id='word_1_548' title='bbox 412 2790 447 2816; x_wconf 87' lang='lat' dir='ltr'>ut</span> <span class='ocrx_word' id='word_1_549' title='bbox 461 2786 502 2816; x_wconf 91' lang='lat' dir='ltr'>de</span> <span class='ocrx_word' id='word_1_550' title='bbox 516 2785 598 2816; x_wconf 91' lang='lat' dir='ltr'>duce</span> <span class='ocrx_word' id='word_1_551' title='bbox 612 2790 644 2816; x_wconf 86' lang='lat' dir='ltr'>et</span> <span class='ocrx_word' id='word_1_552' title='bbox 658 2786 803 2828; x_wconf 89' lang='lat' dir='ltr'>principe</span> <span class='ocrx_word' id='word_1_553' title='bbox 818 2784 959 2826; x_wconf 86' lang='lat' dir='ltr'>cogitant</span> <span class='ocrx_word' id='word_1_554' title='bbox 972 2796 979 2815; x_wconf 93' lang='lat'><strong>:</strong></span> <span class='ocrx_word' id='word_1_555' title='bbox 993 2785 1096 2815; x_wconf 39' lang='lat' dir='ltr'>&lt;immo</span> <span class='ocrx_word' id='word_1_556' title='bbox 1107 2794 1191 2825; x_wconf 85' lang='lat' dir='ltr'>saepe</span> <span class='ocrx_word' id='word_1_557' title='bbox 1199 2782 1317 2814; x_wconf 87' lang='lat' dir='ltr'>homini</span> <span class='ocrx_word' id='word_1_558' title='bbox 1329 2781 1482 2824; x_wconf 66' lang='lat' dir='ltr'>praesente</span> <span class='ocrx_word' id='word_1_559' title='bbox 1490 2781 1635 2818; x_wconf 84' lang='lat' dir='ltr'>scientia,</span> 
     </span>
     <span class='ocr_line' id='line_1_48' title="bbox 178 2833 1635 2881; baseline -0.005 -10"><span class='ocrx_word' id='word_1_560' title='bbox 178 2851 242 2871; x_wconf 92' lang='lat' dir='ltr'>non</span> <span class='ocrx_word' id='word_1_561' title='bbox 257 2840 357 2881; x_wconf 80' lang='lat' dir='ltr'>ipsam</span> <span class='ocrx_word' id='word_1_562' title='bbox 373 2839 525 2870; x_wconf 85' lang='lat' dir='ltr'>dominari</span> <span class='ocrx_word' id='word_1_563' title='bbox 535 2839 724 2876; x_wconf 82' lang='lat' dir='ltr'>existimant,</span> <span class='ocrx_word' id='word_1_564' title='bbox 739 2840 791 2870; x_wconf 89' lang='lat' dir='ltr'>sed</span> <span class='ocrx_word' id='word_1_565' title='bbox 809 2839 893 2870; x_wconf 87' lang='lat' dir='ltr'>alind</span> <span class='ocrx_word' id='word_1_566' title='bbox 910 2838 1042 2880; x_wconf 86' lang='lat' dir='ltr'>aliquid,</span> <span class='ocrx_word' id='word_1_567' title='bbox 1058 2842 1123 2868; x_wconf 88' lang='lat' dir='ltr'>tum</span> <span class='ocrx_word' id='word_1_568' title='bbox 1138 2837 1229 2875; x_wconf 83' lang='lat' dir='ltr'>iram,</span> <span class='ocrx_word' id='word_1_569' title='bbox 1252 2841 1319 2867; x_wconf 90' lang='lat' dir='ltr'>tum</span> <span class='ocrx_word' id='word_1_570' title='bbox 1331 2836 1535 2877; x_wconf 86' lang='lat' dir='ltr'>voluptatem,</span> <span class='ocrx_word' id='word_1_571' title='bbox 1558 2833 1635 2864; x_wconf 77' lang='lat' dir='ltr'>alias</span> 
     </span>
     <span class='ocr_line' id='line_1_49' title="bbox 178 2887 1634 2934; baseline -0.005 -10"><span class='ocrx_word' id='word_1_572' title='bbox 178 2894 329 2930; x_wconf 85' lang='lat' dir='ltr'>dolorem,</span> <span class='ocrx_word' id='word_1_573' title='bbox 344 2893 419 2924; x_wconf 86' lang='lat' dir='ltr'>alias</span> <span class='ocrx_word' id='word_1_574' title='bbox 434 2898 467 2924; x_wconf 82' lang='lat' dir='ltr'>et</span> <span class='ocrx_word' id='word_1_575' title='bbox 489 2903 635 2930; x_wconf 87' lang='lat' dir='ltr'>amorem,</span> <span class='ocrx_word' id='word_1_576' title='bbox 661 2897 694 2923; x_wconf 87' lang='lat' dir='ltr'>et</span> <span class='ocrx_word' id='word_1_577' title='bbox 719 2903 804 2934; x_wconf 81' lang='lat' dir='ltr'>saepe</span> <span class='ocrx_word' id='word_1_578' title='bbox 819 2892 1025 2923; x_wconf 80' lang='lat' dir='ltr'>formidinem.</span> <span class='ocrx_word' id='word_1_579' title='bbox 1070 2890 1177 2933; x_wconf 90' lang='lat' dir='ltr'>Atque</span> <span class='ocrx_word' id='word_1_580' title='bbox 1203 2891 1248 2922; x_wconf 85' lang='lat' dir='ltr'>ita</span> <span class='ocrx_word' id='word_1_581' title='bbox 1270 2891 1311 2922; x_wconf 87' lang='lat' dir='ltr'>de</span> <span class='ocrx_word' id='word_1_582' title='bbox 1331 2888 1462 2921; x_wconf 82' lang='lat' dir='ltr'>scientia</span> <span class='ocrx_word' id='word_1_583' title='bbox 1481 2887 1634 2928; x_wconf 85' lang='lat' dir='ltr'>cogitant,</span> 
     </span>
     <span class='ocr_line' id='line_1_50' title="bbox 179 2940 1690 2989; baseline -0.004 -12"><span class='ocrx_word' id='word_1_584' title='bbox 179 2946 267 2989; x_wconf 80' lang='lat' dir='ltr'>quasi</span> <span class='ocrx_word' id='word_1_585' title='bbox 282 2947 322 2978; x_wconf 88' lang='lat' dir='ltr'>de</span> <span class='ocrx_word' id='word_1_586' title='bbox 339 2946 496 2988; x_wconf 82' lang='lat' dir='ltr'>mancipio</span> <span class='ocrx_word' id='word_1_587' title='bbox 512 2947 663 2989; x_wconf 85' lang='lat' dir='ltr'>quodam,</span> <span class='ocrx_word' id='word_1_588' title='bbox 675 2947 714 2978; x_wconf 93' lang='lat' dir='ltr'>ab</span> <span class='ocrx_word' id='word_1_589' title='bbox 730 2946 798 2978; x_wconf 84' lang='lat' dir='ltr'>aliis</span> <span class='ocrx_word' id='word_1_590' title='bbox 813 2946 958 2978; x_wconf 86' lang='lat' dir='ltr'>omnibus</span> <span class='ocrx_word' id='word_1_591' title='bbox 974 2945 1112 2988; x_wconf 88' lang='lat' dir='ltr'>undique</span> <span class='ocrx_word' id='word_1_592' title='bbox 1122 2949 1234 2977; x_wconf 69' lang='lat' dir='ltr'>-tractm</span> <span class='ocrx_word' id='word_1_593' title='bbox 1280 2942 1444 2986; x_wconf 85' lang='lat' dir='ltr'>Numquid</span> <span class='ocrx_word' id='word_1_594' title='bbox 1461 2946 1493 2974; x_wconf 87' lang='lat' dir='ltr'>et</span> <span class='ocrx_word' id='word_1_595' title='bbox 1504 2945 1537 2972; x_wconf 89' lang='lat' dir='ltr'>tu</span> <span class='ocrx_word' id='word_1_596' title='bbox 1549 2940 1632 2974; x_wconf 86' lang='lat' dir='ltr'>idem</span> <span class='ocrx_word' id='word_1_597' title='bbox 1680 2972 1690 2983; x_wconf 57' lang='grc'><em>,</em></span> 
     </span>
    </p>
   </div>
  </div>
 </body>
</html>
