1846 3268
219 275 300 314 422
831 272 1098 314 PLATONJS
1590 281 1687 333 [216

220 381 275 407 tua
288 376 383 408 verba
397 375 509 419 quovis
523 376 587 408 alio
601 374 766 418 referente,
780 375 922 417 quamvis
944 376 1072 419 ineptus
1095 377 1149 411 ille
1172 378 1224 417 sit,
1239 379 1295 422 qui
1317 380 1421 423 refert,
1434 386 1467 413 et
1488 381 1554 416 sive
1569 384 1614 416 vir
1628 396 1683 419 seu

216 430 335 462 semina
359 430 425 462 sive
451 429 703 462 adolescentulus
729 429 848 467 audiat,
875 430 1124 473 obstupescimus
1147 433 1275 475 quidem
1297 445 1334 467 ac
1360 440 1464 468 mente
1489 436 1681 480 corripimur.

217 483 386 526 Equidem,
400 484 461 515 nisi
473 484 656 526 suspicarer,
671 494 712 515 ne
732 483 811 515 forte
825 484 917 516 nimis
931 485 1035 516 ebrius
1051 486 1168 524 videar,
1179 487 1385 530 jurejurando
1400 490 1585 532 interposito
1599 492 1681 524 affir-

215 548 343 579 marem,
357 538 464 579 qualia
488 537 564 569 mihi
589 538 667 569 alias
689 538 729 569 ab
751 537 846 579 liujus
861 539 962 571 verbis
982 539 1174 582 contigerint
1196 542 1443 586 contingantque
1466 545 1561 576 etiam
1583 557 1681 584 nunc,

214 591 361 633 quotiens
375 593 460 624 hunc
476 591 582 625 audio.
606 591 705 624 multo
723 592 832 635 magis,
847 603 941 635 quam
957 593 1002 631 hi,
1017 594 1072 635 qui
1088 594 1304 638 Corybantum
1317 607 1400 630 more
1416 599 1608 638 deferuntur,
1625 611 1679 633 cor

214 646 247 677 in
263 657 312 677 me
329 646 507 678 concitatur
521 647 563 678 ob
589 645 683 688 hujus
706 647 811 689 verba,
825 647 1031 690 lacrimasque
1052 648 1182 681 effundo
1198 662 1207 681 :
1231 650 1385 694 videoque
1400 652 1506 684 multis
1531 653 1599 685 aliis
1618 654 1679 688 hoc

212 700 296 732 idem
307 699 498 742 contingere.
543 699 585 732 Et
599 711 670 734 cum
686 701 837 733 Periclem
854 702 1018 734 audiebam
1041 708 1224 746 ceterosque
1250 711 1386 738 oratores
1401 707 1512 745 bonos,
1527 708 1680 741 videban-

213 760 263 786 tur
277 755 322 786 illi
338 754 466 796 quidem
480 754 555 786 mibi
571 755 717 797 praeclare
733 756 837 788 dicere
852 767 860 788 ε
884 757 938 788 sed
956 757 1032 788 nihil
1051 757 1111 789 tale
1128 758 1204 790 milri
1218 760 1431 802 contingebat,
1447 771 1550 804 neque
1569 762 1676 794 conci-

211 809 334 840 tabatur
354 808 489 847 animus,
504 819 608 850 neque
633 819 667 840 se
692 810 795 851 ipsum
819 810 909 852 quasi
932 811 1082 842 serviliter
1097 812 1250 844 viventem
1277 814 1516 847 condemnabat.
1560 816 1622 848 Sed
1638 817 1679 848 ab

208 864 269 895 hoc
284 863 416 906 Marsya
432 868 538 895 nostro
553 874 637 905 saepe
652 863 696 895 ita
721 862 819 904 [216]
843 864 995 902 inflector,
1010 870 1047 897 ut
1061 866 1246 904 existimem,
1261 867 1348 899 nullo
1365 869 1459 900 modo
1473 869 1506 901 iu
1521 870 1581 902 hoc
1596 875 1678 902 statu

207 916 280 948 vitas
297 917 372 949 mihi
387 923 455 949 esse
471 917 654 949 vivendum.
699 917 793 958 Haec,
807 929 826 949 o
852 919 1007 956 Socrates,
1023 930 1063 951 ne
1091 921 1264 963 negaveris.
1286 922 1364 964 quin
1390 923 1483 954 etiam
1498 929 1582 955 certo
1598 924 1678 966 scio,

208 970 283 1002 siin
301 970 465 1012 praesentia
487 981 576 1002 aures
600 971 642 1002 illi
668 976 813 1012 praestare
829 972 936 1011 velim,
953 973 1082 1005 minime
1106 975 1281 1014 tolerarem,
1304 976 1359 1006 sed
1384 976 1494 1007 eadem
1521 975 1579 1008 illa
1600 977 1679 1010 mihi

207 1024 378 1056 evenirent.
402 1025 488 1066 cogit
503 1023 586 1056 enim
601 1035 651 1056 me
665 1025 769 1062 fateri,
783 1026 882 1067 quod,
898 1036 968 1058 cum
985 1027 1054 1069 ipse
1069 1038 1128 1070 ego
1146 1028 1178 1058 in
1194 1028 1300 1060 multis
1325 1029 1484 1071 deficiam,
1498 1034 1602 1063 tamen
1626 1041 1675 1063 me

206 1078 310 1119 ipsum
326 1078 451 1120 negligo
466 1089 594 1120 remque
610 1078 722 1121 populi
739 1079 980 1111 Atheniensium
996 1091 1082 1114 curo,
1128 1081 1170 1113 Vi
1185 1092 1270 1123 ergo,
1283 1082 1374 1124 quasi
1385 1082 1532 1114 adversus
1540 1083 1679 1123 Sirenas,

207 1132 356 1164 obturans
370 1142 459 1164 aures
474 1133 558 1164 hunc
572 1133 658 1174 fugio
674 1142 710 1164 ac
721 1133 798 1173 vito,
812 1144 852 1165 ne
867 1135 951 1175 apud
969 1145 1039 1166 eum
1051 1132 1163 1166 sedens
1175 1146 1407 1168 consenescam.
1452 1136 1560 1169 Patior
1569 1143 1674 1170 autem

207 1197 280 1228 erga
295 1187 380 1219 hunc
395 1187 508 1224 solum,
524 1187 610 1228 quod
626 1197 719 1218 nemo
734 1187 936 1229 existimaret,
951 1194 987 1219 ut
1002 1187 1187 1231 cujusquam
1204 1190 1323 1231 pudore
1339 1200 1375 1222 ac
1391 1191 1580 1223 verecundia
1593 1193 1677 1225 deti-

206 1250 308 1273 nerer.
350 1239 451 1282 Atqui
476 1241 560 1273 hunc
582 1241 682 1272 solum
709 1252 826 1273 vereor.
849 1242 993 1274 conscius
1019 1242 1106 1274 enim
1133 1242 1208 1275 mihi
1235 1254 1315 1281 sum,
1340 1244 1510 1278 defendere
1534 1256 1584 1278 me
1611 1257 1676 1280 non

206 1304 309 1335 posse,
326 1294 403 1336 quin
418 1295 482 1326 sint
496 1295 631 1336 agenda,
647 1306 718 1338 quae
740 1295 855 1337 jubet:
881 1297 937 1328 sed
964 1307 1034 1328 cum
1063 1297 1103 1328 ab
1129 1307 1167 1329 eo
1189 1297 1332 1336 discedo,
1348 1299 1492 1340 populari
1506 1301 1677 1334 ambitione

206 1358 256 1380 me
271 1347 419 1390 superari.
464 1348 565 1389 Fugio
581 1348 675 1390 igitur
689 1349 773 1381 hunc
788 1354 883 1390 atque
899 1349 964 1381 vito
977 1362 984 1381 ε
1009 1355 1042 1382 et
1057 1351 1203 1392 quotiens
1218 1351 1321 1393 ipsum
1336 1352 1474 1395 intueor,
1489 1355 1678 1388 verecundia

206 1412 268 1439 me,
283 1401 357 1443 quia
375 1401 524 1444 promissa
540 1412 602 1433 non
619 1402 814 1440 servaverim,
830 1403 926 1445 capit,
945 1409 978 1434 ut
1003 1414 1089 1446 saepe
1115 1405 1242 1446 cupiam
1268 1406 1352 1437 hunc
1378 1416 1396 1436 e
1411 1406 1477 1438 vita
1502 1407 1675 1441 decederez

204 1465 308 1486 rursus
323 1465 407 1492 vero,
423 1455 449 1486 si
463 1456 523 1487 hoc
538 1455 698 1493 acciderit,
711 1456 776 1488 scio
793 1466 841 1488 mc
856 1456 950 1498 longe
964 1457 998 1488 id
1014 1457 1151 1499 iniquius
1167 1458 1380 1491 toleraturum.
1403 1459 1522 1502 itaque,
1539 1471 1602 1504 quo
1621 1473 1673 1494 me

205 1513 322 1540 vertam
335 1513 389 1540 aut
403 1509 667 1551 quemadmodum
683 1510 744 1541 hoc
759 1514 840 1547 utar,
856 1511 975 1543 nescio.
1019 1511 1062 1543 Et
1087 1522 1106 1543 a
1131 1513 1397 1546 modulationibus
1419 1515 1547 1557 quidem
1568 1516 1674 1560 Satyri

204 1562 299 1604 hujus
315 1562 390 1594 talia
406 1562 542 1605 mihique
558 1568 591 1594 et
606 1563 709 1595 multis
725 1564 793 1595 aliis
808 1564 1020 1606 contigerunt.
1043 1571 1147 1597 cetera
1162 1577 1234 1598 vero
1248 1568 1367 1607 audite,
1385 1573 1418 1599 ut
1434 1569 1542 1601 similis
1555 1570 1596 1601 sit
1610 1571 1671 1608 his,

204 1617 319 1659 quibus
334 1628 394 1660 ego
408 1617 540 1649 similem
553 1628 620 1649 esse
635 1617 790 1655 dicebam,
806 1623 838 1650 et
852 1618 915 1650 vim
931 1630 1024 1661 quam
1039 1620 1210 1652 mirabilem
1226 1621 1348 1659 habeat,
1365 1622 1558 1656 intueamini.
1603 1624 1673 1656 Sci-

204 1676 271 1703 tote
286 1670 443 1703 neminem
459 1676 592 1704 vestrum
609 1672 767 1703 Socratem
791 1683 992 1714 cognoscere.
1015 1674 1070 1705 sed
1093 1684 1152 1715 ego
1169 1674 1256 1706 vobis
1279 1676 1454 1714 ostendam,
1471 1677 1672 1720 quandoqui-

204 1725 277 1757 dem
292 1725 396 1757 dicere
406 1724 474 1767 jam
490 1725 607 1768 incepi.
651 1726 800 1764 Cernitis,
816 1738 911 1769 quam
923 1729 1122 1760 vehementer
1136 1729 1279 1761 Socrates
1290 1740 1364 1772 erga
1376 1730 1520 1772 pulchros
1529 1731 1673 1771 afficitur,

203 1790 388 1822 semperque
412 1780 493 1811 inter
517 1791 571 1812 eos
598 1786 737 1813 versatur
762 1786 795 1813 et
820 1782 1037 1824 obstupescit?
1061 1782 1185 1825 ignorat
1209 1783 1325 1820 omnia,
1349 1784 1429 1816 nihil
1451 1785 1550 1818 novit.
1571 1786 1672 1828 figura

204 1833 346 1876 profecto
362 1834 429 1865 haec
444 1833 557 1866 Silenis
571 1839 619 1866 est
634 1835 809 1876 persimilis.
855 1835 975 1868 Scitote
990 1836 1096 1878 igitur,
1110 1848 1182 1878 eum
1205 1838 1264 1870 hac
1288 1838 1413 1870 habitus
1427 1838 1526 1870 forma
1540 1840 1674 1872 exterius

203 1888 335 1926 aniiciri,
351 1893 501 1930 tanquam
516 1889 673 1931 sculptum
699 1890 856 1931 quendam
881 1889 1034 1922 Silenum.
1055 1891 1141 1923 intus
1155 1902 1227 1923 vero
1254 1892 1278 1923 si
1295 1893 1462 1934 aperiatur,
1478 1894 1565 1931 mira,
1581 1904 1600 1927 o
1617 1893 1675 1925 viri

203 1942 357 1980 convivae,
371 1942 557 1974 castimonia
571 1947 604 1974 et
618 1943 779 1985 integritas
805 1944 898 1977 inest.
943 1944 1058 1987 Neque
1083 1946 1167 1977 enim
1185 1946 1449 1988 pulchritudinem
1464 1947 1602 1990 corporis
1616 1958 1673 1980 cu-

198 1995 347 2037 jusquam
358 1996 527 2037 quicquam
543 1996 689 2039 aestimat,
705 2008 807 2039 neque
820 1998 946 2030 divitias
962 2010 1064 2041 neque
1080 2000 1214 2031 honores
1229 2011 1332 2043 neque
1348 2006 1462 2038 cetera,
1476 2011 1547 2043 qnae
1557 2002 1669 2044 vulgus

203 2049 383 2087 admiratur,
399 2050 455 2082 sed
471 2061 506 2081 ea
524 2056 640 2083 cuncta
654 2062 746 2093 supra
760 2062 853 2094 quam
869 2052 1037 2084 existimari
1052 2058 1159 2095 queat,
1177 2054 1269 2096 longe
1292 2055 1412 2096 spernit
1432 2065 1469 2086 ac
1492 2065 1548 2097 pro
1570 2056 1670 2088 nihilo

202 2104 303 2137 ducit.
324 2103 471 2145 quocirca
485 2105 602 2136 nullius
623 2115 681 2138 nos
703 2116 770 2137 esse
793 2106 878 2148 apud
902 2117 972 2138 eum
989 2108 1078 2139 vobis
1092 2118 1212 2140 assero:
1237 2108 1328 2150 fingit
1343 2113 1446 2140 tamen
1462 2109 1599 2141 ironicus
1613 2110 1670 2141 ali-

203 2162 261 2199 ter,
277 2168 313 2189 ac
322 2157 422 2199 jocari
437 2157 539 2200 palam
555 2158 596 2190 de
618 2158 666 2189 his
680 2159 772 2190 rebus
797 2169 956 2201 nunquam
979 2165 1091 2193 cessat.
1115 2161 1194 2192 serio
1217 2166 1320 2193 autem
1336 2163 1459 2203 agentis
1472 2167 1567 2204 atque
1581 2163 1669 2196 intus

202 2211 304 2253 aperti
319 2212 425 2244 nescio
441 2217 544 2244 utrum
560 2213 724 2255 quisquam
741 2218 874 2245 vestrum
891 2214 1025 2251 divinas,
1042 2226 1112 2257 quae
1128 2215 1212 2247 intus
1237 2216 1346 2254 latent,
1362 2217 1514 2258 imagines
1530 2228 1668 2260 unquam

201 2265 384 2308 inspexerit.
401 2277 460 2308 ego
475 2272 558 2299 certe
573 2268 764 2309 quandoque
778 2278 831 2300 eas
846 2269 1008 2310 conspexi,
1024 2274 1118 2311 atque
1134 2270 1210 2301 mihi
1225 2270 1299 2301 visae
1315 2275 1388 2302 sunt
1403 2281 1502 2313 usque
1516 2272 1596 2304 adeo
1618 2272 1669 2304 di-

202 2320 283 2351 vinae
298 2325 331 2352 et
339 2331 439 2352 aureae
452 2326 485 2352 et
499 2321 641 2353 formosae
666 2321 764 2364 [217]
789 2327 821 2354 et
837 2322 1003 2361 mirabiles,
1020 2330 1055 2355 ut
1077 2324 1165 2356 nullo
1190 2325 1282 2356 modo
1297 2324 1344 2356 fas
1369 2324 1541 2357 existimem
1568 2325 1669 2363 aliter,

201 2384 295 2415 quam
312 2374 456 2407 Socrates
472 2375 626 2417 praecipit,
642 2386 745 2418 agere.
789 2376 858 2418 Ego
881 2376 948 2418 jam
972 2377 1155 2419 aliquando,
1172 2389 1191 2409 o
1208 2379 1264 2410 viri
1278 2379 1430 2416 convivae,
1447 2379 1604 2412 Socratem
1619 2389 1667 2412 ar-

201 2428 332 2460 bitratus
347 2439 416 2460 mea
430 2429 533 2470 specie
550 2440 655 2461 revera
671 2431 839 2462 admodum
865 2431 1025 2468 delectari,
1043 2432 1238 2464 occasionem
1255 2433 1336 2465 hanc
1353 2433 1512 2464 mirificam
1527 2433 1667 2465 felicem-

201 2493 263 2525 que
287 2484 326 2515 ad
351 2484 398 2521 id,
422 2485 512 2526 quod
536 2485 736 2523 affectabam,
763 2496 812 2518 me
838 2494 964 2518 nactum
986 2497 1053 2519 esse
1077 2487 1196 2529 putavi.
1225 2486 1390 2529 gratificari
1406 2488 1525 2529 quippe
1548 2487 1670 2520 Socrati

202 2537 362 2574 constitui,
389 2544 435 2574 ut,
457 2548 654 2581 quaecunque
670 2540 723 2572 ille
739 2546 879 2582 noverat,
890 2551 1010 2572 mecum
1027 2541 1280 2573 communicaret.
1304 2552 1374 2573 nam
1389 2552 1534 2584 magnum
1549 2541 1670 2585 aliquid

201 2596 234 2622 et
247 2591 409 2623 mirificum
432 2591 656 2624 formositatem
673 2604 772 2626 meam
789 2594 1015 2632 existimabam,
1031 2606 1131 2637 eaque
1148 2595 1314 2638 plurimum
1331 2596 1477 2629 fidebam.
1522 2596 1667 2638 Cumque

199 2648 294 2676 antea
307 2655 468 2687 nunquam
483 2647 550 2679 sine
565 2647 680 2679 comite
692 2658 763 2679 cum
779 2659 817 2679 eo
836 2647 923 2691 loqui
939 2649 1184 2687 consuevissem,
1201 2650 1392 2692 quandoque
1401 2650 1528 2681 dimisso
1539 2649 1667 2688 comite,

200 2698 287 2730 solus
301 2709 372 2731 cum
384 2710 423 2730 eo
438 2700 548 2733 restiti.
594 2701 679 2733 Vera
694 2701 782 2734 vobis
797 2703 902 2734 omnia
918 2703 1086 2744 aperienda
1103 2709 1187 2742 sunt,
1203 2704 1369 2741 attendite,
1385 2704 1526 2745 obsecro..
1540 2705 1566 2736 si
1583 2715 1669 2736 men·

199 2752 271 2790 tior,
286 2753 440 2791 Socrates,
463 2754 531 2796 ipse
553 2755 716 2798 redargue.
760 2756 876 2789 Restiti
899 2756 1058 2800 equidem,
1085 2769 1104 2789 ο
1129 2758 1186 2789 viri
1208 2759 1362 2801 eonvivae,
1387 2759 1472 2791 solus
1493 2769 1564 2791 cum
1586 2759 1666 2797 solo,

200 2818 327 2850 sperans
341 2808 451 2840 eadem
468 2809 551 2841 hunc
567 2810 643 2841 mihi
658 2811 828 2849 dicturum,
844 2822 915 2854 quae
931 2817 1083 2844 amatores
1099 2813 1220 2851 amatis,
1237 2823 1307 2844 cum
1322 2813 1379 2844 soli
1405 2818 1490 2854 sunt,
1505 2813 1590 2856 loqui
1613 2823 1665 2844 so-

201 2861 287 2894 lent:
311 2872 374 2904 qua
395 2873 452 2905 spe
468 2863 558 2895 valde
574 2863 712 2902 laetabar,
728 2866 836 2897 horum
853 2877 924 2898 vero
942 2866 1019 2897 nihil
1034 2871 1138 2899 actum
1155 2872 1213 2904 est,
1234 2868 1303 2905 sed,
1320 2871 1354 2898 ut
1377 2866 1486 2899 solitus
1500 2872 1575 2904 erat,
1592 2877 1663 2899 cum

201 2916 241 2948 ad
258 2927 415 2958 vesperam
432 2927 529 2960 usquc
545 2917 751 2957 disseruisset,
767 2920 855 2952 abiit.
900 2921 978 2953 Post
993 2922 1060 2954 bmc
1075 2923 1114 2953 ad
1132 2922 1305 2965 palaestram
1319 2923 1400 2954 hunc
1414 2921 1509 2954 citavi
1524 2922 1665 2954 exercui·

201 2981 276 3013 que,
291 2971 379 3014 quasi
394 2971 428 3004 in
443 2972 500 3005 hac
515 2971 632 3015 aliquid
651 2974 852 3016 perfecturus.
877 2975 934 3008 soli
951 2976 1055 3020 itaque
1071 2987 1154 3019 saepc
1181 2987 1237 3009 nos
1262 2976 1353 3009 simul
1367 2974 1562 3020 gymnastica
1577 2986 1666 3008 exer·
