1846 3268
156 294 204 345 Q]
212 293 254 342 O]
763 287 1025 326 GORGIAS.
1544 289 1619 326 221

145 404 265 436 ,corpus
290 393 517 434 marsupiumve
543 390 643 422 caedi:
669 390 722 422 sed
752 395 916 432 percutere
931 389 1050 431 injuste
1066 393 1160 431 atque
1174 387 1296 420 credere
1313 389 1388 420 mihi
1405 387 1544 431 meisque
1561 396 1623 421 tur-

153 448 224 491 pius
238 453 333 489 atque
346 446 492 478 deterius.
515 445 589 476 item
603 444 695 475 furari
711 448 744 475 et
757 443 789 474 in
805 443 984 474 servitutem
997 442 1153 474 adducere
1169 452 1334 484 murosque
1351 442 1517 483 suffodere,
1528 448 1623 485 atque

154 500 331 533 summatim
358 499 531 542 quamlibet
549 498 695 540 injuriam
718 498 833 537 facere,
849 507 916 528 esse
939 496 967 528 ei
995 497 1050 538 qui
1065 496 1140 528 facit
1164 496 1302 528 deterius
1325 496 1416 527 simul
1442 502 1476 527 et
1490 497 1624 538 turpius,

156 564 251 597 quam
265 554 421 594 accipere.
467 552 544 584 Haec
560 552 702 594 superius
717 560 736 582 a
750 551 841 582 nobis
857 560 1018 587 concessa,
1043 555 1079 581 ut
1092 560 1152 592 ego
1176 560 1290 587 assero,
1305 550 1508 581 continentur
1527 556 1622 591 atque

159 608 348 644 vinciuntur,
371 606 469 648 [509]
497 606 555 637 etsi
566 606 654 637 dictu
669 604 814 638 rusticius
826 610 886 647 est,
896 604 1001 636 ferreis
1012 604 1286 646 adamantinisque
1296 603 1483 641 rationibus,
1499 604 1625 646 quibus,

158 666 196 693 ut
213 660 258 692 ita
272 659 417 696 sentiam,
432 661 583 691 adducor.
603 669 683 701 quas
706 658 767 690 nisi
795 663 830 689 tu
850 663 905 689 aut
927 657 1041 700 aliquis
1064 663 1094 688 te
1118 657 1272 688 robustior
1293 657 1455 698 dissolvat,
1468 657 1536 689 fleri
1562 668 1626 689 non

159 719 275 756 potest,
291 719 326 744 ut
340 713 430 744 aliter
445 713 582 745 dicendo
598 723 691 754 quam
709 717 744 742 ut
759 722 842 744 nunc
858 711 926 753 ipse
940 711 1121 747 dicmrecte
1133 710 1264 742 dicatur.
1309 711 1392 743 Nam
1408 711 1484 743 mihi
1500 713 1627 754 quidem

155 777 277 809 semper
290 766 375 798 idem
396 771 558 808 permanet
580 776 703 798 sermo:
728 775 777 796 me
793 764 941 796 videlicet
963 765 1032 796 haec
1059 764 1177 795 nescire
1199 775 1262 806 quo
1289 770 1383 806 pacto
1409 776 1443 796 se
1467 766 1626 797 habeant:

154 826 294 853 attamen
309 820 429 852 nullum
442 831 548 852 eorum
565 820 691 862 quicum
707 819 858 851 hactenus
882 818 1006 849 locutus
1029 828 1110 854 sum,
1127 818 1390 858 quemadmodum
1417 819 1509 849 modo
1526 819 1628 850 vobis-

157 886 242 913 cum,
258 875 398 917 potuisse
412 885 550 916 unquam
565 873 654 906 aliter
678 872 816 904 dicendo
843 882 907 902 non
933 871 1098 903 ridiculum
1123 881 1284 912 apparere.
1332 871 1543 908 Quamobrem
1561 874 1628 904 lraec

156 930 269 961 iterum
285 939 370 970 pono
385 929 429 960 ita
454 938 487 960 se
508 928 634 960 habere.
656 927 741 969 quod
762 926 786 958 si
810 925 855 957 ita
883 937 916 958 se
930 926 1080 962 habeant,
1094 930 1189 966 atque
1205 924 1318 966 injuria
1333 925 1500 956 maximum
1516 925 1557 962 ei,
1573 926 1629 967 qui

159 994 228 1015 eam
244 982 333 1021 facit,
348 988 396 1014 est
421 982 571 1014 malomrn
590 993 598 1012 t
622 991 757 1023 cumque.
779 981 838 1012 hoc
859 980 900 1010 sit
920 979 1103 1016 maximum,
1118 979 1197 1010 illud
1212 978 1340 1020 insuper
1352 979 1452 1020 majus
1474 985 1522 1011 est
1543 979 1630 1021 judi-

161 1037 310 1074 candum,
325 1036 474 1068 videlicet
485 1036 588 1077 ipsum
605 1035 660 1076 qui
674 1033 795 1070 fecerit,
811 1044 971 1077 nunquam
985 1033 1058 1064 dare
1081 1043 1188 1075 poenas
1202 1045 1210 1064 ι
1234 1033 1318 1075 quod
1335 1033 1462 1064 tandem
1478 1034 1629 1065 auxilium

161 1090 220 1122 erit
234 1090 324 1127 illud,
347 1090 432 1132 quod
450 1089 591 1132 quisquis
607 1098 678 1120 cum
694 1088 819 1119 sibimet
832 1087 940 1118 afferre
957 1097 1020 1118 non
1041 1087 1151 1128 possit,
1167 1097 1199 1117 re
1216 1097 1286 1117 vera
1302 1087 1343 1117 sit
1357 1087 1605 1118 contemnendus
1619 1088 1630 1118 ?

165 1153 272 1175 nonne
292 1143 352 1174 hoc
367 1143 494 1184 quidem
511 1142 676 1173 maximum
693 1151 711 1172 a
726 1140 816 1172 nobis
830 1146 975 1172 amoveat
988 1140 1208 1171 detrimentum
1223 1140 1234 1170 ?
1279 1140 1426 1172 Profecto
1442 1152 1570 1172 necesse
1585 1147 1633 1173 est

163 1198 227 1229 boe
240 1207 307 1228 esse
323 1197 546 1239 turpissimum,
562 1206 626 1226 non
641 1205 732 1237 posse
748 1194 895 1225 auxilium
916 1192 1073 1235 ejusmodi
1098 1198 1243 1235 praestare
1258 1193 1315 1224 sibi
1332 1194 1390 1235 ipsi
1406 1194 1577 1237 amicisque
1593 1206 1630 1226 ac

163 1250 358 1292 propinquis.
379 1251 552 1282 secundum
567 1260 640 1280 vero
666 1248 816 1280 auxilium
841 1249 991 1279 adversus
1016 1246 1131 1278 malum
1154 1247 1349 1291 secundum:
1374 1248 1496 1279 tertium
1521 1255 1629 1280 contra

161 1305 307 1336 tertium:
331 1310 495 1346 ceteraque
511 1303 660 1340 similiter,
678 1307 771 1344 prout
796 1301 950 1343 cujusque
973 1301 1046 1332 mali
1064 1301 1248 1342 magnitudo
1260 1312 1294 1332 se
1309 1302 1403 1333 habet
1419 1314 1427 1333 ε
1451 1301 1495 1333 ita
1512 1308 1544 1333 ut
1561 1303 1631 1344 pul-

164 1358 271 1389 chrum
289 1363 335 1389 est
350 1368 443 1397 opem
459 1357 568 1388 afferre
585 1367 687 1398 posse,
704 1361 737 1387 et
752 1361 842 1396 turpe
857 1365 922 1386 non
938 1365 1041 1396 posse.
1085 1354 1241 1396 Nunquid
1265 1355 1355 1386 aliter
1370 1366 1462 1398 quam
1476 1357 1519 1387 sic
1535 1367 1568 1388 se
1584 1368 1630 1388 res

164 1411 270 1450 habet,
286 1422 305 1442 o
321 1411 489 1444 Callicles?
535 1411 628 1442 Certe
641 1421 705 1442 non
721 1409 822 1441 aliter.
866 1409 946 1440 Cum
963 1408 1055 1450 igitur
1068 1409 1135 1440 haec
1150 1409 1214 1439 duo
1230 1409 1303 1445 sint,
1318 1409 1420 1441 facere
1435 1410 1579 1451 injuriam
1595 1422 1632 1443 ac

164 1463 252 1506 pati:
278 1463 377 1505 majus
405 1464 516 1504 utique
538 1463 654 1494 malum
680 1473 748 1494 esse
772 1462 908 1494 dicimus
934 1462 1059 1499 inferre,
1085 1461 1186 1492 minus
1209 1467 1313 1494 autern
1340 1463 1416 1504 pati.
1461 1464 1630 1502 Quodnam

166 1517 261 1559 igitur
276 1517 424 1549 auxilium
440 1517 498 1548 sibi
514 1527 698 1559 comparans
715 1516 841 1558 aliquis,
855 1521 1018 1557 utrumque
1034 1515 1227 1557 potissimum
1245 1522 1464 1559 consequetur,
1480 1524 1515 1549 ut
1529 1529 1632 1561 neque

165 1571 281 1603 inferat
304 1571 449 1613 injuriam
478 1581 582 1613 neque
606 1571 768 1612 accipiat?
804 1575 906 1601 utrum
931 1570 1103 1611 potentiam
1125 1580 1166 1600 an
1191 1570 1409 1602 voluntatem?
1452 1572 1504 1603 Sic
1529 1579 1634 1604 autern

163 1626 237 1658 dico
251 1638 259 1656 :
283 1620 385 1657 utrum
399 1625 424 1656 si
442 1625 522 1657 nolit
538 1624 770 1666 pati,injuriam
783 1635 845 1655 non
859 1624 1018 1666 patietur?
1043 1634 1082 1655 an
1100 1624 1124 1655 si
1141 1624 1313 1665 potentiam
1325 1625 1383 1656 sibi
1396 1627 1635 1667 comparaverit,

166 1679 212 1712 ita
223 1679 376 1710 duntaxat
390 1690 455 1710 non
472 1679 631 1720 patietur?
664 1678 799 1711 Constat
809 1683 904 1719 certe,
920 1678 946 1709 si
962 1677 1146 1719 potentiam.
1177 1678 1262 1715 Quid
1278 1685 1382 1710 autem
1396 1679 1428 1711 in
1445 1680 1609 1713 inferendo
1623 1682 1634 1712 ἓ

167 1738 270 1765 utrum
287 1733 312 1764 si
327 1733 396 1775 quis
413 1732 553 1775 injuriari
566 1732 658 1770 nolit,
670 1732 745 1764 satis
760 1732 819 1763 erit
833 1732 986 1764 remedii?
1010 1733 1131 1774 (neque
1157 1733 1239 1764 enim
1266 1732 1411 1774 injuriam
1440 1734 1570 1776 inseret)
1593 1746 1632 1766 an

168 1787 208 1819 ad
226 1788 285 1818 hoc
301 1787 428 1828 insuper
444 1786 587 1827 potentia
601 1787 746 1828 quaedam
761 1790 794 1817 et
815 1796 864 1817 ars
886 1791 933 1817 est
955 1786 1177 1828 comparanda,
1192 1796 1286 1828 quam
1314 1787 1371 1818 nisi
1395 1788 1466 1829 quis
1489 1788 1636 1820 didicerit

168 1845 263 1882 atque
279 1840 462 1876 exercuerit,
479 1839 624 1881 injuriam
640 1839 758 1871 saciet?
805 1839 869 1871 Cur
885 1850 948 1870 non
964 1839 1040 1870 mihi
1056 1839 1141 1870 adid
1168 1840 1277 1871 saltem
1298 1842 1481 1882 respondes,
1495 1852 1514 1872 o
1537 1842 1636 1874 Calli-

169 1893 255 1925 cles?
281 1899 381 1925 utrum
406 1904 466 1935 ego
494 1899 588 1935 atque
610 1893 707 1924 Polus
729 1893 786 1924 tibi
813 1893 953 1924 videmur
982 1899 1066 1925 recte
1094 1894 1304 1935 superioribus
1331 1895 1431 1926 eoacti
1461 1896 1634 1927 rationibus

169 1946 278 1984 fuisse,
304 1948 427 1979 necne?
451 1948 579 1989 quando
604 1947 741 1978 confessi
766 1958 883 1983 sumus,
910 1947 1067 1978 neminem
1089 1947 1246 1979 volentem
1273 1947 1418 1990 injuriam
1444 1949 1558 1986 facere,
1578 1951 1634 1982 sed

170 2001 284 2032 invitos
299 2001 380 2033 hanc
395 2001 506 2033 inferre
522 2002 703 2043 quicunque
718 2001 865 2033 inferant.
912 2001 998 2033 cir„
1020 2001 1097 2032 Esto
1109 2002 1165 2033 tibi
1177 2002 1210 2032 id
1220 2002 1276 2039 ita,
1288 2012 1308 2033 o
1322 2001 1480 2044 Socrates,
1495 2008 1530 2034 ut
1540 2003 1635 2045 [510]

170 2054 417 2096 disputationem
434 2056 514 2087 lianc
528 2055 710 2088 concludas.
756 2056 813 2086 So.
838 2055 890 2086 Ad
906 2056 966 2087 hoc
980 2056 1089 2098 itaque
1112 2056 1254 2098 potentia
1276 2057 1421 2099 quaedam
1437 2062 1469 2088 et
1483 2068 1531 2088 ars
1551 2069 1635 2090 corn-

171 2110 312 2151 paranda
328 2109 466 2151 videtur,
478 2120 520 2141 ne
546 2109 599 2141 cui
625 2109 776 2141 faciamus
802 2109 946 2151 injuriam
960 2110 971 2141 ?
1017 2109 1156 2142 Omnino
1177 2109 1316 2153 quidem.
1362 2111 1516 2149 Quaenam
1542 2112 1637 2153 igitur

172 2173 222 2194 ars
236 2167 284 2194 est
298 2163 337 2194 ad
353 2163 533 2195 facultatem
549 2164 802 2205 comparandam,
827 2175 882 2205 per
902 2175 995 2206 quam
1011 2164 1061 2196 vel
1076 2164 1193 2195 nullam
1209 2165 1279 2207 quis
1293 2165 1344 2196 vel
1370 2165 1527 2197 minimam
1552 2166 1637 2208 inju-

171 2216 247 2248 riam
262 2217 397 2258 patiatur
411 2217 422 2248 ?
468 2217 642 2249 Considera
658 2222 761 2248 utrum
777 2217 835 2249 tibi
847 2218 932 2249 idem
947 2218 1102 2259 videatur,
1117 2218 1204 2259 quod
1219 2222 1252 2249 et
1274 2218 1362 2251 mihi.
1406 2219 1493 2251 Mihi
1506 2220 1634 2261 quidem

171 2269 217 2301 it·
233 2271 366 2308 videtur,
381 2270 431 2302 vel
447 2276 589 2313 oportere
607 2271 815 2312 principatum
838 2271 870 2302 in
893 2282 925 2302 re
948 2271 1076 2313 publica
1090 2272 1242 2308 obtinere,
1258 2272 1306 2304 vel
1334 2283 1480 2314 usurpare
1497 2274 1637 2314 tyranni-

172 2324 257 2362 dem,
273 2324 321 2356 vel
334 2335 405 2356 cum
422 2325 567 2366 praesenti
579 2325 805 2366 gubernatione
815 2325 928 2356 habere
938 2325 1168 2356 commercium.
1214 2326 1299 2357 Car..
1322 2326 1435 2364 Vides,
1448 2337 1467 2357 o
1481 2327 1635 2364 Socrates,

172 2387 267 2420 quam
283 2383 406 2420 paratus
419 2379 488 2417 sim,
502 2379 528 2410 si
543 2379 620 2420 quid
634 2384 717 2411 recte
732 2379 858 2419 dixeris,
872 2379 1087 2421 comprobare.
1113 2380 1253 2420 profecto
1267 2380 1301 2411 id
1317 2380 1391 2411 mihi
1407 2386 1490 2413 recte
1505 2381 1635 2412 nimium

174 2432 230 2462 abs
254 2436 285 2463 te
309 2432 429 2464 dictum
456 2433 551 2465 fuisse
567 2433 700 2465 videtur.
744 2433 802 2465 So.
826 2433 1000 2465 Considera
1025 2438 1174 2475 praeterea
1196 2434 1269 2472 hoc,
1293 2433 1319 2465 si
1342 2439 1427 2466 recte
1449 2435 1552 2467 dicere
1580 2437 1637 2467 tibi

174 2484 295 2516 videor.
338 2485 471 2518 Amicus
485 2487 562 2519 mihi
579 2487 701 2518 videtur
715 2487 848 2529 quisque
863 2498 931 2519 esse
947 2487 1063 2529 cuique
1078 2488 1222 2524 maxime,
1238 2489 1503 2531 quemadmodum
1515 2490 1638 2532 antiqui

176 2537 396 2580 sapientesque
413 2541 551 2578 tradunt,
567 2545 602 2571 ut
617 2541 750 2572 maxime
765 2541 874 2572 similis
889 2546 946 2572 est.
969 2552 1074 2573 nonne
1096 2547 1129 2573 et
1153 2541 1233 2573 tibi?
1272 2534 1365 2574 ‘Cni-
1391 2542 1476 2574 Mihi
1496 2545 1637 2586 quidem.

179 2591 238 2623 So.
261 2590 378 2623 Nonne
394 2593 446 2624 ubi
463 2598 613 2637 tyrannus
629 2594 711 2625 ferus
726 2594 876 2636 rudisque
890 2595 1078 2633 dominatur,
1093 2594 1118 2626 si
1133 2595 1204 2636 quis
1218 2605 1256 2627 ea
1269 2595 1303 2626 in
1329 2597 1402 2628 urbe
1418 2598 1516 2629 multo
1533 2599 1641 2631 melior

181 2644 234 2682 sit,
251 2649 401 2687 tyrannus
417 2646 500 2678 hunc
514 2647 672 2685 formidat,
694 2653 790 2690 atque
802 2648 877 2680 huic
891 2658 1052 2690 nunquam
1074 2654 1142 2684 tota
1167 2654 1271 2680 mente
1286 2650 1403 2683 amicus
1418 2662 1485 2684 esse
1501 2655 1616 2694 poterit
1629 2653 1640 2684 ?

182 2697 270 2730 Cn..
292 2698 345 2730 Sic
360 2699 486 2731 accidit.
530 2700 587 2732 So.
610 2700 726 2742 Neque
740 2700 767 2732 si
782 2701 880 2733 multo
905 2702 946 2732 sit
968 2702 1113 2734 deterior.
1136 2706 1317 2734 contemnet
1335 2704 1419 2735 enim
1434 2715 1505 2736 eum
1530 2711 1638 2748 tyran-

178 2762 250 2789 nus,
274 2763 377 2795 neque
404 2763 541 2795 unquam
566 2759 715 2796 tanquam
737 2755 810 2797 erga
833 2755 967 2788 amicum
995 2756 1156 2787 afficietur.
1201 2756 1288 2789 CAL.
1311 2757 1396 2789 Vera
1422 2769 1535 2791 narras.
1581 2763 1637 2794 So.

178 2803 270 2836 Solus
286 2802 360 2847 ergo
374 2805 492 2837 amicus
507 2806 580 2838 huic
597 2817 663 2838 esse
680 2807 797 2849 poterit
808 2809 895 2850 apud
910 2819 981 2840 eum
996 2809 1226 2841 existimatione
1241 2810 1367 2852 dignus,
1383 2812 1438 2854 qui
1457 2823 1528 2844 cum
1546 2815 1638 2845 mori-

175 2857 234 2892 bus
248 2858 356 2891 similis
370 2859 410 2890 sit
423 2860 597 2902 eademque
613 2860 720 2892 laudet
734 2866 829 2904 atque
845 2862 1012 2905 vituperet,
1027 2863 1155 2895 subesse
1169 2863 1246 2895 velit
1256 2864 1383 2896 domino
1399 2870 1431 2896 et
1443 2876 1560 2908 parere.
1586 2868 1639 2899 hic

177 2911 320 2955 nimirum
337 2923 479 2956 maguam
495 2913 527 2945 in
553 2925 591 2946 ea
617 2914 749 2947 civitate
771 2916 900 2948 habebit
924 2917 1108 2958 potentiam.
1131 2918 1215 2950 hunc
1241 2917 1356 2959 injuria
1378 2919 1508 2961 impune
1533 2920 1637 2951 nulius

178 2965 300 3009 afficiet.
325 2977 429 3001 nonne
445 2967 491 3001 ita
505 2979 537 3000 se
551 2978 598 3001 res
614 2969 732 3002 habet?
778 2970 864 3005 Can.
885 2970 946 3006 Ita.
991 2972 1047 3004 So.
1070 2971 1104 3005 Si
1117 2973 1187 3015 quin
1201 2982 1275 3015 ergo
1290 2972 1322 3005 iu
1337 2973 1397 3006 hae
1412 2973 1487 3011 urbe
1509 2984 1546 3005 ex
1568 2973 1638 3016 ipsa
