1846 3268
191 271 271 309 426
627 264 893 306 PLATONlS
924 265 1261 307 CONVIVIUM.
1571 269 1669 320 [223

195 376 255 407 est,
282 374 317 401 ut
332 380 391 402 nec
405 369 458 400 isti
473 379 528 400 sua
550 367 804 400 machinamenta
826 367 1005 410 proficiant,
1028 378 1088 400 nec
1111 368 1206 400 ullius
1227 366 1393 400 calumnias
1415 367 1496 400 inter
1519 376 1569 401 me
1583 379 1620 402 ac
1635 374 1668 401 te

190 424 290 466 jactae
306 414 469 455 dissidium
486 423 616 455 faciant.
661 421 755 454 Aoi.
779 421 875 460 Vera,
891 433 910 453 o
925 422 1081 460 Socrates,
1096 422 1184 465 loqui
1198 423 1323 455 videris.
1346 433 1418 454 narn
1440 428 1476 455 ut
1490 433 1548 455 nos
1563 423 1669 466 sejun-

195 483 295 519 geret,
311 478 391 509 inter
405 482 435 508 te
451 487 488 508 ac
503 487 554 508 me
569 487 601 508 se
617 476 754 507 medium
770 475 968 518 interposuit.
993 476 1048 508 sed
1064 475 1142 507 nihil
1162 477 1224 508 hoc
1239 477 1287 509 illi
1300 477 1440 519 proderit
1454 489 1462 508 :
1486 477 1562 510 hinc
1581 478 1667 510 euim

196 542 339 573 surgens,
355 542 453 574 prope
468 536 499 563 te
515 530 643 562 sedebo.
689 529 748 563 So.
771 529 826 562 Sic
842 529 1001 572 agendum
1024 529 1167 573 profecto
1182 543 1191 561 ι
1213 531 1267 563 hic
1281 531 1361 563 infra
1376 542 1426 563 me
1448 531 1536 564 sede.
1580 531 1667 565 Δια.

199 585 286 617 Proh
301 587 322 619 J
327 586 463 628 uppiter,
477 585 582 627 qualia
598 583 722 627 perpeti
737 595 787 615 me
802 583 849 615 vir
862 584 920 616 iste
936 584 1022 626 cogit
1035 584 1042 615 !
1066 584 1100 615 in
1123 584 1267 617 omnibus
1281 596 1425 628 superare
1442 596 1491 617 me
1505 585 1584 619 vult.
1606 596 1672 617 me-

201 639 288 670 dium
305 640 415 671 saltem
431 640 483 671 hic
499 639 703 681 Agathonem
720 638 830 670 sedere
846 638 1002 680 permitte.
1048 638 1104 670 So.
1129 637 1338 680 Nequaquam
1352 640 1456 672 decet.
1479 644 1514 670 tu
1524 639 1610 671 euim
1621 650 1672 672 me

198 692 335 725 laudasti
348 705 356 724 :
382 698 509 736 oportet
523 698 629 725 autem
645 703 695 724 me
711 703 796 724 nunc
810 693 850 724 ad
867 693 1026 725 dexteram
1042 693 1127 724 hunc
1142 692 1304 725 sedentem
1317 693 1455 726 laudare.
1477 693 1504 725 si
1515 704 1588 736 ergo
1599 699 1673 736 post

197 751 229 778 te
244 753 370 779 maneat
387 748 552 790 Agathou,
566 748 651 779 haud
667 758 717 779 me
729 758 832 779 rursus
845 747 1001 790 laudabit,
1013 747 1193 789 priusquam
1206 757 1224 779 a
1234 758 1283 779 me
1295 747 1450 779 laudetur.
1471 748 1526 780 sed
1536 748 1673 787 dimitte,

196 800 244 832 vir
259 800 346 842 felix,
369 801 472 844 [223]
496 811 599 843 neque
614 801 689 833 huic
706 811 790 832 meas
807 801 917 832 laudes
932 801 1085 833 invideas.
1108 801 1254 843 equidem
1263 801 1392 834 laudare
1403 802 1490 834 illum
1501 803 1669 836 vehemen-

196 860 244 887 ter
258 855 413 887 desidero.
458 855 550 888 Aca.
572 855 642 887 Hui
664 855 732 897 hui,
755 854 953 888 Alcibiades.
978 855 1056 898 quid
1078 855 1130 888 hic
1154 856 1278 887 moror?
1302 856 1453 896 hincjam
1468 855 1611 894 discedo,
1633 861 1670 888 ut

194 920 247 941 me
263 909 407 942 Socrates
422 910 541 942 laudet.
586 909 675 942 Am.
697 910 773 942 Mos
799 910 859 941 iste
887 910 1023 942 Socratis
1050 915 1111 952 est,
1136 916 1172 942 ut
1195 921 1234 942 eo
1261 915 1414 952 praescnte
1436 910 1554 941 nemini
1575 909 1671 942 liceat

193 962 284 996 alteri
308 964 460 996 formosos
475 964 534 996 sibi
549 964 728 996 conciliare.
752 964 826 995 vide
852 975 950 1002 nunc,
965 964 1107 1002 obsecro,
1130 974 1224 1006 quam
1246 964 1338 996 facile
1360 969 1394 996 et
1407 974 1500 1006 quam
1515 964 1671 1005 probabili

192 1018 316 1050 ratione
330 1019 415 1050 hunc
430 1019 471 1050 ad
486 1029 520 1050 se
532 1018 668 1051 traxerit.
713 1018 854 1050 Surrexit
868 1029 941 1060 ergo
958 1018 1121 1060 Agathon‚
1133 1023 1169 1050 ut
1184 1019 1270 1060 apud
1280 1018 1438 1050 Socratem
1449 1017 1669 1060 requiesceret.

190 1071 281 1103 Tunc
296 1071 401 1104 subito
415 1072 646 1104 debacchantes
662 1072 764 1110 multi,
787 1077 932 1114 patentes
946 1072 1028 1104 fores
1044 1072 1142 1110 nacti,
1167 1071 1257 1114 (nam
1273 1072 1369 1114 paulo
1384 1076 1458 1103 ante
1471 1072 1543 1114 quis
1557 1077 1668 1104 contra

195 1124 331 1168 exierat)
355 1125 485 1168 ingressi
512 1131 585 1157 sunt
607 1131 641 1158 et
666 1126 750 1158 circa
777 1126 847 1157 illos
873 1126 1084 1158 consederunt
1098 1138 1105 1156 :
1131 1137 1264 1168 quorum
1293 1125 1423 1168 strepitu
1452 1126 1576 1157 turbata
1596 1130 1673 1157 nunt

196 1180 313 1217 omnia,
329 1190 389 1213 nec
401 1180 483 1212 ullus
498 1185 571 1222 post
583 1181 652 1212 haec
668 1180 779 1212 modus
794 1180 827 1211 in
843 1180 982 1211 bibendo
997 1185 1148 1212 servatus.
1192 1179 1434 1222 Eryximachum
1447 1190 1486 1212 ac
1500 1179 1670 1212 Phaedrum

195 1233 339 1276 aliosque
354 1234 524 1266 nonnullos
550 1234 663 1266 abiisse
679 1234 900 1266 Aristodemus
916 1234 1084 1272 recensuit,
1110 1244 1206 1276 seque
1220 1234 1276 1266 diu
1299 1233 1447 1266 dormisse
1461 1233 1554 1278 (nam
1567 1233 1672 1276 longas

197 1293 275 1320 tunc
301 1294 411 1320 noctes
434 1287 539 1331 erant)
566 1294 599 1320 et
623 1289 706 1321 circa
729 1299 883 1326 auroram,
908 1287 1000 1330 gallis
1017 1287 1085 1330 jam
1109 1288 1320 1326 cantantibus,
1334 1288 1511 1320 surrexisse.
1553 1288 1671 1320 Somno

196 1343 332 1375 excitum
347 1343 520 1384 invenisse,
535 1344 621 1385 quod
639 1343 692 1375 alii
708 1343 836 1385 quidem
853 1342 966 1385 partim
982 1342 1190 1384 dormiebant,
1204 1342 1315 1384 partim
1331 1342 1550 1376 discesserant.
1581 1341 1670 1385 Aga·

196 1397 275 1428 thon
290 1407 364 1428 vero
378 1402 410 1428 et
426 1396 655 1438 Aristophanes
673 1402 769 1439 atque
785 1397 929 1428 Socrates
946 1396 1005 1428 soli
1019 1397 1122 1428 adhuc
1139 1396 1322 1438 vigilabant,
1337 1397 1551 1439 bibebantque
1565 1397 1672 1439 ampla

195 1451 334 1494 quadam
358 1450 476 1493 phiala,
503 1451 542 1481 ad
570 1450 728 1482 dexteram
755 1449 814 1481 sibi
840 1449 975 1481 invicem
1001 1450 1218 1482 succedentes.
1262 1450 1406 1483 Socrates
1425 1454 1530 1482 autem
1544 1450 1670 1482 assidue

195 1505 378 1536 disserebat.
423 1504 538 1546 Neque
555 1504 686 1535 aliorum
703 1515 736 1536 se
753 1504 904 1536 recordari
920 1503 1141 1535 Aristodemus
1157 1504 1280 1546 inquit:
1305 1515 1409 1548 neque
1424 1505 1508 1536 enim
1523 1505 1563 1536 ab
1576 1504 1668 1536 initio

194 1558 321 1590 affuisse
336 1563 369 1590 et
382 1568 492 1589 somno
506 1558 602 1590 fuisse
618 1564 790 1601 gravatum.
814 1568 964 1590 summam
981 1567 1054 1589 vero
1066 1557 1292 1600 disputationis
1303 1559 1388 1591 illius
1398 1558 1566 1596 exstitisse,
1577 1560 1666 1601 quod

196 1613 340 1645 Socrates
354 1612 427 1644 illos
447 1611 536 1645 fateri
555 1613 702 1655 cogebat,
726 1611 871 1655 ejusdem
888 1612 945 1643 viri
968 1611 1105 1644 officium
1129 1622 1208 1650 esse,
1225 1612 1404 1655 tragoediam
1419 1612 1670 1658 comoediamque

196 1677 397 1713 componere,
413 1677 562 1709 eumque,
577 1667 631 1709 qui
654 1673 719 1699 arte
742 1666 877 1710 tragicus
899 1671 960 1706 est,
976 1677 1044 1698 esse
1066 1677 1194 1709 quoque
1210 1666 1378 1700 comicum.
1423 1661 1505 1699 Cum
1517 1667 1587 1699 haec
1608 1666 1671 1705 illi,

196 1722 299 1754 coacti
314 1721 420 1764 potius
433 1732 526 1763 quam
542 1721 693 1764 persuasi,
710 1721 949 1763 concessissent,
964 1732 997 1753 se
1019 1731 1129 1752 somno
1146 1721 1271 1754 dedisse
1289 1721 1534 1764 Aristophanem
1556 1721 1673 1764 primo,

196 1775 399 1818 Agathonem
413 1776 542 1814 deinde,
558 1780 665 1807 exorta
676 1775 742 1818 jam
754 1776 825 1808 luce
840 1788 847 1806 :
873 1775 1031 1808 Socratem
1045 1787 1117 1808 vero
1138 1776 1363 1808 dormientibus
1388 1775 1449 1807 illis
1469 1775 1502 1807 in
1514 1775 1672 1819 Lyceum,

197 1831 267 1872 ipso
281 1835 315 1861 ut
329 1836 534 1863 consueverat
549 1831 734 1873 comitante,
746 1830 844 1863 fuisse
855 1831 1044 1873 profectum,
1057 1835 1091 1862 et
1104 1830 1204 1863 lotum
1214 1831 1306 1864 solito
1321 1841 1355 1863 se
1368 1840 1454 1863 more
1468 1829 1555 1863 diem
1569 1834 1674 1870 totum

196 1886 383 1930 exercuisse,
397 1895 434 1918 ac
449 1886 576 1918 demum
593 1886 632 1918 ad
650 1896 810 1929 vesperam
825 1886 912 1919 domi
926 1886 1127 1929 requievisse.
