1846 3268
244 324 325 362 432
843 324 1108 365 PLAToms
1641 331 1713 384 [66

247 426 482 459 communicans
498 437 601 470 neque
617 429 786 471 attingens,
800 428 914 471 ipsum,
930 430 1016 472 quod
1030 440 1100 462 vere
1122 435 1181 470 est,
1197 431 1336 464 affectat.
1379 433 1458 466 Suu.
1481 432 1540 464 Est
1553 433 1610 467 ita.
1656 435 1716 470 so.

249 480 368 513 Nonne
382 487 414 513 et
430 482 461 513 in
477 483 536 514 hoc
553 483 737 525 philosophi
759 484 880 516 animus
903 484 1037 515 maxime
1057 486 1231 518 contemnit
1254 497 1381 529 corpus,
1397 488 1437 519 ab
1457 498 1559 531 eoque
1580 488 1717 532 aufugit,

248 535 422 578 quaeritque
449 538 621 569 secundum
649 538 786 580 seipsum
813 538 915 570 vivere
929 538 941 569 ?
996 539 1076 572 Sua.
1097 539 1252 582 Apparet.
1307 542 1363 573 So.
1386 541 1472 580 Quid
1498 553 1571 574 vero
1595 544 1675 580 haec,
1699 553 1719 575 ο

249 589 401 622 Simmia?
425 590 612 623 Dicimusne
623 592 746 633 justum
761 593 862 634 ipsum
886 603 954 624 esse
977 592 1097 636 aliquid
1121 604 1162 625 an
1187 594 1291 626 nihil?
1335 595 1416 629 Sus.
1441 595 1574 638 Aliquid
1591 606 1648 639 per
1661 597 1720 630 Jo-

249 654 332 677 vem.
375 644 431 676 So,
454 644 575 678 Rursus
590 645 694 688 ipsum
706 647 870 689 pulchrum
885 648 1052 690 ipsumque
1067 649 1184 679 bonum
1200 649 1318 691 aliquid
1335 651 1426 683 esse?
1469 651 1550 682 Sur.
1572 650 1720 688 Quidni?

250 697 307 729 So.
330 697 416 729 Num
431 698 602 742 aliquando
618 701 727 732 horum
753 702 873 743 aliquid
895 702 996 734 oculis
1024 703 1214 744 percepisti?
1259 703 1338 735 Sus.
1360 703 1544 747 Nunquam.
1589 705 1646 738 So.
1668 705 1722 736 An

249 751 312 783 alio
336 753 473 794 quodam
499 763 590 786 sensu
617 755 754 796 corporis
780 756 936 798 attigisti?
959 756 1071 798 loquor
1098 762 1203 789 autem
1228 758 1269 789 de
1294 757 1450 796 omnibus,
1465 758 1562 790 veluti
1587 759 1628 790 de
1650 758 1720 800 ipsa

250 807 480 848 magnitudine,
496 808 539 840 de·
551 809 697 851 sanitate,
713 810 755 842 de
770 810 878 843 robore
893 811 976 852 ipso,
989 821 1028 842 ac
1050 811 1226 842 summatim
1253 812 1294 843 de
1315 817 1487 843 ceterorum
1511 812 1655 843 omnium
1670 820 1721 844 es-

250 860 364 903 sentia,
381 861 411 892 id
427 867 486 899 est,
501 863 587 904 quod
603 865 850 906 unumquodque
866 865 925 895 sit:
951 865 1093 907 nunquid
1111 876 1167 907 per
1180 875 1295 907 corpus
1309 866 1395 908 quod
1411 866 1446 897 in
1459 866 1510 898 his
1523 866 1718 898 verissimum

249 919 299 946 est
314 916 498 958 perspicitur
511 917 522 948 ἓ
547 928 588 948 an
602 918 647 949 ita
658 929 692 949 se
708 929 755 950 res
770 919 875 950 habet.
898 919 1079 962 quicunque
1095 925 1235 951 nostrum
1253 920 1384 952 maxime
1394 926 1428 952 et
1442 921 1645 953 sincerissime
1666 931 1723 952 co-

249 968 348 1010 gitare
365 979 468 1002 mente
485 982 518 1003 se
533 978 694 1014 comparat
707 973 822 1014 ipsum,
837 974 923 1015 quod
938 974 1118 1016 aggreditur
1133 975 1350 1016 cogitandum,
1366 976 1417 1007 bic
1430 976 1571 1017 proxime
1585 977 1626 1007 ad
1644 986 1724 1018 cog·-

250 1023 403 1055 nitioncm
419 1025 521 1067 ipsius.
537 1026 681 1058 accedit?
728 1028 809 1059 Sur.
834 1029 976 1061 Prorsus.
1019 1029 1076 1060 So.
1099 1029 1216 1060 Nonne
1240 1030 1336 1071 igitur
1349 1029 1406 1061 ille
1421 1029 1583 1072 purissime
1597 1029 1726 1072 faceret,

251 1079 516 1121 quicunque2ipsa
534 1082 646 1112 mentis
661 1082 893 1124 excogitatione
916 1093 1010 1125 quarn
1034 1083 1166 1115 maxime
1189 1094 1222 1115 se
1238 1084 1278 1115 ad
1297 1084 1544 1126 unumquodque
1558 1083 1725 1122 conferret,

249 1142 355 1174 neque
370 1134 469 1165 visum
494 1135 527 1166 in
543 1136 755 1178 excogitando
770 1138 923 1169 adhibens
938 1146 1042 1180 neque
1068 1140 1193 1170 sensum
1216 1148 1341 1180 prorsus
1366 1138 1463 1171 ullum
1489 1138 1723 1170 ratiocinationi

251 1186 450 1230 conjungens
465 1200 472 1220 :
498 1190 575 1232 [66]
601 1191 656 1222 sed
672 1190 740 1233 ipsa
755 1193 929 1224 secundum
945 1203 978 1224 se
993 1192 1094 1235 ipsam
1111 1193 1226 1224 mentis
1241 1192 1471 1235 excogitatione
1482 1192 1604 1225 sincera
1616 1197 1720 1230 utens,

249 1240 353 1283 ipsum
371 1253 427 1284 per
441 1253 473 1275 se
488 1244 654 1286 quodlibet
669 1246 824 1278 sincerum
841 1247 976 1279 existens
1000 1248 1141 1279 studeret
1153 1247 1271 1289 venari,
1287 1248 1327 1278 ab
1351 1246 1462 1285 oculis,
1479 1247 1518 1278 ab
1540 1247 1666 1279 auribus
1680 1251 1724 1285 et,

252 1300 289 1326 ut
301 1297 478 1328 summatim
495 1298 613 1336 dicam,
628 1310 646 1331 a
673 1305 741 1332 toto
767 1311 897 1343 corpore
919 1301 1009 1339 liber,
1025 1306 1139 1344 utpote
1155 1302 1355 1344 perturbante
1371 1301 1520 1339 animum,
1536 1310 1641 1343 neque
1655 1310 1726 1343 per-

249 1349 396 1384 mittente
411 1353 571 1384 veritatem
585 1354 835 1397 sapientiamque
862 1356 998 1398 assequi,
1015 1356 1042 1387 si
1064 1356 1194 1397 quando
1216 1355 1247 1387 in
1264 1355 1517 1387 communionem
1533 1355 1722 1398 recipiatur?

249 1403 307 1436 An
321 1415 386 1437 non
401 1407 452 1437 hic
473 1406 544 1450 erit,
558 1418 577 1439 o
599 1408 739 1446 Simmia,
755 1409 780 1440 si
804 1411 874 1451 quis
890 1420 1028 1452 unquam
1044 1411 1137 1452 alius,
1162 1410 1274 1452 ipsius,
1296 1411 1383 1453 quod
1399 1419 1471 1442 vere
1497 1415 1557 1446 est.
1580 1418 1722 1452 compos.

247 1459 330 1493 Suu.
356 1460 492 1493 Mirifice
507 1472 578 1494 vera
594 1462 740 1505 loqueris,
757 1465 912 1497 Socrates.
957 1464 1015 1497 So.
1039 1463 1157 1496 Nonne
1174 1465 1268 1506 igitur
1278 1475 1316 1496 ex
1327 1465 1376 1495 his
1387 1460 1719 1499 omnibusneeessario

250 1515 404 1556 sequitur,
420 1516 601 1558 opinionem
620 1518 775 1560 ejusmodi
792 1519 940 1561 legitimis
955 1519 1151 1563 philosophis
1166 1530 1266 1561 usque
1291 1519 1371 1550 adeo
1392 1523 1534 1553 constare
1549 1517 1675 1555 debere,
1691 1521 1726 1549 nt

249 1570 288 1600 ad
306 1580 340 1600 se
354 1570 488 1602 invicem
504 1571 551 1602 ita
565 1571 734 1614 loquantur
748 1574 760 1604 ?
806 1573 991 1606 Necessaria
1002 1574 1071 1617 jam
1085 1574 1206 1606 ratione
1220 1573 1431 1612 concluditur,
1445 1583 1506 1605 nos
1517 1573 1652 1614 quadam
1675 1581 1727 1603 ra-

250 1623 345 1655 tionis
357 1624 457 1666 ipsius
471 1625 521 1657 via
533 1626 573 1658 ad
589 1627 622 1658 id
638 1628 899 1660 considerandum
917 1629 1059 1671 perduci,
1074 1628 1224 1660 videlicet
1235 1629 1338 1660 donec
1353 1637 1469 1669 corpus
1477 1627 1641 1664 habemus,
1655 1625 1723 1658 ani-

248 1689 381 1722 musque
397 1685 502 1711 noster
517 1685 605 1712 tanto
622 1682 703 1714 malo
719 1683 777 1714 erit
791 1684 958 1721 admixtus,
973 1693 1134 1726 nunquam
1149 1693 1207 1714 nos
1221 1682 1266 1721 id,
1277 1682 1363 1725 quod
1376 1681 1600 1719 desideramus,
1616 1690 1723 1712 verum

250 1734 291 1765 ad
305 1739 418 1765 votum
436 1740 670 1769 consecuturos.
717 1737 949 1779 Impedimenta
973 1737 1058 1769 enim
1085 1747 1178 1779 paene
1204 1735 1445 1768 innumerabilia
1468 1745 1582 1777 corpus
1604 1735 1723 1777 praebet

251 1793 381 1831 propter
395 1790 599 1822 necessariam
613 1790 682 1833 ejus
697 1792 888 1824 alimoniam.
917 1796 1067 1834 praeterea
1081 1791 1180 1823 morbi
1195 1789 1288 1822 nobis
1310 1790 1384 1823 hinc
1395 1790 1573 1822 incidentes
1595 1788 1724 1821 investi-

250 1843 412 1884 gationem
428 1844 566 1876 veritatis
579 1844 758 1888 impediunt
772 1859 779 1877 ε
804 1846 972 1884 amoribus,
987 1846 1226 1888 cupiditatibus,
1243 1844 1419 1882 timoribus,
1433 1843 1724 1886 multiplicibusque

248 1896 452 1939 imaginibus,
467 1899 574 1931 multis
597 1899 736 1942 denique
757 1901 852 1943 nugis
873 1911 930 1932 nos
952 1900 1077 1942 implet,
1097 1905 1133 1932 ut
1147 1899 1307 1932 verissime
1328 1899 1452 1931 dicatur
1464 1898 1544 1930 nihil
1561 1897 1651 1941 pensi
1664 1907 1723 1929 un-

248 1961 344 1993 quam
358 1963 396 1984 ac
410 1953 476 1984 veri
497 1953 588 1989 nobis
607 1954 729 1986 afferre.
771 1954 856 1986 Nam
881 1956 922 1987 ad
950 1954 1042 1990 bella.
1058 1955 1098 1986 ad
1121 1954 1305 1992 seditiones,
1321 1954 1362 1985 ad
1387 1963 1510 1996 pugnas
1534 1952 1613 1984 nihil
1637 1952 1722 1984 aliud

250 2015 344 2047 quam
371 2016 486 2048 corpus
508 2007 686 2050 multiplex,
713 2008 846 2050 ejusque
867 2009 1058 2051 cupiditates
1083 2007 1215 2050 impelli.
1261 2007 1379 2040 Omnia
1408 2007 1491 2040 enim
1517 2007 1723 2050 pecuniarum

250 2060 350 2101 gratia
366 2060 457 2094 fiunt.
501 2061 658 2094 Pecunias
681 2067 784 2094 autem
809 2073 946 2105 quaerere
967 2062 1108 2104 cogimur
1129 2061 1267 2103 corporis
1294 2061 1403 2104 gratia,
1419 2061 1488 2093 usui
1512 2061 1581 2104 ejus
1596 2060 1726 2093 inservi·

250 2119 351 2153 entes,
368 2120 462 2157 atque
477 2115 523 2147 ita
533 2116 580 2155 fit,
596 2121 630 2148 ut
638 2122 767 2159 propter
776 2117 844 2149 haec
860 2117 966 2148 omnIa
981 2127 999 2148 a
1015 2116 1223 2159 philosophiae
1239 2116 1350 2148 studiis
1365 2115 1588 2148 abstrahamur.
1611 2115 1723 2147 Extre-

249 2180 336 2202 mum
359 2181 432 2202 vero
447 2171 587 2203 omnium
602 2177 661 2210 est,
676 2173 762 2214 quod
779 2172 804 2204 si
817 2172 895 2214 quid
914 2173 954 2204 ab
976 2172 1047 2214 ipso
1062 2171 1118 2203 otii
1133 2171 1226 2203 nobis
1237 2171 1412 2212 contingat,
1429 2179 1549 2212 nosque
1564 2170 1604 2202 ad
1619 2169 1722 2202 eonsi-

249 2225 424 2257 derandum
440 2223 563 2268 aliquid
576 2226 783 2263 conferamus,
799 2225 1062 2268 investigantibus
1083 2225 1174 2258 nobis
1196 2235 1299 2258 mrsus
1319 2225 1438 2267 ubique
1459 2235 1527 2256 sese
1544 2234 1724 2267 opponens,

251 2279 387 2312 tumultu
404 2281 542 2322 quodam
558 2281 718 2323 perturbat
733 2281 883 2319 animum,
898 2285 930 2312 et
955 2280 1045 2323 quasi
1070 2280 1251 2322 percutiens
1274 2279 1379 2311 reddit
1398 2279 1578 2317 attonitum,
1593 2279 1674 2311 adeo
1690 2283 1725 2310 ut

250 2335 312 2366 hoc
334 2335 496 2366 obstaculo
518 2335 664 2377 impediti
679 2346 785 2368 verum
811 2336 988 2378 perspicere
1011 2345 1215 2378 nequeamus.
1261 2334 1408 2367 Ceterum
1432 2333 1524 2366 nobis
1547 2344 1654 2366 revera
1667 2334 1724 2366 de-

250 2394 455 2421 monstratum
482 2394 542 2428 est,
556 2390 583 2422 si
604 2391 731 2433 quando
755 2395 899 2433 optamus
921 2401 999 2433 pure
1026 2389 1146 2432 aliquid
1172 2389 1358 2431 intelligere,
1385 2389 1530 2420 recedere
1558 2397 1722 2429 acorpore

251 2449 396 2487 oportere
410 2449 506 2486 atque
521 2445 591 2488 ipso
607 2445 713 2477 animo
727 2455 776 2477 res
791 2445 876 2488 ipsas
889 2444 1098 2477 considerare.
1121 2449 1217 2486 atque
1239 2448 1328 2487 tunc,
1342 2447 1378 2474 ut
1400 2446 1543 2485 apparet,
1559 2447 1723 2484 compotes

250 2499 421 2530 evademus
435 2498 516 2541 ejus,
531 2500 618 2541 quod
634 2500 831 2543 affectamus,
843 2499 974 2542 cujusve
999 2503 1155 2531 amatores
1169 2498 1351 2540 profitemur
1366 2507 1424 2528 nos
1438 2507 1519 2535 esse,
1536 2496 1658 2528 scilicet
1672 2505 1723 2527 sa-

249 2552 391 2595 pientiae,
405 2563 477 2585 curn
493 2553 639 2586 videlicet
654 2555 767 2586 mortui
782 2554 942 2591 fuerimus.
956 2553 1222 2596 quemadmodum
1235 2552 1393 2594 significat
1402 2551 1481 2583 ratio
1495 2562 1503 2582 ε
1528 2551 1603 2582 dum
1615 2555 1721 2582 autem

249 2607 403 2646 vivemus,
417 2618 628 2651 nequaquam.
646 2620 760 2651 nempe
776 2609 802 2640 si
817 2609 895 2640 nihil
910 2619 985 2641 curnv
999 2618 1128 2650 corpore
1145 2617 1220 2650 pure
1232 2607 1365 2638 discerni
1382 2610 1499 2648 potest,
1509 2615 1527 2637 e
1539 2605 1663 2637 duobus
1678 2605 1723 2636 al-

250 2667 368 2694 terum:
394 2667 450 2694 aut
467 2662 554 2695 nullo
580 2665 676 2695 modo
701 2674 867 2707 possumus
890 2663 1053 2695 scientiam
1079 2661 1231 2704 consequi
1255 2666 1311 2693 aut
1339 2666 1412 2703 post
1439 2664 1584 2693 mortem.
1628 2658 1723 2691 Tune

249 2715 333 2748 enim
346 2716 467 2748 animus
484 2717 550 2759 ipse
565 2728 621 2760 per
635 2718 773 2760 seipsum
789 2718 848 2750 erit
861 2728 998 2749 seorsum
1013 2727 1034 2748 a
1059 2716 1134 2759 [67]
1155 2726 1286 2758 corpore
1299 2726 1308 2756 ;
1333 2715 1417 2757 prius
1426 2724 1500 2746 vero
1510 2722 1722 2756 nequaqnam.

252 2771 362 2814 Atque
378 2771 453 2804 dum
470 2771 613 2809 vivimus,
633 2772 677 2804 ita
692 2783 702 2812 ;
723 2778 759 2804 ut
774 2773 909 2809 videtur,
922 2772 1062 2815 proxime
1077 2772 1116 2803 ad
1133 2770 1295 2803 scientiam
1309 2769 1495 2802 accedemus
1510 2768 1539 2800 si
1549 2777 1643 2811 quam
1664 2766 1723 2798 mi-

250 2826 371 2858 nimum
386 2836 458 2859 cum
474 2835 604 2868 corpoee
619 2826 838 2859 commercium
854 2825 1064 2864 habuerimus,
1080 2835 1184 2868 nequo
1210 2823 1378 2867 quicquam
1394 2834 1464 2856 cum
1480 2822 1538 2856 illo
1550 2821 1723 2855 communi-

251 2881 437 2918 caverimus,
452 2881 514 2913 nisi
531 2885 683 2924 quantum
699 2891 820 2913 summa
834 2886 929 2924 cogat
943 2880 1132 2921 necessitas;
1154 2889 1258 2922 neque
1279 2878 1374 2921 hujus
1397 2882 1508 2910 natura
1522 2875 1723 2918 replebimur,

251 2937 306 2968 sed
322 2937 362 2968 ab
379 2935 447 2979 ejus
463 2935 653 2978 contagione
667 2936 859 2973 cavebimus,
875 2935 981 2978 quoad
1005 2936 1083 2967 deus
1104 2935 1173 2977 ipse
1199 2944 1257 2966 nos
1273 2933 1383 2966 solvat.
1427 2931 1535 2974 Atque
1548 2930 1594 2962 ita
1610 2929 1679 2972 puri
1694 2934 1727 2961 et

251 2999 270 3021 a
285 2990 426 3033 corporis
441 2990 562 3022 insania
581 2989 714 3028 liberati,
731 2996 766 3022 ut
782 2996 1025 3023 consentaneum
1042 2994 1101 3028 cst,
1117 2998 1186 3021 cum
1205 2988 1318 3021 talibus
1342 2987 1466 3025 erimus,
1482 2994 1725 3028 cognoscemus·

252 3055 314 3087 que
326 3055 381 3087 per
397 3045 553 3087 nosipsos
580 3045 734 3078 sincerum
757 3045 934 3088 quodlibet,
952 3045 983 3077 id
1007 3050 1065 3083 cst,
1083 3044 1210 3076 forsitan
1236 3042 1338 3086 ipsum
1364 3051 1480 3073 verum.
1506 3050 1575 3072 nam
1602 3039 1725 3082 impuro
