1846 3268
221 253 317 304 274]
610 251 876 291 PLATONIS
907 251 1296 292 EUTHYDEMUS.
1612 254 1693 293 289

216 365 301 391 nunc
316 358 429 390 fidibus
443 358 547 390 docet.
592 356 685 388 Pueri
701 356 794 398 igitur
808 355 1019 398 condiscipuli
1029 366 1078 388 me
1092 356 1235 398 quotidie
1250 356 1365 394 rident,
1377 360 1407 387 et
1421 355 1565 388 Gonnum
1578 357 1683 398 ipsum

217 422 325 444 senum
350 412 527 453 magistrum
552 416 749 452 nuncupant.
795 408 847 440 Ne
870 420 944 451 ergo
968 410 1028 442 boc
1053 410 1137 441 idem
1152 410 1264 452 aliquis
1279 410 1457 452 hospitibus
1473 410 1521 442 his
1537 411 1679 453 objiciat,

217 471 250 497 et
264 465 310 496 illi
326 466 384 497 hoc
400 465 520 496 detenti
537 475 585 497 me
601 469 757 501 recusent,
773 464 851 495 alios
867 474 994 505 quoque
1016 464 1196 501 nonnullos,
1212 475 1231 494 o
1255 464 1355 502 Crito,
1370 469 1445 495 natu
1466 466 1599 506 grandes
1614 477 1680 498 me-

216 530 286 551 cum
300 519 377 550 illuc
392 518 534 550 discendi
549 518 647 560 gratia
663 518 818 560 proficisci
834 529 900 549 sum
917 518 1096 549 exhortatus
1110 530 1118 549 z
1142 518 1195 550 hic
1206 517 1281 549 item
1298 518 1367 549 aliis
1384 520 1569 560 persuadere
1585 529 1682 551 cona-

218 573 282 604 bor.
305 573 358 603 sed
375 582 429 604 cur
449 583 512 604 non
529 577 560 604 et
577 577 611 603 tu
628 572 727 610 venis,
743 572 824 603 filios
841 577 944 604 tecum
960 573 1079 604 ducens
1093 572 1104 602 ?
1128 583 1220 614 porro
1234 583 1306 604 cum
1322 572 1471 614 viderint,
1485 573 1560 614 quia
1575 584 1681 615 spera·

211 627 290 658 bunt
306 625 438 657 filiorum
454 636 580 667 quoque
597 630 720 656 tuorum
743 636 941 663 concursum,
964 626 1012 657 his
1038 626 1126 667 quasi
1143 626 1296 657 illecebris
1311 627 1443 659 adducti
1458 626 1606 658 libentius
1622 638 1681 659 nos

210 680 399 711 erudiendos
414 680 584 722 excipient.
629 679 693 712 Cn.
718 678 807 710 Nihil
823 678 980 720 prohibet,
993 679 1149 716 Socrates,
1165 679 1191 710 si
1204 679 1261 710 tibi
1279 680 1413 712 videtur.
1459 680 1575 711 Verum
1592 680 1680 723 prius

212 743 283 775 quae
308 733 430 765 illorum
453 733 606 776 sapientia
631 734 681 771 sit,
703 740 825 771 enarra,
855 737 890 763 ut
913 732 990 775 quid
1028 732 1206 774 percepturi
1242 732 1338 764 simus
1361 744 1564 775 cognoscam.
1617 734 1679 766 So.

212 787 466 829 Haudquaquam
483 798 566 819 nunc
581 793 656 819 ante
679 787 839 829 objiciam,
856 788 940 829 quod
966 797 1030 817 non
1057 786 1131 818 satis
1155 787 1308 824 recorder,
1324 786 1399 829 quia
1415 788 1518 819 minus
1534 789 1679 820 attende*

212 842 291 873 rim:
316 842 410 873 immo
434 847 466 873 et
491 841 622 874 incubui
647 841 826 882 diligenter,
841 846 874 872 et
899 840 1049 880 memini3
1073 840 1194 882 tibique
1220 852 1238 872 a
1258 840 1416 882 principio
1430 847 1545 873 cuncta
1565 842 1679 874 referre

211 895 359 928 conabor.
404 895 558 938 Equidem
574 895 680 927 divina
694 896 829 936 quadam
852 900 933 927 sorte
958 895 991 926 in
1015 895 1183 937 gymnasio
1199 895 1295 934 solus,
1313 895 1367 926 ubi
1385 906 1432 926 me
1449 894 1567 933 vidisti,
1583 897 1677 928 sede-

211 948 302 980 bam:
321 949 453 991 jamque
467 949 543 981 inde
555 949 715 981 discedere
731 949 919 990 cogitabam.
942 948 997 980 sed
1011 948 1115 980 statim
1131 949 1269 990 surgenti
1285 949 1360 980 mihi
1374 949 1500 981 solitum
1516 950 1593 981 illud
1611 951 1678 982 dae-

213 1002 370 1042 monicum
390 1003 513 1044 signum
540 1003 674 1035 obsistit.
720 1001 840 1034 Restiti
867 1002 987 1044 itaque,
1003 1012 1040 1034 ac
1061 1002 1156 1044 paulo
1173 1007 1244 1044 post
1266 1002 1396 1045 ingressi
1412 1009 1485 1035 sunt
1509 1004 1606 1047 [273]
1631 1005 1677 1042 hi,

211 1056 432 1099 Euthydemus
457 1056 771 1099 Dionysodorusque,
787 1061 820 1087 et
844 1056 895 1087 alii
925 1056 1015 1087 multi
1037 1067 1109 1088 cum
1136 1056 1210 1094 illis,
1227 1057 1282 1098 qui
1297 1057 1420 1092 illorum
1437 1058 1514 1089 mihi
1528 1058 1679 1101 discipuli

208 1110 405 1142 videbantur.
450 1111 586 1153 Ingressi
607 1117 712 1142 autem
729 1111 760 1141 in
777 1111 847 1152 ipso
863 1111 1016 1152 adoperto
1031 1121 1122 1142 cursu
1138 1100 1394 1146 deambulabant.
1417 1123 1522 1154 neque
1535 1113 1611 1144 dum
1628 1113 1677 1144 bis

211 1170 266 1195 aut
281 1169 326 1195 ter
339 1164 419 1196 illud
433 1170 610 1207 exegerant,
626 1176 696 1196 cum
719 1164 902 1196 adventavit
927 1164 1046 1196 Clinias
1066 1165 1133 1205 ille,
1149 1175 1241 1206 quern
1267 1165 1435 1206 profecisse
1450 1166 1542 1204 dicis,
1557 1171 1590 1198 et
1604 1178 1676 1198 vere

210 1218 356 1260 loqueris-
400 1218 480 1250 Eum
505 1219 604 1251 secuti
629 1224 703 1250 sunt
729 1218 822 1250 amici
846 1223 879 1249 et
901 1218 954 1250 alii
980 1219 1083 1256 multi,
1099 1224 1132 1250 et
1158 1219 1342 1250 adolescens
1358 1219 1486 1261 quidam
1503 1220 1675 1263 Ctesippus

210 1272 374 1309 Paeaneus,
389 1273 518 1314 ingenio
529 1273 629 1304 bonus
643 1272 770 1314 quidem
786 1272 974 1317 etpulcher,
990 1273 1046 1304 sed
1061 1273 1128 1314 ipsa
1149 1272 1318 1314 juventute
1332 1273 1488 1305 lascivior.
1533 1274 1674 1307 Intuitns

210 1337 259 1357 me
274 1328 314 1358 ab
339 1330 476 1369 ingressu
499 1326 618 1359 Clinias
634 1327 794 1358 sedentem
810 1327 924 1367 solum,
940 1331 1048 1358 contra
1064 1327 1162 1367 venit,
1177 1331 1210 1358 et
1223 1328 1261 1358 ad
1278 1328 1435 1359 dexteram
1453 1339 1552 1360 meam
1577 1330 1675 1371 sedit,

208 1385 244 1411 ut
268 1386 301 1411 et
324 1380 392 1422 ipse
414 1381 472 1414 ais.
518 1380 598 1412 Cum
614 1390 686 1411 vero
709 1390 781 1412 eum
801 1379 1045 1422 Dionysodorus
1060 1380 1344 1423 Euthydemusque
1361 1381 1523 1420 vidissent,
1538 1382 1672 1424 primum

205 1433 332 1475 quidem
348 1435 437 1466 novis
452 1439 588 1466 astantes
605 1435 738 1466 invicem
754 1435 960 1473 disserebant,
983 1435 1055 1466 hinc
1078 1440 1172 1476 atque
1193 1435 1279 1466 illinc
1293 1436 1326 1466 in
1347 1446 1404 1467 nos
1419 1437 1527 1468 oculos
1544 1447 1674 1469 conver-

207 1492 320 1520 tentes.
343 1498 402 1530 ego
428 1489 510 1520 enim
538 1489 610 1520 illos
637 1489 876 1530 diligentissime
897 1489 1111 1521 observabam.
1172 1488 1300 1520 Deinde
1327 1490 1458 1531 propius
1486 1491 1674 1524 accedentes

206 1543 426 1580 consederunt,
442 1543 663 1585 Euthydemus
678 1543 907 1585 quidemjuxta
922 1544 1025 1585 ipsum
1041 1543 1288 1585 adolescentem,
1303 1543 1546 1585 Dionysodorus
1565 1549 1672 1577 autem

201 1594 294 1637 juxta
309 1607 360 1628 me
376 1597 416 1628 ad
431 1597 597 1635 sinistram,
620 1597 674 1628 alii
690 1608 761 1628 vero
783 1603 946 1639 utcunque
957 1588 1112 1639 'contigih
1158 1597 1218 1628 His
1232 1598 1326 1639 igitur
1341 1599 1574 1640 congratulatus
1590 1610 1671 1638 sum,

206 1654 318 1691 utpote
343 1651 400 1693 qui
421 1651 475 1682 diu
498 1651 570 1682 illos
589 1651 827 1684 nonwideram.
874 1652 952 1683 Post
979 1652 1046 1683 haec
1068 1652 1108 1682 ad
1125 1651 1260 1683 Cliniam
1276 1663 1443 1683 conversus
1459 1653 1598 1694 inquam,
1614 1654 1673 1686 Isti

208 1704 348 1746 quidem,
363 1716 382 1736 o
405 1705 522 1743 Clinia,
538 1705 607 1743 viri,
629 1705 849 1747 Euthydemus
871 1705 1189 1748 Dionysodorusque,
1213 1716 1277 1736 non
1300 1706 1332 1736 in
1355 1707 1446 1737 rebus
1471 1707 1572 1748 parvis
1586 1713 1673 1747 sunt,

205 1759 260 1789 sed
277 1758 417 1790 maximis
431 1760 600 1801 sapientes,
625 1770 695 1790 nam
720 1770 791 1801 quae
817 1759 857 1790 ad
885 1770 948 1791 rem
967 1760 1132 1791 militarem
1154 1760 1324 1802 pertinent,
1340 1759 1445 1792 sciunt
1460 1761 1577 1799 omnia,
1591 1767 1672 1803 quot

205 1822 298 1844 nosse
312 1813 418 1850 debet,
434 1813 616 1854 quicunque
631 1819 774 1844 strenuus
801 1814 864 1845 dux
889 1814 1043 1845 exercitus
1060 1819 1108 1846 est
1128 1814 1262 1854 futurus,
1276 1814 1359 1846 circa
1382 1814 1465 1845 acics
1479 1815 1668 1858 ordinesque

203 1871 236 1898 et
250 1867 402 1898 exercitus
419 1867 637 1899 instructiones
651 1873 684 1899 et
704 1868 825 1910 proelia.
871 1869 1009 1900 Possunt
1031 1869 1106 1910 quin
1124 1869 1217 1899 etiam
1235 1869 1429 1900 causidicum
1445 1870 1585 1911 quemvis
1600 1870 1670 1902 effi·

202 1925 272 1952 cere
287 1927 560 1963 accusatoremque
573 1921 754 1954 acerrimum
769 1933 888 1959 eorum,
903 1923 957 1963 qui
970 1922 1100 1964 injurias
1112 1922 1296 1955 intulerunt.
1343 1922 1396 1956 llli
1412 1934 1461 1954 me
1473 1923 1516 1954 ita
1528 1923 1667 1956 locutum

202 1979 467 2016 contempserunt,
484 1986 579 2017 seque
602 1975 734 2008 invicem
758 1977 960 2018 inspicientes
985 1977 1150 2008 subrisere.
1197 1976 1302 2018 Atque
1315 1977 1421 2018 inquit
1435 1977 1668 2020 Euthydemus,

170 2069 177 2075 ·
203 2027 298 2059 Haud
320 2029 454 2071 amplius
477 2031 544 2061 haec
567 2030 646 2062 serio
661 2035 840 2068 tractamus,
857 2042 875 2061 o
898 2032 1053 2068 Socrates,
1076 2031 1130 2062 sed
1154 2030 1201 2061 his
1216 2031 1443 2062 intermittendi
1458 2032 1554 2063 studii
1570 2033 1669 2074 gratia

202 2082 329 2115 utimur.
374 2083 470 2120 Quod
495 2095 554 2125 ego
575 2085 742 2116 admiratus
766 2085 904 2126 inquam.
928 2086 1082 2117 Praeclara
1106 2085 1208 2116 studia
1225 2090 1326 2116 vestra
1350 2090 1434 2123 sunt,
1450 2086 1476 2116 si
1498 2096 1546 2117 res
1572 2091 1668 2118 tantae

195 2136 290 2176 «quasi
304 2136 546 2170 intermissiones
562 2140 707 2181 quaedam
723 2139 853 2181 jocique
868 2150 888 2171 a
910 2140 997 2171 vobis
1013 2140 1179 2171 habentur.
1225 2139 1344 2176 Dicite,
1361 2150 1416 2180 per
1431 2140 1508 2170 deos
1523 2141 1667 2179 obsecro,

202 2189 278 2231 quid
294 2191 354 2222 hoc
370 2196 502 2223 vestrum
519 2197 581 2223 tam
598 2193 755 2234 egregium
773 2194 875 2234 opus?
921 2193 985 2226 Eu.
1011 2193 1181 2234 Virtutem,
1203 2204 1221 2224 ο
1248 2194 1404 2232 Socrates,
1419 2194 1603 2225 arbitramur
1617 2195 1666 2226 fa-

201 2243 317 2275 cillime
342 2251 436 2287 atque
461 2246 578 2287 optime
593 2247 732 2277 omniurn
748 2247 862 2278 docere
885 2257 986 2288 posse.
1034 2247 1090 2279 So.
1115 2247 1198 2278 Proh
1213 2247 1233 2279 J
1239 2247 1373 2287 uppiter,
1389 2258 1481 2288 quam
1499 2247 1666 2289 pretiosam

200 2307 269 2327 renr
279 2298 492 2339 pollicemini!
538 2300 611 2336 Qua
636 2306 717 2331 sorte
744 2301 941 2341 potissimum
969 2301 1087 2331 lucrum
1115 2301 1197 2332 istud
1214 2302 1301 2331 vobis
1327 2302 1460 2343 obtigit?
1506 2301 1663 2344 Equidem

201 2350 246 2382 ita
261 2352 301 2382 de
317 2353 406 2384 vobis
429 2353 606 2394 cogitabam
633 2353 798 2394 hactenus,
814 2359 850 2384 ut
871 2355 964 2384 modo
990 2354 1148 2395 dicebam,
1170 2354 1260 2395 quasi
1285 2354 1325 2385 de
1341 2354 1413 2386 viris
1429 2355 1460 2385 in
1486 2365 1518 2386 re
1540 2355 1663 2388 militari

201 2405 440 2445 praestaritibus3
464 2405 562 2447 idque
586 2407 627 2437 de
643 2407 730 2437 vobis
756 2407 977 2448 praedicabam.
1021 2407 1157 2438 Memini
1183 2407 1280 2444 enim,
1293 2418 1365 2439 cum
1382 2409 1443 2440 huc
1461 2409 1593 2450 primum
1610 2421 1664 2442 ve·

200 2457 302 2495 nisus,
314 2459 372 2490 hoc
388 2459 584 2491 solummodo
599 2461 695 2492 fuisse
711 2461 879 2502 professos.
902 2462 987 2503 quod
1004 2460 1030 2492 si
1046 2471 1130 2493 nunc
1147 2472 1178 2492 re
1193 2472 1265 2492 vera
1280 2462 1442 2493 scientiam
1459 2463 1539 2494 hanc
1555 2464 1667 2505 adepti

201 2511 286 2551 estis,
302 2517 402 2544 estote
417 2514 546 2555 propitii
561 2525 570 2546 ς
597 2515 737 2555 protecto
754 2526 809 2546 vos
826 2516 954 2557 perinde
970 2526 1006 2547 ac
1020 2516 1097 2546 deos
1123 2516 1258 2557 advoco,
1273 2516 1439 2547 obsecrans
1456 2522 1490 2548 ut
1505 2518 1664 2558 superiora

203 2570 302 2595 errata
318 2565 392 2597 mihi
408 2577 491 2599 nunc
507 2569 686 2609 ignoscatis.
713 2569 810 2611 [274]
837 2569 955 2600 Verum
972 2569 1089 2606 videte,
1101 2579 1120 2599 o
1144 2568 1345 2611 Euthydeme
1361 2569 1662 2612 Dionysodoreque,

201 2624 302 2650 utrum
318 2630 388 2651 vera
415 2619 599 2662 loquamini.
622 2633 723 2664 neque
749 2623 858 2654 mirum
874 2623 973 2655 videri
996 2623 1102 2660 debet,
1112 2623 1136 2653 si
1151 2623 1221 2664 quis
1247 2624 1290 2654 rei
1312 2624 1400 2655 istius
1423 2635 1516 2666 quam
1532 2625 1664 2667 pollice·

201 2673 277 2704 mini
304 2673 549 2715 magnitudinem
576 2676 743 2714 aestimans,
766 2677 895 2709 difficile
919 2678 1039 2709 credat.
1083 2677 1147 2707 Eu.
1171 2677 1265 2708 Certe
1291 2677 1369 2709 scito
1395 2679 1438 2709 ita
1460 2690 1538 2716 esse,
1559 2690 1577 2710 o
1601 2678 1662 2710 So-

198 2731 308 2757 crates.
351 2727 406 2759 So.
431 2728 594 2759 Beatiores
607 2730 753 2771 equidem
769 2741 823 2762 vos
839 2731 880 2761 ob
895 2730 989 2772 hujus
1017 2731 1062 2762 rei
1087 2731 1329 2772 possessionem,
1344 2742 1437 2774 quam
1464 2734 1507 2764 ob
1531 2743 1660 2774 regnum

198 2789 288 2811 suum
306 2791 449 2821 magnum
465 2792 567 2823 regem
584 2782 739 2816 existimo.
786 2784 902 2816 Verum
918 2785 1025 2821 dicite,
1041 2795 1160 2826 quaeso,
1175 2790 1276 2816 utrum
1292 2787 1458 2817 ostendere
1482 2787 1562 2817 hanc
1577 2787 1662 2827 sapi-

199 2833 315 2864 entiam
330 2834 488 2876 cogitetis,
503 2846 542 2867 an
558 2836 648 2868 aliter
661 2837 751 2869 vobis
774 2838 816 2869 sit
834 2838 1025 2872 consultum.
1069 2838 1134 2870 Eu.
1159 2837 1214 2870 Ad
1240 2840 1300 2871 hoc
1321 2840 1436 2882 ipsum,
1461 2852 1479 2871 o
1505 2841 1659 2877 Socrates,

198 2888 351 2926 venimus,
368 2894 515 2931 tanquam
533 2890 771 2922 demonstraturi
787 2898 882 2934 atque
894 2893 1031 2930 docturi,
1054 2892 1080 2924 si
1094 2893 1164 2934 quis
1179 2893 1299 2925 discere
1315 2894 1435 2935 cupiat.
1480 2894 1536 2925 So.
1560 2893 1659 2933 Atqui

200 2943 284 2983 quod
298 2942 406 2974 volent
421 2954 528 2976 omncs
543 2945 721 2988 quicunque
737 2952 854 2986 carent,
871 2948 940 2990 ipse
955 2947 1043 2980 vobis
1056 2947 1146 2990 quasi
1162 2958 1292 2989 sponsor
1307 2949 1435 2980 affirmo.
1458 2947 1670 2993 egoqquidcru*

291 2997 381 3030 Pluc.
402 2999 457 3031 Tr.
920 3002 948 3033 l.
1532 3004 1551 3032 2
1575 3001 1603 3031 0
