1846 3268
165 273 261 324 166]
719 273 1090 316 PARMENIDES.
1553 282 1628 320 129

158 377 279 410 cimus?
325 376 454 419 Utique.
498 375 583 418 Ergo
595 375 671 418 ipsis
687 375 768 418 aliis,
781 376 808 409 si
831 378 926 408 modo
947 378 1009 410 alia
1024 379 1129 412 futura
1143 384 1229 421 sunt,
1254 381 1356 413 aderit
1370 381 1503 424 aliquid,
1527 394 1545 414 a
1561 395 1626 425 quo

157 433 220 464 alia
241 435 342 463 erunt.
385 431 536 464 Necesse.
581 429 743 467 Quidnam
766 430 800 462 id
821 431 1018 473 potissimum
1037 433 1117 464 erit?
1161 433 1212 464 Ab
1236 444 1298 465 uno
1320 434 1448 476 quidem
1474 436 1536 467 alia
1559 447 1624 468 non

157 491 260 524 erunt,
283 495 355 518 cum
378 484 456 519 illud
479 483 610 515 minime
634 484 686 515 sit.
730 484 806 516 Nou
822 490 918 516 certe.
962 485 1103 518 Invicem
1120 487 1227 528 itaque
1242 487 1305 519 alia
1320 492 1404 520 sunt.
1427 488 1461 519 id
1477 489 1559 520 enim
1575 501 1626 521 so-

158 539 223 571 lum
236 544 341 571 restat.
363 537 504 580 alioquin
518 548 538 569 a
551 537 638 568 nullo
653 538 717 571 alia
730 538 836 570 futura
857 543 942 571 sunt.
988 539 1104 572 Recte*
1147 540 1274 574 Idcirco
1295 542 1467 575 secundum
1484 543 1625 574 multitu-

157 593 247 624 dines
262 592 384 634 singula
398 592 532 624 invicem
547 592 610 624 alia
624 597 708 624 sunt.
730 592 849 624 etenim
870 593 1046 625 secundum
1061 604 1158 626 unum
1173 599 1349 636 nequeunt,
1375 605 1439 627 non
1454 597 1626 628 exsistente

156 656 232 678 uno.
254 657 358 678 verum
375 646 517 688 quilibet,
534 651 570 678 ut
583 646 719 683 videtur,
746 657 875 679 acervus
888 647 1012 679 illorum
1037 647 1240 680 multitudine
1261 649 1404 681 infinitus
1425 649 1568 681 exsistit:
1593 655 1626 682 et

155 700 180 731 si
195 701 279 742 quod
295 701 459 732 minimum
481 705 624 742 apparet,
647 700 803 742 quispiam
828 701 984 742 sumserit,
1000 701 1087 733 velut
1108 701 1142 733 in
1166 711 1276 733 somno
1299 702 1468 740 somnium,
1495 709 1624 744 repente

155 765 212 796 pro
227 764 278 791 eo,
292 755 379 796 quod
400 764 496 786 unum
511 754 611 785 visum
626 754 742 795 fuerat,
764 754 934 786 multitudo
959 755 1112 795 occurrit;
1135 760 1168 787 et
1190 766 1248 797 pro
1274 766 1325 793 eo,
1350 756 1436 797 quod
1458 756 1622 788 minimum

155 813 351 850 apparuerat,
361 819 454 851 quam
470 809 636 840 maximum
646 807 727 849 jam,
737 809 778 840 ad
789 809 845 840 illa
859 819 930 851 quae
946 820 984 841 ex
998 820 1038 842 eo
1053 809 1170 841 selecta
1185 814 1218 842 et
1231 809 1367 842 discreta
1382 818 1467 847 sum,
1481 815 1622 851 apparet.

155 861 356 903 Rectissime.
401 862 543 901 Talibus,
567 863 709 905 inquam,
733 863 850 895 acervis
877 863 1002 895 diversa
1028 864 1165 895 invicem
1182 863 1244 894 alia
1269 868 1382 904 proeter
1396 873 1492 897 unum
1518 868 1622 902 erunt,

154 915 192 956 si,
213 925 278 946 non
302 916 469 948 exsistente
484 926 561 958 uno,
584 916 646 948 alia
660 921 743 947 sunt.
788 916 891 953 Quam
916 917 1063 950 maxime.
1106 917 1152 953 At
1175 928 1240 949 non
1268 917 1372 958 plures
1396 917 1498 948 acervi
1518 923 1623 955 erunt,

156 979 286 1010 quorum
301 969 437 1012 quilibet
457 981 539 1002 unus
554 970 656 1012 prima
669 970 772 1002 fronte
787 971 960 1013 videbitur,
981 971 1087 1003 nullus
1109 976 1214 1004 tamen
1234 982 1317 1003 nnus
1338 971 1410 1011 erit,
1432 981 1503 1004 cum
1519 971 1623 1012 ipsum

154 1032 251 1054 unum
272 1024 399 1055 minime
415 1025 478 1056 sit?
522 1024 628 1057 Certe.
671 1024 830 1056 Numerus
857 1024 932 1056 item
953 1025 1077 1057 illorum
1095 1025 1208 1067 aliquis
1225 1035 1293 1057 esse
1307 1025 1486 1062 videbitur:
1510 1024 1536 1055 si
1551 1026 1625 1067 qui·

154 1077 227 1110 dem
242 1082 274 1108 et
288 1087 384 1109 unum
400 1079 578 1120 quodlibet,
591 1089 663 1110 cum
679 1083 786 1110 tamen
806 1078 907 1110 multa
925 1079 1003 1111 sint.
1044 1079 1148 1111 Valde
1172 1079 1312 1122 quidem.
1357 1078 1452 1111 Paria
1472 1083 1624 1120 praeterea

155 1134 188 1160 et
202 1129 331 1172 imparia
345 1131 424 1162 falso
440 1133 643 1170 videbuntur,
661 1143 722 1163 uno
738 1143 861 1174 prorsus
876 1133 1017 1166 absente.
1063 1133 1168 1165 Falso.
1212 1134 1308 1177 Quod
1332 1132 1460 1174 insuper
1473 1133 1621 1174 exiguum

154 1182 186 1213 in
202 1183 263 1215 illis
278 1185 377 1226 primo
393 1186 561 1223 videbitur,
589 1190 623 1217 ut
637 1186 756 1224 dictum
772 1192 831 1224 est,
856 1197 874 1217 e
889 1188 1023 1228 vestigio
1046 1198 1140 1229 quam
1163 1187 1297 1217 maxima
1320 1191 1353 1217 et
1367 1197 1460 1228 quam
1477 1186 1622 1227 plurima,

153 1238 258 1278 quoad
274 1238 397 1280 singula
413 1249 518 1280 parva,
535 1250 605 1281 quae
621 1239 715 1270 etiam
741 1240 839 1270 multa
855 1245 938 1277 sunt,
961 1251 994 1271 se
1011 1240 1101 1271 nobis
1123 1245 1268 1271 ostentat.
1291 1240 1387 1282 [165]
1412 1239 1498 1276 Quid
1514 1238 1622 1280 prohi-

152 1291 227 1321 bet?
272 1291 358 1328 Quin
375 1292 469 1324 etiam
486 1303 613 1324 acervus
630 1293 762 1335 quisque
779 1293 909 1336 aequalis
925 1294 1031 1327 multis
1056 1294 1223 1335 parvisque
1238 1293 1356 1325 acervis
1371 1303 1438 1324 esse
1454 1291 1620 1323 videbitur.

153 1354 224 1375 nam
239 1345 322 1376 haud
338 1345 458 1387 liquido
473 1357 511 1378 ex
525 1346 634 1388 majori
649 1347 683 1378 in
698 1347 800 1378 minus
813 1347 958 1378 transisse
974 1347 1140 1384 videretur,
1164 1347 1226 1378 nisi
1249 1347 1333 1387 prius
1347 1346 1382 1377 in
1399 1345 1534 1377 medium
1550 1355 1621 1386 per-

149 1398 271 1430 venisse
294 1399 378 1431 visus
393 1405 486 1432 esset.
510 1401 570 1432 hoc
593 1406 696 1432 autem
720 1401 906 1443 phantasma
929 1402 1089 1443 quoddam
1112 1400 1301 1443 aequalitatis
1326 1399 1394 1431 erit.
1440 1398 1619 1431 Verisimile

111 1442 120 1452 ⁸
152 1456 210 1484 est.
253 1452 371 1484 Nonne
386 1454 426 1485 ad
443 1454 538 1485 alium
554 1465 698 1486 acervum
714 1456 879 1486 terminum
897 1456 1029 1493 habens,
1058 1456 1159 1497 ipsum
1183 1455 1222 1486 ad
1245 1465 1278 1486 se
1294 1454 1398 1495 ipsum
1413 1463 1516 1495 neque
1531 1453 1618 1495 prin-

149 1506 280 1548 cipium,
307 1517 410 1549 neque
425 1508 578 1549 medium,
606 1519 709 1550 neque
725 1509 819 1540 finem
835 1510 954 1540 habet?
1000 1509 1073 1547 Qua
1093 1509 1133 1540 de
1149 1508 1265 1540 causa?
1313 1507 1397 1544 Quia
1412 1516 1532 1548 semper
1547 1516 1618 1537 cum

150 1560 221 1602 quis
236 1561 344 1592 horum
360 1561 479 1604 aliquid
495 1563 704 1604 intelligentia
719 1568 899 1602 contuetur,
926 1569 999 1594 ante
1014 1562 1207 1604 principium
1231 1572 1353 1604 semper
1376 1560 1462 1592 aliud
1484 1560 1621 1591 occurrit

150 1615 359 1657 principium:
384 1620 416 1647 et
431 1622 504 1658 post
520 1617 612 1647 linem
629 1617 706 1648 alter
719 1628 840 1659 semper
860 1617 930 1648 finis
955 1617 1172 1658 subsequitur:
1197 1626 1255 1647 nec
1276 1625 1340 1646 non
1362 1615 1394 1645 in
1415 1613 1531 1650 medio,
1556 1614 1618 1645 alia

149 1678 272 1710 semper
285 1668 442 1705 interiora,
458 1680 550 1711 quam
565 1670 714 1706 medium,
730 1680 914 1712 semperque
925 1670 1058 1707 minora,
1070 1671 1110 1701 ob
1121 1670 1165 1707 id,
1178 1669 1251 1711 quia
1262 1668 1374 1710 nequit
1390 1678 1484 1699 unum
1495 1667 1616 1708 aliquid

147 1722 181 1753 in
193 1722 242 1753 his
257 1723 370 1764 accipi,
386 1733 456 1754 eum
474 1734 570 1754 unum
585 1723 713 1755 minime
726 1724 777 1755 sit.
822 1723 991 1755 Verissima
1002 1724 1149 1765 loqueris.
1194 1722 1341 1764 Discerpi
1355 1721 1491 1763 denique
1506 1731 1616 1752 neces-

151 1776 230 1807 sario
257 1777 397 1818 arbitror,
422 1782 458 1807 ut
481 1777 667 1818 dispersum,
699 1778 913 1819 quodcunque
939 1778 1148 1819 intelligentia
1173 1778 1243 1818 quis
1272 1775 1460 1807 assumserit.
1495 1785 1617 1816 semper

149 1829 232 1861 enim
247 1840 373 1862 acervus
397 1831 489 1862 unius
508 1842 617 1873 expers
637 1832 801 1873 accipitur.
847 1832 962 1864 Procul
985 1832 1094 1864 dubio.
1138 1831 1255 1862 Nonne
1274 1831 1334 1861 hoc
1359 1830 1420 1860 tale
1446 1829 1568 1860 eminus
1583 1833 1617 1859 et

147 1884 258 1916 obtuse
283 1884 487 1926 prospicienti
514 1896 609 1915 unum
635 1886 790 1926 apparet?
836 1885 987 1918 Necesse.
1033 1885 1186 1917 Cominus
1209 1890 1312 1915 autem
1333 1888 1366 1915 et
1386 1886 1478 1914 acute
1499 1881 1615 1912 intelli-

147 1938 234 1981 genti
250 1940 496 1981 uuumquodque
511 1940 713 1971 multitudine
729 1940 884 1971 infinitum
899 1941 910 1971 ?
935 1941 960 1972 si
976 1940 1102 1982 quidem
1120 1940 1158 1971 ab
1182 1950 1247 1970 uno
1263 1949 1327 1969 non
1342 1937 1509 1969 exsistente
1525 1937 1615 1967 dese·

144 1993 232 2025 ritur.
277 1993 346 2024 Prae
362 1994 470 2025 ceteris
483 1994 691 2025 necessarium
707 1994 766 2025 hoc
783 1998 840 2025 est.
884 1993 922 2024 In
939 1994 1022 2025 hunc
1046 1993 1155 2035 itaque
1170 1993 1298 2023 modum
1313 1991 1449 2031 infinita,
1472 1995 1505 2021 et
1520 1990 1614 2020 finem

145 2047 305 2084 habentia,
321 2051 354 2077 et
368 2058 476 2083 unum,
492 2052 525 2078 et
540 2048 652 2088 multa,
668 2047 817 2090 quaelibet
832 2047 894 2078 alia
909 2058 1058 2089 apparere
1077 2051 1212 2090 oportet,
1239 2047 1264 2076 si
1280 2056 1344 2076 non
1357 2055 1464 2081 unum,
1481 2043 1535 2075 sed
1552 2044 1616 2074 alia

144 2105 258 2142 praeter
273 2111 369 2132 unum
392 2106 476 2132 sunt.
522 2101 658 2142 Oportet
683 2101 804 2143 utique.
846 2101 898 2132 An
921 2113 983 2132 non
1010 2102 1121 2133 similia
1146 2111 1271 2143 quoque
1296 2105 1328 2130 et
1352 2098 1514 2129 dissimilia
1525 2098 1615 2128 vide-

146 2155 284 2186 buntur?
329 2154 374 2185 At
397 2155 581 2196 quomodo?
626 2155 708 2186 Nam
735 2166 806 2186 cum
823 2155 910 2186 velut
932 2156 1116 2187 adumbrata
1140 2155 1260 2185 eminus
1285 2152 1486 2194 prospicienti
1512 2161 1611 2181 unum

146 2214 320 2250 appareant
345 2209 460 2246 omnia,
487 2209 520 2239 in
550 2209 663 2240 eodem
697 2209 803 2250 aliquo
841 2209 1085 2246 communicare,
1124 2208 1299 2248 similiaque
1321 2217 1388 2237 esse
1412 2205 1615 2236 videbuntur.

145 2262 285 2296 Prorsus.
328 2262 373 2293 At
388 2274 458 2294 vero
474 2263 604 2304 propius
620 2263 795 2300 accedenti,
812 2263 909 2294 multa
925 2268 957 2294 et
972 2263 1085 2294 altera:
1110 2267 1206 2303 atque
1220 2262 1289 2302 ipso
1305 2258 1493 2290 diversitatis
1509 2259 1611 2299 phan-

144 2321 275 2347 tasmate
290 2317 384 2348 altera
400 2317 459 2348 sibi
474 2316 550 2359 ipsis
563 2322 596 2348 et
618 2317 790 2349 dissimilia.
836 2317 886 2348 Sic
909 2317 1037 2348 accidit.
1083 2316 1206 2347 Similes
1231 2315 1305 2345 item
1331 2318 1424 2355 atque
1445 2311 1611 2343 dissimiles

145 2369 230 2411 ipsos
245 2381 382 2408 acervos,
397 2375 461 2401 tum
479 2371 612 2409 sibimet,
624 2376 689 2402 tum
706 2371 839 2403 invicem
855 2381 1004 2412 apparere
1019 2381 1145 2401 necesse
1161 2374 1218 2400 est.
1263 2368 1305 2399 Et
1320 2367 1452 2398 maxime
1467 2366 1607 2408 quidem.

142 2423 261 2455 Nonne
283 2425 376 2456 etiam
392 2426 520 2456 eosdem
535 2430 568 2456 et
583 2425 694 2456 alteros
710 2426 846 2457 invicem
860 2437 867 2456 :
894 2430 934 2468 et.
948 2424 1113 2466 contiguos
1138 2422 1208 2464 sibi,
1234 2426 1266 2453 et
1279 2432 1415 2452 seorsum
1431 2430 1449 2451 a
1464 2430 1497 2450 se
1518 2420 1608 2461 ipsis,

145 2477 350 2519 omnibusque
364 2479 499 2510 motibus
514 2479 660 2520 agitat05‚
689 2485 720 2511 et
741 2479 882 2521 undique
899 2483 1126 2520 permanentes,
1151 2477 1284 2508 orientes
1308 2480 1341 2506 et
1355 2475 1547 2513 occidentes,
1571 2483 1608 2504 ac

144 2536 267 2571 neutra,
282 2533 449 2574 omniaque
464 2533 658 2574 hujusmodi,
675 2544 745 2576 quae
762 2534 888 2575 quidem
906 2542 1082 2575 percurrere
1098 2530 1191 2562 facile
1205 2530 1296 2560 nobis
1313 2534 1405 2569 esset,
1421 2529 1446 2559 si
1462 2538 1526 2558 uno
1542 2538 1607 2558 non

142 2585 310 2616 exsistente
335 2585 432 2616 multa
458 2586 592 2617 fuerint?
642 2587 825 2618 Verissima'
840 2596 954 2618 narras,
997 2584 1181 2616 Redeuntes
1196 2583 1263 2625 jam
1289 2584 1399 2614 iterum
1424 2583 1463 2613 ad
1488 2581 1606 2623 princi-

140 2637 242 2680 pium,
264 2639 470 2682 declaremus,
495 2650 592 2671 unum
615 2641 642 2672 si
656 2651 720 2672 non
736 2645 795 2678 est,
820 2641 969 2683 quidnam
995 2639 1064 2670 aliis
1087 2643 1198 2681 praeter
1223 2647 1319 2668 unum
1342 2643 1525 2667 eventurum
1553 2634 1605 2666 sit.

141 2691 357 2724 Declaremus.
401 2692 562 2736 Principio
583 2695 680 2736 igitur
703 2706 801 2726 unum
826 2694 888 2725 alia
906 2704 971 2724 non
995 2697 1096 2724 erunt.
1142 2692 1311 2730 Quomodo
1337 2690 1444 2721 enim?
1489 2688 1604 2729 Neque

140 2750 247 2776 tamen·
259 2746 368 2777 multa.
391 2746 423 2776 in
439 2747 477 2778 iis
490 2747 585 2784 enim,
607 2758 679 2790 quaa
694 2749 793 2780 multa
807 2753 892 2789 sunt,
906 2747 990 2778 inest
1004 2751 1037 2777 et
1061 2756 1169 2777 unum.
1193 2745 1308 2776 etenim
1324 2744 1350 2775 si
1363 2743 1517 2774 nullorum
1532 2742 1605 2773 illo-

138 2809 205 2829 rum
220 2803 267 2829 est
282 2810 393 2841 unum,
409 2806 524 2832 cuncta
537 2801 616 2831 nihil
640 2806 726 2843 sunt,
749 2805 940 2843 quapropter
956 2811 1057 2842 neque
1073 2799 1183 2831 multa.
1228 2798 1312 2830 Vera
1326 2797 1474 2839 loqueris.
1521 2796 1602 2827 Cum

135 2852 244 2894 itaque
268 2863 364 2884 unum
391 2854 475 2885 haud
500 2854 576 2885 insit
605 2854 687 2896 aliis,
717 2866 775 2887 nec
801 2855 910 2896 multa,
936 2865 995 2886 nec
1020 2864 1116 2884 unum
1140 2857 1223 2885 sunt.
1267 2852 1343 2883 Non
1373 2850 1479 2892 plane.
1504 2848 1600 2890 [166]

137 2904 252 2948 Neque
267 2906 359 2937 etiam
374 2913 526 2950 apparent
541 2918 651 2949 unum,
675 2913 730 2939 aut
750 2908 857 2940 multa.
902 2907 1061 2940 Curnam?
1107 2906 1265 2944 Quoniam
1292 2905 1354 2936 alia
1369 2914 1440 2935 cum
1458 2902 1507 2938 iis,
1529 2911 1601 2942 quae

140 2968 204 2990 ¹¹0ss
221 2963 303 2996 sunt,
320 2960 438 2992 nullum
452 2972 574 3003 prorsus
591 2961 809 2995 commercium
825 2962 955 3004 habent,
968 2972 1071 3003 neque
1086 2961 1258 3003 quidquam
1275 2969 1311 2991 ex
1327 2958 1377 2998 iis,
1389 2967 1459 2999 quae
1474 2954 1602 2986 minime

226 3013 314 3046 Ριαι.
341 3015 394 3047 Tr.
887 3016 915 3048 1.
1170 3005 1174 3012 ‘
1485 3007 1517 3038 R
