1846 3268
255 257 336 296 444
805 292 807 294 ,
865 251 1132 294 Pur-oms
1650 258 1723 313 [86

257 356 386 390 domino
412 355 526 389 lubere
547 365 641 398 qnam
664 354 759 395 illos;
781 364 884 397 neque
906 355 1048 397 ignavius
1070 366 1088 387 e
1117 355 1183 388 vita
1212 355 1378 392 decedere.
1422 357 1625 402 Quapropter
1647 359 1724 395 licet

258 410 348 443 vobis
362 410 455 453 hujus
471 410 572 453 gratia
598 409 704 441 dicere
726 413 760 441 et
781 409 968 452 interrogare
993 409 1147 453 quicquid
1171 410 1260 454 libet,
1271 412 1375 454 quoad
1400 411 1644 447 Atheniensium
1665 425 1726 447 un-

257 463 422 498 deeimriri
442 463 561 496 sinunt.
605 462 686 495 Suu.
711 462 864 495 Praeclare
885 462 1031 505 loqueris.
1052 463 1160 506 itaque
1181 469 1217 500 et
1237 475 1297 507 ego
1313 465 1371 497 tibi
1385 465 1534 508 aperiam,
1547 477 1611 510 qua
1635 467 1668 506 in
1690 478 1727 502 re

257 517 420 551 dubitem=
445 522 479 551 et
504 527 607 550 rursus
621 517 673 549 hie
696 516 809 554 Cebes,
831 515 982 559 quidnam
997 527 1036 548 ex
1048 516 1199 559 superiori
1213 518 1426 562 disputatione
1442 520 1544 553 minus
1567 521 1728 557 admittat.

257 571 345 605 Mihi
358 572 499 614 quidem,
515 581 536 603 o
550 571 705 609 Socrates,
720 571 984 614 quemadmodum
1000 571 1129 604 fortasse
1144 572 1202 605 tibi
1226 582 1364 615 quoque,
1381 575 1502 608 videtur
1526 575 1566 607 de
1587 574 1637 607 his
1654 575 1726 618 qui-

256 625 330 658 dem
345 626 437 658 rebus
453 625 651 658 manifestam
662 625 824 659 veritatem
840 625 876 658 in
899 625 964 658 vita
986 626 1131 668 praesenti
1153 631 1208 658 aut
1229 626 1317 659 nullo
1338 628 1434 662 modo
1447 634 1503 661 aut
1517 639 1636 662 summa
1650 639 1722 662 cum

257 678 443 712 difficultate
458 679 595 722 intelligi
610 690 715 723 posse.
758 679 840 718 Quae
855 684 960 712 tamen
976 680 1017 712 de
1032 680 1082 712 his
1095 680 1254 719 dicantur,
1267 691 1306 714 ea
1319 681 1408 715 nullo
1420 683 1515 715 modo
1526 684 1722 726 redarguere,

255 730 337 764 adeo
352 737 388 765 ut
401 742 466 765 non
481 732 567 775 prius
589 733 734 775 desistas,
746 743 841 776 quam
863 733 1071 766 examinando
1094 733 1240 767 alteruter
1254 735 1452 777 acquiescat,
1469 737 1569 769 mollis
1590 737 1719 770 nimium

253 783 367 826 judico
381 795 450 819 esse
465 786 535 820 viri.
555 791 699 829 oportere
713 786 796 819 enim
812 787 895 820 circa
908 788 976 821 haec
991 787 1172 820 alterutrum
1187 788 1326 822 efficere:
1350 794 1406 823 aut
1427 790 1547 827 discere
1561 791 1614 824 vel
1633 791 1723 824 inve-

255 837 335 877 nire,
349 840 613 882 quemadmodum
629 850 662 873 se
677 841 833 873 habeant:
858 846 925 880 aut,
940 841 966 874 si
980 842 1048 875 haee
1062 842 1130 875 fieri
1143 847 1315 886 nequeant,
1329 844 1482 886 optimam
1494 850 1590 888 atque
1605 845 1724 878 tutissi-

256 903 339 925 mam
355 894 558 927 humanarum
580 895 736 928 rationum
759 896 887 938 eligere,
900 906 964 939 qua
985 896 1056 939 quis
1078 901 1227 940 tanquam
1247 902 1312 930 rate
1328 898 1468 938 vehatur,
1483 904 1579 941 atque
1592 899 1637 931 ita
1652 909 1724 942 pro-

255 945 351 978 cellas
366 946 460 989 hujus
475 948 549 980 vitae
564 953 770 991 pertranseat,
782 949 808 981 si
824 955 960 991 nequeat
973 949 1098 982 firmiori
1113 950 1250 992 quodam
1266 951 1411 983 vehiculo
1425 951 1473 984 vel
1487 951 1597 985 divino
1615 952 1727 995 aliquo

254 1000 350 1032 verbo
367 1001 466 1033 tutius
481 1012 518 1034 ao
533 1002 641 1034 minori
656 1013 729 1036 cum
743 1003 885 1046 periculo
899 1009 1032 1036 uanae,
1077 1003 1181 1046 Atqui
1197 1014 1257 1046 ego
1272 1015 1358 1037 nunc
1373 1015 1438 1037 non
1451 1005 1580 1039 verebor
1593 1006 1724 1039 interro-

257 1063 342 1094 gare,
358 1054 527 1095 praesertim
541 1066 612 1088 cum
628 1056 669 1088 ad
681 1057 742 1088 hoc
757 1055 827 1099 ipse
842 1067 900 1090 nos
923 1056 1095 1089 adhorteris
1112 1069 1120 1089 ε
1145 1068 1186 1090 ne
1201 1057 1283 1090 forte
1295 1058 1448 1102 meipsum
1462 1060 1654 1103 quandoque
1665 1060 1725 1092 sim

252 1105 448 1150 culpaturus,
470 1108 558 1151 quod
583 1118 682 1151 nune,
705 1120 778 1152 quas
802 1110 876 1142 mihi
893 1110 1069 1149 videantur,
1085 1110 1212 1144 minime
1237 1112 1380 1146 dixerim.
1425 1113 1573 1147 Profecto
1598 1114 1687 1152 mihi,
1699 1124 1720 1147 o

254 1159 412 1204 Socrates,
424 1173 488 1195 una
509 1173 582 1196 cum
604 1164 666 1196 hoc
681 1163 802 1196 Cebete
828 1169 883 1197 tua
908 1165 1067 1207 reputanti
1079 1165 1164 1198 haud
1179 1165 1254 1198 satis
1267 1166 1452 1199 confirmata
1465 1167 1622 1202 videntur.
1664 1167 1723 1201 So.

254 1212 374 1248 Forsan
385 1226 470 1258 vere,
485 1227 505 1248 o
521 1217 634 1259 amice,
646 1217 795 1260 opinaris.
819 1219 873 1251 sed
890 1219 954 1256 dic,
969 1229 1034 1261 qua
1057 1219 1090 1250 in
1104 1224 1194 1262 parte
1206 1219 1310 1253 nunus
1323 1220 1512 1253 sufficienter
1525 1221 1612 1255 dicta
1625 1221 1722 1254 fuisse

254 1277 395 1302 censeas.
437 1270 520 1303 Sur.
542 1270 582 1302 In
597 1272 656 1304 hac
677 1271 798 1313 utique.
842 1271 969 1314 Nempe
983 1273 1024 1304 de
1039 1273 1200 1305 harmonia
1214 1278 1248 1306 et
1263 1274 1331 1317 lyra
1345 1279 1378 1307 et
1391 1274 1507 1307 fidibus
1520 1274 1604 1307 idem
1617 1280 1726 1318 posset

254 1321 414 1364 quispiam
434 1323 551 1360 dicere,
566 1324 757 1356 harmoniam
785 1324 934 1357 videlicet
957 1335 1024 1358 esse
1048 1325 1204 1358 invisibile
1227 1327 1378 1368 quiddam
1402 1333 1436 1361 et
1453 1328 1669 1371 incorporeum
1691 1333 1727 1362 et

256 1375 477 1417 perpulchrum
493 1381 588 1418 atque
610 1376 751 1408 divinum
777 1377 811 1408 in
835 1377 905 1420 lyra
919 1378 976 1410 rito
991 1383 1187 1420 temperata:
1213 1378 1291 1422 [86]
1314 1381 1413 1422 ipsam
1427 1391 1501 1414 vero
1514 1382 1614 1425 lyram
1628 1382 1722 1416 fides-

255 1437 320 1470 que
334 1438 467 1471 corpora
480 1439 549 1462 esse
561 1434 658 1472 atque
673 1440 822 1472 corporea
834 1435 866 1463 et
876 1430 1054 1473 composita
1068 1431 1285 1475 terrestriaque
1295 1439 1328 1465 et
1339 1434 1463 1467 mortali
1470 1440 1617 1478 cognata.
1640 1435 1723 1473 Cum

254 1481 352 1524 igitur
366 1482 480 1525 aliquis
494 1483 545 1515 vel
557 1483 657 1526 lyram
667 1483 793 1526 fregerit
808 1484 856 1517 vel
872 1485 951 1517 fides
966 1485 1112 1518 inciderit
1127 1485 1193 1518 sive
1207 1486 1387 1529 disruperit,
1398 1488 1591 1531 poteritquis
1600 1489 1726 1528 cadem,

256 1545 321 1578 qua
335 1541 383 1575 tu,
398 1536 518 1568 ratione
532 1537 694 1576 affirmare,
708 1538 918 1570 necessarium
946 1549 1016 1571 esse
1039 1538 1125 1571 illam
1150 1549 1311 1581 superesse
1336 1541 1527 1574 hermonim
1542 1552 1646 1585 neque
1660 1543 1726 1575 dis·

256 1589 359 1632 perdi.
381 1590 469 1623 nulla
484 1591 568 1623 enirn
583 1591 774 1624 machinatio
787 1591 881 1630 foret,
895 1592 993 1635 lyram
1008 1592 1136 1635 quidem
1151 1602 1219 1625 esse
1233 1593 1349 1631 adhuc,
1360 1594 1476 1628 fidibus
1485 1594 1552 1637 jam
1564 1595 1727 1640 disruptis,

254 1646 352 1685 atque
366 1643 450 1686 ipsas
464 1644 544 1676 fides
558 1644 697 1677 mortalis
713 1646 855 1688 generis:
878 1645 1071 1678 harmoniam
1085 1657 1171 1684 vero,
1186 1657 1257 1689 quae
1278 1647 1377 1681 divini
1396 1653 1430 1681 et
1448 1648 1630 1683 iinmortalis
1643 1661 1726 1693 ,eog-

255 1702 333 1728 nata
346 1702 423 1736 erat,
438 1698 525 1741 prius
539 1708 633 1741 quam
649 1699 778 1732 mortale
793 1699 873 1732 illud
887 1699 1042 1733 interisse.
1087 1700 1147 1733 Ille
1164 1711 1235 1733 vero
1255 1700 1377 1734 diceret
1398 1702 1502 1736 adhuc
1524 1714 1595 1738 esse
1605 1704 1726 1739 alicubi

255 1751 463 1790 harmoniam,
479 1757 575 1796 atque
590 1753 676 1795 prius
690 1752 778 1796 ligna
792 1759 825 1786 et
839 1753 920 1786 fides
934 1754 1106 1797 putrefieri,
1121 1764 1216 1797 quam
1233 1754 1287 1788 illa
1301 1755 1421 1798 aliquid
1435 1756 1582 1800 patiatur.
1626 1757 1725 1791 Arbi-

255 1808 321 1837 tror
333 1805 495 1848 equidem,
510 1817 530 1838 o
543 1806 699 1846 Socrates,
722 1812 754 1840 te
775 1808 1042 1847 animadvertisse,
1056 1818 1114 1840 nos
1135 1808 1198 1841 tale
1219 1808 1340 1851 aliquid
1363 1810 1560 1852 potissimum
1573 1821 1642 1845 esse
1655 1811 1726 1846 ani-

254 1868 339 1892 mam
365 1860 518 1902 cogitare.
559 1861 638 1893 Esse
662 1860 812 1894 videlicet
835 1861 871 1894 in
896 1873 1026 1904 corpore
1048 1867 1154 1895 nostro
1180 1862 1390 1896 intensionem
1414 1868 1450 1896 et
1469 1863 1721 1908 complexionem

254 1914 414 1955 quandam
427 1924 466 1946 ex
481 1913 599 1954 calido,
611 1914 737 1958 frigido,
752 1915 850 1954 sicco,
865 1916 994 1948 humido
1010 1916 1185 1959 ceterisque
1199 1916 1313 1949 talibus
1325 1927 1338 1959 ς
1359 1918 1532 1963 horumque
1546 1923 1726 1962 temperan-

253 1966 332 1999 tiam
340 1968 642 2011 consonantiamque
653 1968 789 2001 animam
801 1980 881 2008 esse,
895 1969 1097 2002 resultantem
1112 1970 1262 2004 videlicet
1271 1971 1304 2003 in
1316 1981 1457 2014 corpore,
1472 1977 1639 2015 postquam
1654 1973 1724 2007 baec

252 2018 326 2062 ipsa
340 2020 420 2053 bene
432 2021 654 2065 moderateque
665 2021 797 2055 invicem
806 2028 980 2066 temperata
992 2023 1124 2058 fuerint.
1152 2024 1189 2057 Si
1199 2034 1272 2067 ergo
1287 2025 1392 2059 arrima
1405 2026 1568 2060 harmonia
1577 2027 1725 2069 quadam

254 2078 317 2116 est,
332 2075 478 2117 quotiens
498 2076 608 2108 horum
630 2081 742 2108 natura
754 2076 787 2108 in
801 2087 932 2120 corpore
947 2083 1075 2121 propter
1086 2079 1209 2112 morbos
1223 2078 1348 2121 aliaque
1363 2079 1445 2111 mala
1457 2079 1661 2114 inmoderate
1675 2081 1726 2114 vel

255 2127 422 2160 remittitur
433 2128 483 2161 vel
498 2128 673 2161 intenditur
686 2141 694 2161 ε
710 2140 838 2163 necesse
848 2135 908 2168 est,
922 2131 1056 2163 animam
1068 2132 1210 2175 quidem,
1218 2132 1359 2175 quamvis
1369 2132 1605 2173 divinissimam,
1615 2134 1725 2176 subito

253 2180 394 2219 interire,
408 2182 489 2215 sieut
501 2183 604 2215 solent
618 2188 730 2216 ceterae
744 2185 971 2227 consonantiae,
985 2185 1051 2218 sive
1063 2196 1135 2228 quas
1149 2186 1187 2219 in
1197 2186 1339 2225 vocibus,
1347 2187 1412 2219 sive
1423 2197 1494 2230 quae
1502 2187 1536 2221 in
1547 2187 1723 2223 aliisutifi-

255 2244 327 2268 eum
339 2235 487 2278 operibus
500 2236 603 2278 fiunt;
625 2237 771 2281 reliquias
781 2245 886 2271 autem
900 2239 1039 2282 corporis
1054 2239 1211 2283 cujusque
1225 2239 1343 2273 diutius
1358 2250 1551 2282 permanere,
1557 2251 1723 2284 quousque

255 2287 307 2320 vel
324 2288 457 2321 ardeant
469 2289 519 2322 vel
533 2290 712 2332 putrefiant.
756 2291 930 2325 Considera
940 2292 1047 2335 igitur,
1062 2293 1143 2335 quid
1151 2293 1226 2327 huie
1237 2293 1351 2326 rationi
1360 2294 1404 2327 sit
1415 2294 1681 2337 respondendum.
1695 2294 1724 2328 si

254 2340 327 2383 quis
348 2348 479 2375 censeat
500 2343 636 2376 animam
661 2345 898 2387 temperantiam
921 2346 1079 2388 quandam
1097 2357 1166 2379 ease
1189 2357 1309 2389 eorum,
1327 2357 1401 2389 qum
1423 2352 1498 2379 sunt
1521 2347 1555 2380 in
1575 2357 1721 2390 corpore,

255 2394 455 2438 prioremque
470 2396 504 2429 in
518 2403 617 2430 morte
633 2399 743 2440 perire.
787 2399 878 2432 Tunc
894 2400 1049 2439 Socrates,
1065 2401 1328 2443 quemadmodum
1343 2410 1428 2444 soepe
1442 2401 1579 2440 solebat,
1590 2402 1720 2435 intuens

255 2447 355 2481 acrius
370 2454 466 2492 atque
487 2451 608 2490 ridens,
620 2451 642 2485 J
646 2458 726 2491 uste,
741 2453 856 2496 inquit,
873 2459 909 2487 tu
931 2454 1060 2497 quidem
1082 2455 1229 2497 loqueris,
1243 2454 1383 2489 simmia.
1428 2455 1461 2487 Si
1475 2455 1546 2498 quis
1560 2466 1634 2498 ergo
1649 2467 1719 2490 ves·

254 2505 334 2534 trum
349 2512 400 2536 me
419 2504 585 2537 facundior
598 2511 660 2548 est,
679 2517 735 2539 cur
760 2507 811 2540 his
832 2518 900 2541 non
922 2508 1153 2551 respondebat?
1177 2519 1242 2540 non
1256 2509 1340 2541 enim
1355 2509 1468 2551 ignave
1481 2509 1632 2544 rationem
1647 2510 1721 2543 atti-

253 2553 334 2597 gisse
349 2556 481 2590 videtur.
524 2557 644 2592 judico
660 2565 776 2599 tamen,
797 2565 964 2604 antequam
979 2561 1117 2595 Simmiae
1129 2563 1365 2606 respondeatur,
1379 2563 1457 2606 quid
1471 2562 1574 2596 Cebes
1588 2573 1716 2606 quoque

252 2607 393 2647 damnet,
408 2620 476 2642 esse
490 2611 696 2654 audiendum,
709 2619 745 2646 ut
767 2618 907 2657 tempore
933 2615 1099 2659 interjecto
1119 2616 1315 2649 deliberandi
1330 2618 1498 2653 habeamus
1511 2617 1714 2652 facultatem:

252 2660 382 2705 deinde,
395 2662 443 2696 bis
457 2664 584 2704 auditis,
599 2665 647 2698 vel
663 2667 711 2699 his
723 2668 973 2709 concedendum,
988 2670 1016 2701 si
1028 2675 1240 2703 consentanea
1254 2680 1328 2703 vero
1342 2670 1508 2705 videantur
1522 2671 1650 2706 afferma
1666 2671 1716 2705 sin

252 2725 327 2748 vero
341 2715 455 2756 minus,
469 2718 623 2751 rationem
637 2721 830 2763 superiorem
842 2722 1076 2756 defendendam
1097 2734 1166 2757 esse
1187 2729 1282 2767 atque
1303 2725 1509 2758 retinendam.
1553 2725 1718 2763 Quamob-

252 2778 318 2802 rem
333 2769 386 2803 die
399 2780 471 2814 age,
485 2782 508 2803 o
521 2772 636 2813 Cebes,
647 2775 797 2817 quidnam
818 2777 1015 2819 potissimum
1039 2783 1070 2811 te
1093 2779 1208 2817 turbet,
1223 2789 1288 2822 quo
1302 2779 1404 2812 minus
1418 2778 1606 2812 usenthrin.
1650 2777 1716 2812 ca.

252 2822 338 2856 Mihi
352 2825 479 2868 quidem
492 2826 616 2860 videtur
629 2829 742 2862 eodem
754 2831 873 2864 revolvi
886 2832 1053 2875 eidemque
1067 2833 1154 2875 quod
1168 2833 1204 2866 in
1218 2833 1428 2876 spperioribus
1437 2832 1585 2871 diximus,
1592 2831 1717 2866 crimini

253 2878 389 2912 obnoxia
416 2890 496 2913 esse.
519 2880 595 2925 [8⁷]
617 2882 714 2921 Quod
729 2885 812 2918 enim
832 2885 927 2919 fuerit
949 2887 1057 2920 anima
1075 2893 1192 2926 nostra,
1209 2888 1295 2930 prius
1316 2897 1410 2930 quam
1424 2887 1456 2920 in
1477 2888 1641 2919 humanam
1657 2886 1714 2918 de-

254 2933 416 2966 scenderet
439 2934 588 2979 speciem,
602 2936 687 2970 haud
711 2939 857 2982 equidem
878 2945 1023 2980 retracto,
1037 2942 1115 2984 quin
1134 2941 1302 2975 bellissime
1317 2942 1437 2975 dietum
1451 2940 1545 2976 fuerit
1556 2952 1567 2983 5
1592 2950 1628 2975 ac
1653 2940 1716 2973 nisi
