1846 3268
212 274 309 329 227]
423 264 427 272 '
799 274 1083 315 soPfflSTA.
1587 280 1665 318 345

192 388 311 413 enarra.
354 379 441 412 Tnn.
465 376 616 421 Quisquis
629 378 748 420 absque
762 387 863 410 errore
877 379 1065 420 respondere
1081 378 1228 419 voluerit,
1243 379 1416 422 sophistam
1432 380 1516 411 hunc
1533 380 1659 413 mirabi-

192 430 269 472 lem,
285 444 376 476 quern
392 434 569 476 quaerimus,
585 432 770 475 appellabit,
785 438 896 475 quarto
909 443 942 465 se
954 432 1044 465 nobis
1056 433 1122 476 jam
1136 434 1330 466 offerentem.
1354 433 1422 467 ΗΟ.
1446 426 1543 466 Ratio
1554 435 1664 478 itaque

193 499 279 520 nunc
304 489 452 526 ostendit,
475 487 573 530 [226]
596 487 768 529 sophistam
796 486 875 518 nihil
902 497 970 519 esse
996 487 1082 519 aliud
1107 498 1201 529 quam
1225 487 1375 519 artificem
1402 492 1540 530 quaestus
1565 489 1665 530 gratia

193 542 441 579 contentiosum·
461 541 762 573 contradictionibus
790 540 1015 582 ambigentem,
1040 541 1074 572 in
1100 542 1272 583 pugnando
1296 545 1480 580 certantem,
1501 541 1578 574 lucri
1599 552 1664 584 prm

194 595 309 627 ceteris
329 596 514 628 studiosum.
556 595 645 628 Tun.
666 595 718 627 Sic
745 599 794 627 est
815 594 957 628 omnino.
1002 594 1070 627 Ho.
1093 595 1204 627 Cernis
1228 595 1325 637 igitur
1350 604 1455 628 verum
1479 605 1548 628 esse
1576 598 1664 639 quod

193 646 322 687 dicitnr,-
334 649 452 681 varium
467 650 527 682 hoc
543 649 657 681 animal
672 659 752 687 esse,
767 653 866 691 utque
889 648 1052 690 proverbio
1067 648 1176 690 fertur,
1193 656 1258 680 non
1282 649 1379 680 altera
1395 660 1490 681 manu
1511 650 1667 682 duntaxat

191 703 502 745 apprehendendum.
546 703 600 736 An
622 703 717 745 igitur
746 707 876 744 utraque
901 702 950 734 uti
972 702 1117 744 oportet?
1160 702 1249 734 Tun.
1272 702 1364 745 Opus
1380 708 1440 736 est.
1485 703 1552 735 Ho.
1576 702 1662 746 Ergo

190 763 248 798 pro
276 756 391 788 viribus
419 757 464 789 sic
492 758 673 799 agendum:
709 755 928 799 ejusmodique
967 755 1066 798 ipsius
1093 755 1259 798 vestigium
1296 758 1551 798 percurrendum.
1598 757 1665 790 Dic

190 816 261 853 age,
275 811 467 843 habemusne
491 810 554 843 ulla
578 811 797 844 ministratoria
819 810 972 842 nomina?
1015 808 1103 842 Tim.
1127 810 1246 841 Multa.
1268 810 1324 841 sed
1350 820 1495 854 quaenam
1517 822 1535 843 e
1557 811 1667 844 multis
1690 831 1691 836 =

188 865 401 908 intcrrogas?·
426 865 494 898 Ho.
514 865 605 897 Talia
633 866 779 908 quaedam
809 870 845 898 ut
873 876 945 898 cum
974 865 1108 896 dicimus
1138 864 1292 903 excolare,
1322 864 1518 904 distribuere,
1542 865 1663 898 victum

191 919 380 962 decoquere,
391 929 561 953 secernere.
583 920 670 952 Tne.
692 920 843 958 Quidni?
887 919 955 952 Ho.
979 919 1160 952 carminare
1173 923 1335 962 praeterea,
1351 919 1522 961 deducere,
1539 920 1666 962 pectine

191 977 296 1004 texere
310 972 433 1015 aliaque
448 973 601 1015 permulta
624 974 805 1016 hujusmodi
821 974 854 1005 in
878 973 995 1005 artibus
1010 974 1191 1016 reperimus,
1207 983 1247 1005 an
1262 983 1327 1005 non
1340 974 1353 1005 ἓ
1395 973 1484 1005 Tur..
1505 974 1593 1012 Quid
1617 975 1663 1006 de

192 1026 241 1058 h'is
256 1026 450 1069 potissimum
466 1033 644 1060 ostensurus
659 1028 803 1070 exempla
817 1029 885 1060 haec
901 1027 1025 1060 inducis
1039 1033 1072 1060 et
1086 1038 1143 1070 per
1156 1028 1262 1060 omnia
1277 1027 1446 1060 sciscitaris
1459 1028 1472 1060 ,³
1515 1027 1586 1061 Ho.
1608 1029 1664 1060 Ad

191 1080 432 1112 discernendum
447 1082 680 1124 quodammodo
694 1083 855 1125 pertinent
869 1092 1068 1124 quascunque
1082 1082 1254 1114 retulimus.
1297 1081 1387 1115 Tun.
1411 1081 1572 1114 Profecto.
1595 1082 1668 1115 Ho-

193 1132 270 1165 Mea
285 1134 411 1176 quidem
426 1136 591 1174 sententia,
606 1146 678 1168 cum
693 1136 775 1168 circa
789 1137 856 1168 haec
871 1146 935 1168 una
950 1146 998 1167 ars
1011 1136 1045 1167 in
1060 1136 1183 1168 cunctis
1205 1140 1354 1173 versetur,
1371 1145 1434 1167 uno
1460 1145 1586 1177 quoque
1602 1146 1663 1167 no-

188 1187 273 1219 mine
300 1190 562 1231 nuncupabimus.
605 1189 692 1222 Tun.
717 1190 886 1228 Quonam?
931 1190 996 1222 Ho.
1019 1189 1230 1222 Discretivam
1257 1190 1410 1222 dicamus.
1457 1189 1545 1221 Tus.
1569 1189 1662 1222 Esto.

193 1239 260 1274 Ηο.
282 1241 367 1274 Vide
381 1253 495 1282 rursus,
515 1254 591 1275 num
606 1243 729 1286 species
753 1243 848 1285 hujus
871 1244 1010 1286 geminas
1036 1243 1177 1275 invenire
1200 1242 1366 1285 possimus.
1408 1242 1497 1274 Tne.
1520 1242 1664 1275 Celerem

190 1295 389 1339 brevemque,
402 1302 439 1328 ut
453 1297 529 1328 mihi
543 1298 678 1336 videtur,
693 1297 977 1330 considerationem
999 1298 1148 1339 imponis.
1192 1297 1260 1330 Ηο.
1285 1297 1454 1328 Enimvero
1469 1297 1501 1328 in
1516 1296 1575 1334 his,
1590 1306 1663 1338 quin

189 1349 382 1387 dionaesunt,
397 1349 636 1382 discretionibus
659 1351 774 1393 partim
798 1351 936 1383 deterius
951 1362 969 1382 a
991 1351 1111 1383 meliori
1135 1351 1384 1389 secernebamus,
1405 1350 1518 1392 partim
1533 1361 1552 1382 a
1568 1350 1664 1390 simili

189 1401 302 1435 simile.
345 1403 399 1435 Sic
413 1404 496 1435 enim
508 1404 604 1435 ferme
619 1404 739 1435 dictum
756 1415 841 1436 nuuc
857 1414 924 1435 esse
940 1404 1075 1435 videtur.
1097 1403 1204 1444 Hujus
1218 1404 1348 1444 quidem
1363 1404 1523 1446 proprium
1539 1413 1659 1436 nomen

188 1465 253 1488 non
268 1457 368 1488 habeo
382 1468 390 1488 τ
414 1457 498 1489 illius
515 1462 631 1494 autem,
648 1468 731 1499 quae,
751 1457 862 1489 melius
878 1458 964 1500 quod
979 1462 1039 1499 est,
1062 1456 1222 1499 relinquit,
1238 1457 1324 1498 quod
1341 1467 1413 1489 vero
1428 1457 1580 1494 deterius,
1596 1467 1662 1488 am-

190 1514 292 1552 putat,
306 1510 419 1541 habeo.
461 1510 550 1542 Tur..
573 1511 659 1548 Quid
675 1510 760 1542 istud
774 1510 910 1542 referas?
956 1510 1023 1556 Ho.
1045 1509 1157 1542 Omnis
1172 1509 1352 1552 hujusmodi
1367 1510 1529 1548 discretio,
1544 1516 1579 1542 ut
1590 1511 1663 1554 ipse

189 1563 338 1606 conjicio,
353 1564 558 1595 communiter
574 1563 720 1606 purgatio
737 1564 927 1596 nominatur.
971 1564 1058 1595 'l‘nn-
1081 1564 1227 1596 Constat.
1271 1565 1342 1596 Ho.
1364 1564 1482 1596 Nonne
1505 1565 1664 1607 geminam

193 1617 387 1659 purgationis
403 1617 539 1659 speciem
554 1627 622 1648 esse
636 1617 769 1660 quisque
786 1617 1009 1659 dignosceret?
1053 1616 1143 1648 Trrr..
1166 1617 1218 1648 Ita
1232 1617 1323 1656 forte,
1345 1618 1370 1648 si
1385 1618 1455 1660 quis
1469 1619 1664 1660 aliquamdiu

191 1671 330 1713 cogitet:
359 1682 419 1714 ego
435 1671 525 1703 enim
544 1671 577 1701 in
593 1672 762 1713 praesentia
778 1671 899 1713 ignoro.
943 1671 1011 1703 Ho.
1036 1670 1260 1702 Verumtamen
1283 1671 1405 1713 species
1426 1671 1539 1703 multas
1553 1682 1666 1715 corpo-

190 1725 300 1757 ralium
315 1725 533 1768 purgationum
549 1725 676 1757 nomine
706 1735 768 1757 uno
790 1725 960 1767 complecti
983 1725 1087 1758 decet.
1129 1720 1220 1757 Tne.
1244 1725 1331 1763 Quas
1346 1725 1462 1767 inquis,
1478 1728 1582 1767 quove
1603 1737 1664 1757 no-

189 1779 298 1812 rnine?
342 1779 411 1812 Ho.
433 1779 583 1821 Purgatio
609 1780 740 1812 animati
766 1779 916 1822 corporiS,
944 1779 1132 1811 intrinsecus
1154 1789 1287 1820 operans
1309 1789 1366 1820 per
1378 1779 1607 1822 gymnasticam
1630 1785 1663 1812 et

192 1832 392 1871 medicinam,
417 1839 450 1865 et
464 1844 535 1876 quas
549 1833 740 1865 extrinsecus
766 1833 887 1865 balneis
909 1833 995 1875 quod
1022 1833 1111 1865 dictu
1138 1833 1201 1864 vile
1224 1837 1272 1864 est
1293 1833 1438 1874 mundat,
1461 1832 1559 1875 [227]
1583 1834 1663 1867 item

191 1894 264 1929 quae
278 1887 448 1919 inanimata
462 1897 592 1930 corpora
606 1888 763 1919 fullonum
780 1887 952 1919 ministerio
969 1888 1177 1930 abstergendo
1186 1887 1316 1925 colorat,
1331 1891 1364 1918 et
1372 1887 1517 1918 universa
1529 1888 1662 1919 amandi

188 1941 326 1983 eorporis
337 1946 493 1985 curatura,
508 1937 668 1984 sigillatim
683 1941 767 1974 varia
782 1941 919 1983 viliaque
934 1941 1062 1972 nomina
1075 1941 1256 1973 sortiuntur.
1289 1941 1378 1973 Tun.
1400 1941 1562 1974 Profecto.
1591 1941 1662 1974 Ho-

187 1994 328 2027 Omnino
351 1996 492 2039 quidem,
518 2007 537 2027 o
562 1995 734 2028 Theaetete.
780 1995 1007 2028 Ratiocinandi
1037 2002 1110 2026 vero
1133 2005 1317 2037 progressus
1341 1994 1421 2025 nihil
1446 1994 1545 2036 magis
1560 2005 1662 2028 unum

187 2050 286 2081 altero
311 2055 373 2081 aut⁴
393 2050 495 2082 minus
521 2047 620 2088 curat,
644 2050 670 2081 si
696 2049 842 2092 purgatio
869 2049 1011 2092 spongiis
1034 2049 1377 2091 fomentationibusque
1393 2048 1537 2080 adhibita
1557 2047 1661 2080 minus

190 2104 333 2141 mundat,
357 2105 556 2146 pharmacum
572 2113 645 2136 vero
661 2104 759 2146 magis
785 2104 929 2146 purificat
954 2109 1049 2146 atque
1069 2103 1175 2145 juvat.
1219 2103 1303 2134 Nam
1327 2107 1364 2134 ut
1385 2102 1495 2134 artium
1518 2102 1660 2134 omnium

189 2156 432 2199 intelligentiam
447 2161 668 2200 consequatur,
683 2158 897 2200 quodcunque
924 2162 1095 2199 cognatum
1111 2161 1159 2188 est
1180 2156 1231 2188 vel
1254 2167 1318 2187 non
1341 2161 1510 2198 cognatum
1533 2156 1664 2187 investi·

192 2210 311 2252 gando,
329 2220 418 2251 mque
443 2210 580 2253 singulas
604 2216 684 2242 artes
699 2212 852 2251 honorat3
876 2210 1001 2252 aliaque
1023 2210 1092 2242 aliis
1107 2211 1282 2242 secundum
1305 2210 1541 2240 similitudinem
1564 2209 1664 2239 nihilo

189 2265 288 2306 magis
305 2264 438 2296 ridicula
453 2269 572 2297 censet.
594 2265 670 2307 quin
683 2265 780 2296 etiam
793 2265 892 2296 nihilo
906 2264 1070 2296 honestius
1083 2268 1187 2306 putat,
1204 2264 1229 2295 si
1239 2263 1364 2294 militari
1375 2262 1555 2305 disciplina,
1564 2271 1662 2304 quarn

189 2318 224 2349 si·
241 2318 314 2349 alla·
327 2318 438 2360 quavis
463 2317 611 2350 vilissima
638 2329 734 2361 opera
758 2318 954 2350 venatorium
978 2328 1058 2360 opus
1079 2322 1270 2354 exerceatur.
1312 2316 1356 2347 Et
1369 2326 1454 2349 nunc
1471 2316 1612 2359 quidem,
1627 2320 1663 2347 ut

189 2372 362 2412 quaerebas,
387 2382 524 2414 quonam
548 2372 674 2404 nomine
698 2378 828 2405 cunctas
853 2372 1032 2410 facultates,
1054 2381 1252 2414 quaecunque
1274 2381 1388 2413 corpus
1412 2376 1466 2402 aut
1489 2370 1661 2402 animatum

190 2429 251 2456 ant*
261 2425 463 2457 inanimatum
480 2435 612 2468 purgare
627 2427 766 2465 student,
790 2427 917 2469 penitus
932 2427 1233 2468 comprehendemus
1247 2436 1255 2457 z
1279 2425 1360 2456 nihil
1375 2425 1495 2467 utique,
1511 2425 1596 2467 quod
1619 2424 1660 2455 ad

190 2483 374 2519 praesentem
390 2480 525 2521 pertinet
539 2480 798 2522 disputationem,
814 2480 938 2518 referet,
953 2481 1166 2522 quodcunque
1180 2489 1296 2511 nomen
1319 2479 1481 2510 inventum
1497 2478 1661 2510 decentius

192 2531 346 2569 videatur,
373 2533 543 2565 dummodo
567 2544 586 2565 a
615 2534 854 2576 purgationibus
881 2534 994 2565 animae
1021 2534 1061 2565 sit
1087 2533 1284 2575 distinctum,
1307 2543 1506 2575 quaecunque
1526 2539 1662 2574 purgant

189 2595 303 2626 corpus
318 2585 495 2620 includens.
540 2587 662 2620 Mentis
677 2599 770 2631 porro
792 2588 1011 2631 purgationem
1028 2588 1068 2620 ab
1094 2586 1162 2618 aliis
1178 2586 1324 2618 omnibus
1337 2597 1496 2618 secernere
1512 2596 1596 2617 nunc
1610 2585 1663 2615 in-

191 2639 361 2681 tenditssi,
377 2650 522 2681 quorsum
550 2642 661 2684 vergit,
689 2642 886 2684 inspicimus.
929 2642 1017 2674 Tun.
1040 2638 1259 2672 Animadverti
1285 2640 1446 2683 equidem,
1473 2645 1506 2672 et
1530 2639 1663 2670 admitto

192 2693 270 2724 duas
285 2693 405 2735 species
427 2695 620 2736 purgationis
643 2705 724 2734 esse,
748 2696 923 2738 animaeque
946 2695 1164 2738 purgationem
1182 2705 1202 2725 a
1226 2694 1413 2736 purgatione
1435 2692 1573 2735 corporis
1594 2701 1662 2723 esse

186 2747 350 2779 diversam.
395 2747 462 2780 Ho.
485 2748 618 2790 Egregie
634 2750 780 2791 loqueris.
803 2755 835 2782 et
849 2750 883 2782 in
899 2751 960 2782 hoc
974 2750 1105 2792 insuper
1119 2749 1196 2780 mihi
1221 2749 1401 2790 obsequere
1409 2759 1419 2788 3
1442 2746 1568 2788 quodve
1596 2745 1662 2776 dic-

187 2805 275 2831 turus
290 2811 369 2838 sum,
383 2812 487 2833 rursus
502 2801 640 2834 bifariam
665 2803 805 2835 dividere
821 2809 918 2836 tenta.
960 2803 1048 2837 Tru-2.
1071 2803 1242 2845 Utcunque
1267 2803 1403 2839 duxeris,
1424 2806 1527 2832 tecum
1553 2798 1663 2840 partiri

193 2855 342 2887 conabor.
386 2855 455 2889 Ho.
477 2855 668 2888 Pravitatern
684 2857 717 2888 in
742 2858 847 2890 anima
861 2858 946 2890 aliud
969 2868 1062 2900 quam
1079 2858 1223 2889 virtutem
1245 2855 1405 2888 dicimus?
1449 2854 1538 2885 Tne.
1560 2851 1661 2882 Aliud

191 2913 288 2940 certe.
319 2908 386 2942 Ho.
409 2909 577 2942 Enimvero
590 2911 807 2952 purgationem
823 2911 901 2943 nihil
917 2911 1003 2943 aliud
1019 2922 1087 2943 esse
1101 2911 1246 2948 diximus,
1261 2919 1354 2952 quam
1370 2908 1457 2950 quod
1473 2915 1602 2947 pravum
1613 2907 1662 2937 est

192 2966 363 3003 amputare,
391 2963 543 3006 reliquum
566 2975 639 2997 vero
664 2975 797 3000 servare.
841 2965 928 2998 Tur:-
951 2965 1098 2998 Diximus
1124 2965 1233 3008 procul
1257 2964 1367 2996 dubio.
1412 2961 1479 2994 Ho.
1501 2959 1659 3043 Sinufflll

272 3015 361 3048 Plat.
380 3016 436 3049 Tr.
859 3041 868 3045 s
980 3019 1007 3052 Ι.
1497 3016 1518 3046 2
