1846 3268
160 293 256 344 521]
769 289 1033 330 GORGIAS.
1549 292 1625 328 227

152 406 244 429 onem
260 396 315 428 tibi
334 396 465 433 videtur,
481 399 516 425 ut
530 393 556 424 is
571 393 625 435 qui
640 393 726 425 dicat
741 404 774 424 se
789 394 904 425 bonum
921 393 1058 435 aliquem
1081 393 1266 429 reddidisse,
1282 392 1322 424 de
1347 393 1458 424 eodem
1475 402 1615 433 conque-

153 455 247 487 ratur,
263 449 351 492 quasi
365 449 421 492 qui
434 448 535 480 bonus
550 448 588 478 ab
604 448 671 489 ipso
686 447 787 478 factus
812 453 870 485 est,
887 448 926 478 sit
950 453 982 479 et
1006 447 1104 479 malus
1118 449 1128 479 ?
1156 438 1262 480 'Cam
1287 447 1371 478 Mihi
1387 447 1512 488 quidem
1531 447 1617 476 vide-

156 509 216 535 tur.
260 504 316 536 So.
339 503 456 535 Nonne
472 502 563 533 audis
578 502 648 532 illos
664 501 717 542 qui
734 502 846 533 docere
862 502 1006 533 virtutem
1024 502 1221 543 profitentur,
1235 501 1309 532 talia
1324 495 1473 542 conqueri
1487 500 1497 530 ?
1533 500 1620 531 Cat..

154 557 323 599 Equidem.
337 558 400 589 sed
415 556 566 598 quidnam
582 555 623 586 de
639 555 816 586 hominibus
831 555 949 586 nullius
966 556 1057 597 pretii
1073 561 1162 597 potes
1176 555 1303 587 dicere?
1329 554 1426 596 [520]
1451 553 1506 585 So.
1531 553 1620 589 Quid

153 621 227 642 vero
239 611 280 642 de
294 610 355 642 illis
368 610 497 646 diceres,
512 608 566 651 qui
582 609 624 640 rei
641 609 776 650 publicae
792 620 924 651 praeesse
952 619 985 640 se
1006 610 1107 647 aiunt,
1127 615 1222 651 atquc
1244 614 1279 640 ut
1304 609 1358 639 illa
1384 618 1477 650 quam
1499 606 1621 648 optima

153 663 195 695 sit
209 664 374 706 diligenter
388 664 564 704 excogitare
578 674 586 702 ;
610 673 774 705 rursusque
798 663 900 705 ipsam
925 668 1087 700 accusant,
1104 668 1197 704 prout
1212 662 1340 704 accidit,
1357 667 1505 703 tanquam
1522 659 1620 702 pessi-

152 718 254 749 mam?
276 722 411 760 putasne
427 718 483 748 hos
507 717 547 748 ab
567 717 627 747 illis
650 716 810 748 differre?
842 717 932 748 Idem
958 717 1101 758 profecto
1127 722 1187 754 est,
1204 727 1223 747 o
1239 716 1285 746 vir
1308 716 1411 752 beate,
1427 714 1568 756 sophista
1581 723 1619 744 ac

152 771 266 809 rhetor,
280 771 330 803 vel
347 771 556 813 propinquum
580 770 701 812 aliquid
724 776 819 812 atque
840 770 951 808 simile,
968 771 1232 811 quemadmodum
1256 770 1294 800 ad
1319 769 1431 800 Polum
1458 779 1517 809 ego
1533 767 1618 798 dice—

152 824 237 858 bam.
279 824 328 856 Tu
351 831 455 856 autern
479 829 607 867 propter
627 825 833 867 ignorantiam
859 825 1039 866 praeclarum
1067 825 1216 866 quiddam
1231 828 1323 865 putas
1339 832 1406 854 esse
1422 821 1619 857 rhetoricam,

152 878 351 920 sophisticam
368 889 440 910 vero
454 878 639 911 contemnis.
663 878 719 910 sed
735 889 766 909 re
782 889 854 909 vera
877 878 1036 919 pulchrior
1062 883 1109 910 est
1131 878 1301 920 sophistica
1324 887 1418 918 quam
1443 875 1617 906 rhetorica:

152 943 216 975 quo
230 938 263 965 et
271 933 428 976 'pulchrior
442 937 489 965 est
497 932 652 965 conditrix
669 932 771 974 legum
786 942 879 974 quarn
891 931 1072 973 judiciaria,
1088 937 1120 963 et
1132 930 1330 974 gymnastica
1342 940 1435 971 quam
1447 928 1617 960 medicina.

153 986 236 1018 Solis
249 992 354 1018 autem
379 985 653 1019 concionatoribus
678 990 711 1017 et
737 986 884 1028 sophistis
905 986 1030 1017 minime
1046 986 1175 1016 arbitror
1188 984 1442 1023 concedendum,
1459 987 1492 1014 ut
1518 982 1558 1013 de
1580 992 1618 1012 eo

155 1041 239 1082 quod
256 1041 317 1083 ipsi
331 1042 459 1078 docent,
475 1041 563 1083 quasi
578 1040 637 1072 sibi
653 1041 695 1072 sit
711 1040 838 1082 malum,
854 1045 1094 1082 conquerantur.
1119 1038 1259 1080 alioquin
1275 1038 1306 1069 in
1324 1037 1433 1069 eadem
1443 1036 1513 1078 ipsa
1527 1046 1619 1067 accu-

155 1095 276 1127 satione
291 1106 324 1128 se
338 1096 424 1138 ipsos
449 1095 565 1138 pariter
589 1095 803 1133 criminentur,
819 1095 909 1136 quasi
933 1094 1014 1126 nihil
1039 1094 1077 1125 iis
1101 1093 1302 1135 profecerint,
1316 1091 1430 1133 quibus
1451 1090 1619 1121 utilitatem

154 1148 294 1182 attulisse
309 1160 342 1181 se
362 1150 484 1182 dicunt.
506 1160 612 1181 nonne
628 1150 671 1181 ita
684 1160 717 1181 se
733 1160 780 1181 res
796 1150 914 1181 habet?
961 1149 1047 1181 Car..
1070 1148 1120 1179 Ita
1137 1157 1269 1190 prorsus.
1313 1146 1369 1176 So.
1393 1144 1434 1175 Et
1449 1143 1620 1176 contulisse

154 1201 342 1235 beneficium
357 1204 474 1246 absque
489 1205 644 1241 mercede,
659 1208 693 1235 ut
705 1203 953 1236 'consentaneum
969 1208 1028 1241 est,
1044 1202 1118 1234 solis
1132 1202 1198 1233 istis
1214 1200 1434 1237 conveniebat,
1449 1198 1473 1229 si
1490 1198 1618 1239 quidem

153 1266 225 1287 vera
239 1258 392 1290 dicerent.
414 1268 485 1289 nam
502 1258 563 1289 alia
587 1259 714 1300 quidem
737 1258 891 1290 beneficia
908 1268 980 1289 cum
1002 1256 1072 1298 quis
1096 1255 1264 1297 acceperit,
1281 1253 1378 1285 veluti
1394 1261 1448 1294 per
1461 1251 1619 1295 gymnasii

154 1310 333 1351 magistrum
347 1311 430 1344 celer
444 1312 557 1352 factus,
571 1311 651 1343 forte
670 1312 775 1352 utique
792 1310 921 1352 gratiam
936 1321 1001 1342 non
1025 1309 1160 1346 referret,
1177 1309 1236 1340 nisi
1259 1313 1428 1344 caveretur,
1444 1311 1480 1338 ut
1501 1316 1620 1337 merce-

153 1362 226 1394 dem
240 1364 386 1403 solveret,
400 1365 628 1407 quamprimum
645 1365 727 1397 celer
742 1365 816 1395 satis
831 1364 974 1396 evaserit.
995 1374 1060 1394 non
1076 1364 1160 1394 enirn
1177 1362 1335 1402 tarditate,
1352 1366 1385 1392 ut
1400 1360 1541 1396 arbitror,
1562 1360 1619 1389 ho-

152 1417 263 1454 mines,
287 1418 343 1448 sed
368 1417 520 1458 injustitia
546 1417 690 1459 injuriam
715 1417 846 1450 faciunt.
892 1417 1035 1449 Nonne?
1082 1417 1168 1449 cin.
1194 1417 1255 1448 lta.
1301 1416 1357 1447 So.
1380 1415 1413 1446 Si
1436 1414 1506 1455 quis
1528 1413 1620 1454 igitur

151 1471 217 1503 hoc·
226 1471 329 1512 ipsum
351 1471 483 1508 auferat,
500 1470 621 1502 scilicet
644 1471 846 1512 injustitiam,
863 1471 1028 1502 discrimen
1051 1470 1120 1512 jam
1146 1469 1268 1511 injuriae
1293 1468 1488 1500 devitaverit.
1512 1478 1618 1499 verum

153 1524 255 1566 perid
270 1524 371 1556 solum
386 1524 419 1556 in
435 1528 503 1555 tuto
519 1524 665 1556 collocari
682 1524 868 1556 beneficium
885 1529 1001 1566 potest,
1017 1525 1043 1555 si
1061 1524 1131 1566 quis
1153 1535 1220 1565 eos,
1236 1524 1349 1565 quibus
1371 1523 1503 1559 confert,
1521 1522 1618 1552 bonos

153 1588 186 1609 re
200 1588 272 1609 vera
288 1577 386 1620 possit
401 1578 534 1610 efficere.
579 1577 719 1609 Nonne?
765 1577 851 1609 Car..
874 1578 1061 1610 Consentio,
1106 1578 1162 1609 So.
1187 1578 1371 1619 Propterea,
1386 1581 1422 1607 ut
1437 1575 1570 1612 videtur,
1586 1575 1619 1605 in

152 1631 221 1662 aliis
233 1632 445 1663 contractibus
459 1636 548 1674 turpe
564 1642 627 1663 non
643 1638 691 1663 est
706 1631 766 1663 sibi
782 1642 906 1672 cavere,
921 1631 1019 1663 veluti
1040 1642 1096 1672 pro
1112 1630 1252 1662 aedificiis
1274 1630 1448 1672 ceterisque
1470 1628 1619 1660 artificiis.

154 1684 241 1717 Car..
263 1683 417 1726 Apparet.
462 1685 519 1716 So.
542 1685 603 1716 Pro
619 1685 677 1717 hac
694 1690 798 1716 autem
814 1684 976 1721 facultate,
992 1684 1114 1717 scilicet
1139 1690 1175 1715 ut
1198 1685 1298 1716 bonus
1318 1684 1388 1726 quis
1403 1684 1469 1720 fiat,
1484 1682 1619 1724 optime-

152 1748 215 1780 que
237 1738 385 1770 familiam
410 1748 498 1769 suam
524 1739 676 1780 gubernet
700 1743 794 1780 atque
820 1748 883 1770 rem
910 1739 1080 1780 publicam,
1103 1744 1193 1780 turpe
1219 1739 1411 1770 existimatur
1430 1736 1508 1768 nihil
1534 1736 1618 1779 prius

152 1791 233 1824 velle
261 1792 385 1829 docere,
415 1802 509 1834 quarn
533 1792 574 1823 de
600 1792 733 1834 pecunia
757 1798 914 1823 caveatur.
959 1791 1101 1823 Nonne?
1147 1792 1230 1824 Car..
1255 1792 1359 1824 Certe.
1404 1792 1461 1822 So.
1485 1791 1619 1822 Constat

153 1844 238 1876 enim
253 1845 334 1877 hanc
349 1855 416 1876 esse
431 1855 568 1882 causam,
581 1844 655 1886 quia
670 1845 768 1876 solum
785 1845 845 1876 hoc
866 1855 904 1876 ex
920 1844 988 1877 aliis
1004 1845 1167 1876 beneficiis
1189 1855 1261 1876 eum
1284 1845 1338 1887 qui
1361 1845 1519 1887 acceperit
1542 1844 1619 1876 facit

152 1897 322 1930 referendae
334 1897 443 1940 gratiae.
456 1899 620 1940 cupidum.
644 1902 834 1941 quapropter
850 1898 1029 1940 praeclarum
1047 1898 1170 1930 videtur
1193 1909 1261 1931 esse
1287 1904 1516 1941 argumentum,
1533 1898 1557 1929 si
1577 1898 1616 1935 is,

153 1951 209 1994 qui
219 1951 354 1984 officium
369 1951 526 1994 ejusmodi
547 1952 736 1994 praestiterit,
751 1951 885 1984 vicissim
910 1952 977 1994 ipse
1005 1952 1156 1995 recipiat:
1181 1959 1289 1985 contra
1305 1964 1378 1985 vero
1405 1963 1615 1994 nequaquam.

150 2004 238 2037 Num
253 2007 320 2038 haec
334 2007 376 2038 ita
392 2017 425 2038 se
440 2007 580 2038 habent?
605 2007 700 2049 [521]
724 2007 810 2040 Car..
834 2006 896 2038 Ita.
939 2007 996 2038 So.
1021 2006 1075 2038 Ad
1093 2012 1190 2038 utram
1206 2007 1303 2049 igitur
1318 2018 1368 2039 me
1383 2007 1552 2039 cohortaris
1572 2007 1619 2039 ci-

152 2059 256 2091 vitatis
271 2060 400 2091 curam?
424 2070 494 2102 age,
516 2060 590 2091 mihi
614 2060 757 2098 definias,
774 2061 813 2092 ad
836 2071 958 2098 eamne,
976 2071 1031 2103 per
1045 2071 1138 2104 quam
1158 2060 1406 2093 Atheniensibus
1431 2072 1616 2103 repugnem,

152 2114 403 2156 eontendamque
419 2119 454 2144 ut
466 2123 559 2156 quam
574 2114 686 2156 optimi
700 2114 790 2152 fiant,
806 2119 955 2156 tanquam
972 2115 1112 2146 medicus
1125 2126 1133 2147 :
1159 2126 1198 2146 an
1212 2116 1252 2146 ad
1269 2126 1348 2153 eam,
1362 2126 1418 2156 per
1437 2126 1531 2156 quam
1547 2121 1616 2146 tan-

151 2177 244 2208 quam
260 2167 400 2200 minister
414 2168 584 2210 voluptatis
607 2167 731 2200 illorum
759 2168 860 2210 gratia
878 2169 1019 2200 studeam
1033 2169 1045 2199 ?
1093 2169 1135 2199 Et
1158 2169 1232 2200 mihi
1249 2179 1320 2200 vera
1342 2169 1407 2206 dic,
1423 2180 1441 2200 ο
1458 2168 1621 2201 Callicles.

149 2221 243 2252 decet
256 2221 339 2252 enim
355 2226 398 2259 te,
414 2222 678 2263 quemadmodum
692 2221 849 2264 incepisti,
865 2223 1015 2253 audacter
1029 2223 1187 2264 prosequi,
1204 2223 1279 2254 mihi
1303 2222 1398 2254 libere
1414 2223 1616 2264 exprimendo

145 2284 216 2316 quae
239 2276 348 2309 sentis.
391 2274 435 2306 Et
458 2286 542 2308 nunc
564 2286 638 2318 ergo
660 2277 741 2308 bene
764 2286 976 2318 gcneroseque
999 2277 1166 2318 responde.
1214 2278 1299 2309 Cat..
1322 2276 1374 2307 Ad
1401 2276 1605 2308 ministerium

147 2329 288 2371 profecto
303 2335 334 2361 te
348 2330 502 2362 exhortor.
545 2330 599 2361 So.
623 2330 676 2361 Ad
691 2331 904 2362 adulationem
920 2341 994 2372 ergo
1009 2342 1069 2368 me,
1085 2342 1104 2362 o
1115 2331 1162 2362 vir
1176 2331 1424 2372 generosissime,
1447 2341 1611 2372 provocas.

148 2382 232 2415 Cu..
250 2373 289 2414 'Si
303 2382 412 2424 mavis,
432 2395 450 2415 o
471 2384 626 2422 Socrates,
641 2384 795 2427 Mysiiom
811 2385 928 2424 vocari,
943 2385 1102 2416 vocaberis
1125 2385 1245 2426 utique,
1262 2385 1320 2415 nisi
1337 2384 1415 2416 mihi
1431 2385 1615 2417 credideris.

146 2436 202 2468 So.
229 2435 278 2468 Ne
291 2436 423 2479 objicias
449 2438 522 2468 mihi
548 2448 644 2475 nunc,
660 2438 744 2480 quod
766 2438 834 2480 jam
857 2438 971 2480 saepius
992 2437 1149 2479 objecisti,
1166 2439 1312 2470 videlicet
1335 2438 1500 2470 interficiet
1533 2443 1578 2478 te,
1593 2449 1613 2468 o

149 2489 303 2528 Socrates,
328 2491 509 2533 quicunque
524 2492 675 2524 voluerit:
701 2503 742 2525 ne
765 2503 825 2534 ego
850 2493 960 2524 iterum
989 2493 1035 2524 ita
1058 2493 1275 2535 respondeam,
1295 2492 1341 2524 At
1367 2493 1465 2524 malus
1482 2494 1614 2524 bonum.

150 2553 253 2585 neque
267 2544 378 2575 iterum
392 2544 495 2577 dicas:
520 2546 638 2577 auferet
653 2546 722 2584 tibi,
738 2557 756 2577 o
781 2547 937 2588 Socrates,
953 2547 1098 2589 quilibet,
1113 2547 1138 2579 si
1164 2548 1240 2590 quid
1258 2548 1352 2579 habes
1367 2560 1374 2579 :
1397 2558 1437 2579 ne
1457 2558 1517 2590 ego
1533 2558 1613 2589 quo-

145 2598 208 2639 que
233 2598 450 2639 respondeam,
466 2599 510 2630 At
525 2610 596 2631 vero
621 2601 675 2642 qui
694 2601 826 2637 auferet,
842 2602 962 2632 nesciet
987 2601 1048 2632 illis
1074 2609 1222 2644 tanquam
1245 2602 1304 2633 sibi
1329 2602 1458 2633 utilibus
1477 2602 1536 2639 uti,
1552 2602 1607 2632 sed

150 2651 414 2693 quemadmodum
436 2651 551 2694 injuste
574 2665 593 2685 a
614 2664 663 2685 me
686 2655 857 2693 abstulerit,
884 2655 929 2686 sic
948 2645 1018 2697 ipse
1043 2660 1148 2689 utetur
1168 2655 1297 2697 injuste.
1321 2656 1406 2699 quod
1434 2656 1460 2686 si
1484 2655 1613 2698 injuste,

147 2714 222 2746 ergo
242 2710 275 2736 et
300 2705 449 2747 turpiter:
472 2707 610 2749 denique
633 2708 658 2739 ai
682 2710 821 2750 turpiter,
839 2709 929 2741 male.
975 2710 1060 2742 Car..
1086 2709 1213 2741 Videris
1230 2710 1319 2751 mihi,
1334 2721 1353 2741 ο
1368 2711 1521 2747 Socrates,
1538 2710 1609 2750 opi·

149 2758 226 2796 nari,
243 2759 322 2790 nihil
335 2759 490 2802 ejusmodi
505 2765 537 2792 te
553 2771 711 2803 passurum
727 2773 736 2802 ;
761 2763 889 2804 perinde
905 2774 941 2795 ac
956 2764 981 2794 si
997 2763 1105 2805 procul
1122 2764 1194 2795 hinc
1210 2764 1330 2795 habites
1345 2776 1352 2795 z
1377 2774 1480 2806 neque
1495 2762 1613 2794 deduci

149 2822 243 2854 posse
266 2812 300 2844 in
329 2812 487 2854 judicium
512 2819 603 2856 putas
626 2816 665 2846 ab
684 2816 883 2857 ignavissimo
904 2827 1031 2859 quoque
1049 2817 1227 2859 nulliusque
1252 2818 1343 2859 pretii
1370 2817 1506 2849 homine.
1552 2817 1609 2848 So.

147 2865 266 2898 Amens
280 2871 364 2898 certe
377 2867 487 2909 forem,
502 2878 521 2899 0
538 2867 698 2907 Callicles,
713 2869 774 2900 nisi
795 2875 933 2911 putarem
952 2871 985 2901 in
1009 2871 1066 2902 hac
1092 2869 1219 2903 civitate
1237 2881 1490 2913 unumquemque
1505 2870 1606 2912 quod-

149 2917 226 2950 libet
238 2919 395 2962 ejusmodi
410 2922 475 2964 pati
492 2932 593 2964 posse.
638 2922 710 2955 Hoc
733 2928 839 2955 tamen
863 2930 952 2956 certo·
975 2925 1052 2963 scio,
1073 2925 1149 2956 siin
1167 2925 1325 2967 judicium
1340 2935 1467 2961 venero,
1485 2923 1610 2964 pericli-

153 2978 220 3006 tans
236 2975 276 3006 ob
291 2985 329 3008 ea
343 2985 414 3018 quae
429 2981 462 3007 tu
479 2977 583 3015 affers,
598 2977 772 3020 improbum
787 2978 852 3010 fore
865 2979 918 3020 qui
937 2989 984 3011 me
999 2979 1199 3011 accusaverit.
1223 2979 1327 3010 nullus
1344 2978 1424 3009 enim
1442 2978 1540 3008 bonus
1558 2976 1613 3006 ho-
