1846 3268
218 251 269 290 56
810 241 1080 286 PLAToms
1583 246 1678 298 [338

217 352 311 387 dacio
325 357 438 396 praeter
450 349 638 384 sententiam
664 346 784 392 aliquid
809 348 1007 380 extollentes.
1051 346 1121 377 Nos
1135 343 1210 377 item
1226 344 1384 378 auditores
1399 346 1443 379 ita
1458 346 1590 381 maxime
1605 358 1681 390 gau-

216 407 285 451 uio,
297 418 362 439 non
376 407 537 449 voluptate
551 405 751 438 afficeremur.
796 401 924 435 Gaudio
940 400 1072 432 afficitur
1086 400 1150 437 ille,
1166 400 1222 442 qui
1233 399 1384 432 discendo
1393 406 1426 432 et
1436 401 1683 444 contemplando

217 461 289 504 ipsa
309 460 519 503 intelligentia
541 459 738 491 delectatur:
761 455 926 497 voluptate
951 453 1160 496 perfunditur,
1178 453 1235 495 qui
1260 454 1335 485 dum
1365 455 1516 493 comedit,
1539 454 1590 486 vel
1617 455 1681 487 alio

217 516 356 558 quodam
369 515 600 547 oblectamento
613 511 743 554 potitur,
766 509 837 552 ipso
863 518 955 539 sensu
981 506 1120 550 corporis
1144 508 1328 540 delectatur.
1374 509 1455 541 Cum
1470 509 1539 541 haec
1553 508 1685 541 dixisset

219 569 384 606 Prodicus,
400 567 598 611 praesentium
613 564 737 608 plurimi
751 566 987 597 consenserunt.
1032 561 1160 594 Deinde
1182 562 1306 604 sapiens
1326 561 1464 605 Hippias
1488 563 1534 595 sic
1555 574 1683 596 exorsus

219 627 269 654 est
282 622 405 655 dicere:
430 620 586 663 Arbitror,
610 630 630 651 o
645 618 702 650 viri
717 621 899 660 praesentes,
914 626 970 647 vos
984 626 1094 647 omnes
1108 621 1273 658 cognatos,
1290 616 1547 660 propinquosque
1559 622 1593 650 et
1606 628 1682 650 con-

220 675 306 708 cives
320 675 453 708 invicem
468 685 535 707 esse
550 678 672 711 natura,
686 683 751 704 non
767 672 847 713 lege.
892 670 1002 702 Simile
1016 680 1154 713 namque
1167 670 1262 702 simili
1275 675 1387 702 natura
1412 676 1601 714 cognatum!
1630 672 1682 705 lex

221 734 339 770 autem,
363 733 515 772 tyrannus
538 727 712 763 hominum,
735 725 833 756 multa
858 729 972 767 praeter
986 730 1129 756 naturam
1152 724 1250 766 cogit.
1294 724 1399 768 Turpe
1423 726 1530 769 itaque
1548 731 1642 765 esset.
1657 726 1685 760 si

222 794 292 822 nos,
316 784 372 826 qui
396 793 495 815 rerum
519 786 660 813 naturam
684 779 846 817 callemus,
868 776 1153 821 sapientissimique
1184 778 1366 812 Graecorum
1395 780 1534 811 omnium
1564 791 1685 818 sumus,

221 842 388 880 postquam
403 838 445 869 de
459 838 518 868 hoc
532 837 602 878 ipso
617 833 807 877 disputaturi
822 834 904 865 hanc
918 833 952 865 in
966 834 1074 866 urbem
1085 834 1300 872 convenimus,
1317 835 1412 866 totius
1428 833 1548 866 Graecae
1560 835 1684 877 sapien-

221 891 274 924 tiae
298 896 411 928 arcem‘,
432 891 542 932 hisque
564 890 600 921 in
621 888 753 925 sedibus.
780 887 980 930 amplissimis
1005 887 1320 931 sumtuosissimisque
1335 888 1510 921 Atticarum
1531 888 1683 927 omniurn,

220 946 403 988 congregati
418 955 534 982 sumus,
560 943 639 975 nihil
661 948 748 974 tanta
767 943 826 974 hac
848 943 1056 984 amplitudine
1076 943 1207 985 dignum
1232 944 1478 981 ostenderemus,
1503 944 1559 975 sed
1576 943 1684 975 vilium

222 1000 478 1032 homunculorum
501 1009 586 1029 more
609 997 807 1035 altercantes,
828 996 966 1029 invicem
991 998 1234 1029 dissentiremus.
1279 998 1396 1029 Hortor
1419 997 1566 1040 equidem
1581 1009 1636 1029 vos
1651 1003 1685 1030 et

219 1056 362 1095 obsecr0,
376 1065 395 1085 o
409 1054 551 1085 Socrates
566 1057 660 1094 atque
676 1052 858 1093 Protagora,
880 1056 917 1083 ut
938 1051 1072 1084 libenter
1087 1052 1144 1083 sub
1161 1052 1251 1084 nobis
1266 1058 1415 1094 tanquam
1431 1052 1551 1084 arbitris
1566 1063 1683 1084 conve-

220 1108 327 1146 niatis,
342 1108 396 1150 qui
411 1118 466 1138 vos
477 1107 518 1138 ad
534 1107 670 1138 medium
685 1106 879 1138 reducemus.
903 1106 1000 1149 [338]
1025 1117 1128 1148 neque
1151 1112 1185 1138 tu
1204 1107 1355 1138 sermonis
1376 1107 1614 1149 amplitudinem
1636 1118 1683 1139 re-

220 1173 327 1195 secare
342 1163 437 1193 debes
452 1162 492 1192 ad
507 1161 624 1198 vivum,
635 1172 654 1192 o
670 1160 825 1198 Socrates,
841 1165 874 1192 et
887 1160 972 1192 istud
986 1166 1086 1202 tuum,
1101 1161 1189 1193 utita
1201 1161 1316 1202 dicam,
1329 1161 1554 1204 breviloquium
1569 1162 1609 1194 ad
1626 1173 1685 1194 un-

223 1228 315 1260 guem
332 1217 456 1258 penitus
471 1217 651 1248 observare:
677 1215 747 1246 laxa
762 1215 922 1257 paulisper
936 1215 1064 1247 obsecro
1087 1216 1280 1247 sermonibus
1304 1216 1527 1258 gubernacula,
1549 1221 1584 1248 ut
1597 1227 1683 1258 mag-

218 1271 431 1304 nificentiores
446 1270 736 1313 splendidioresque
751 1275 934 1312 appareant.
977 1269 1042 1301 Oro
1055 1269 1183 1312 insuper
1197 1271 1410 1312 Protagoram,
1425 1281 1466 1302 ne
1481 1269 1576 1302 tentis
1598 1281 1684 1313 pror-

220 1338 274 1358 sus
288 1326 485 1367 rudentibus,
496 1325 636 1367 velisque
650 1324 767 1356 inflatis
783 1330 908 1356 temone
929 1325 1038 1356 relicto
1062 1324 1096 1355 in
1121 1325 1217 1356 altum
1242 1335 1417 1356 sermonum
1439 1335 1522 1356 mare
1543 1325 1685 1367 protinus

221 1381 396 1418 delabatur,
418 1380 501 1411 unde
516 1390 669 1421 nusquam
685 1379 776 1410 tellus
792 1378 1019 1421 perspiciatur:
1042 1379 1096 1410 sed
1113 1380 1204 1411 ambo
1220 1380 1334 1422 pariter
1348 1378 1544 1417 annitamini,
1567 1385 1604 1411 ut
1618 1390 1684 1411 me-

222 1435 417 1467 diocritatem
434 1444 488 1475 pro
502 1434 616 1464 viribus
632 1433 811 1466 observetis.
857 1433 982 1465 Efficite
997 1444 1103 1476 quaeso
1119 1434 1203 1476 quod
1220 1434 1362 1471 consulo,
1372 1428 1374 1431 ¹
1386 1438 1485 1476 utque
1509 1434 1542 1465 id
1557 1435 1686 1466 servetis

223 1490 385 1532 integrius,
398 1488 505 1531 eligite
520 1488 733 1530 sceptriferum
746 1488 882 1530 aliquem
897 1488 1062 1530 praesidem
1077 1494 1171 1531 atque
1182 1488 1336 1530 judicem,
1363 1489 1418 1530 qui
1434 1488 1534 1520 verbis
1557 1490 1685 1521 modum

224 1548 343 1586 statuat
358 1545 561 1586 observetque
576 1547 741 1584 utrumque
754 1542 948 1585 loquentem.
992 1543 1183 1575 Placuerunt
1197 1544 1264 1575 haec
1279 1543 1496 1585 praesentibus,
1516 1553 1687 1585 omnesque

224 1610 263 1630 ea
291 1598 467 1629 laudarunt.
512 1587 569 1629 Me
584 1608 656 1629 vero
680 1598 720 1628 ad
736 1597 820 1629 idem
835 1598 976 1629 hortatus
998 1602 1047 1629 est
1068 1598 1206 1631 Callias:
1231 1603 1440 1641 rogaruntque
1464 1598 1578 1640 eligere
1603 1597 1688 1630 arbi-

224 1658 318 1685 trum.
362 1653 408 1684 At
423 1663 493 1695 ego,
509 1651 585 1683 Non
600 1652 705 1694 decet,
726 1652 867 1694 inquam,
890 1651 1032 1693 judicem
1049 1653 1122 1684 huic
1138 1653 1344 1695 disputationi
1359 1644 1549 1695 praeficere-⁴
1560 1663 1634 1684 nam
1658 1651 1686 1683 si

222 1707 313 1739 nobis
326 1707 497 1750 imperitior
510 1707 567 1738 erit
578 1706 690 1749 judex,
706 1706 859 1750 injustum
875 1707 934 1739 erit
950 1712 984 1738 ut
999 1708 1134 1739 deterior
1156 1708 1269 1750 aliquis
1292 1708 1466 1750 potioribus
1486 1708 1613 1750 praesit:
1636 1708 1686 1739 sin

222 1767 326 1794 autem
356 1761 476 1799 similis,
502 1771 606 1803 neque
633 1772 734 1793 rursus
760 1767 842 1793 recte
866 1762 913 1793 ita
935 1767 1055 1804 agetur.
1079 1762 1189 1794 similis
1215 1763 1299 1795 enim
1321 1763 1414 1794 nobis
1443 1762 1558 1794 similia
1582 1762 1688 1795 faciet.

222 1817 424 1858 Quapropter
439 1825 648 1858 supervacuus
662 1815 732 1846 erit.
776 1815 1026 1846 Praestantiorem
1042 1826 1114 1847 vero
1131 1817 1222 1847 nobis
1246 1827 1426 1858 quenquam
1441 1816 1557 1859 eligere
1571 1817 1689 1859 impos·

222 1871 311 1902 sibile
324 1880 430 1902 revera
444 1875 503 1907 est,
517 1874 553 1900 ut
566 1868 717 1908 arbitror;
739 1868 858 1910 quippe
874 1879 944 1899 cum
966 1869 1137 1910 Protagora
1158 1870 1218 1901 hoc
1239 1870 1410 1911 sapientior
1430 1869 1510 1901 alius
1529 1869 1604 1912 eligi
1630 1881 1687 1902 ne-

221 1930 329 1968 queat.
352 1924 438 1966 quod
454 1923 480 1954 si
495 1933 588 1965 quem
603 1922 757 1965 elegeritis
771 1922 871 1954 nihilo
886 1922 1072 1964 doctiorem,
1097 1923 1240 1955 asseretis
1262 1928 1379 1964 tamen,
1405 1923 1553 1955 dedecori
1576 1925 1688 1957 Prota-

222 1989 306 2021 goras
326 1979 388 2010 hoc
412 1977 548 2014 dabitur,
571 1978 655 2020 quod
678 1977 726 2008 illi
747 1981 895 2020 tanquam
923 1977 1021 2009 inscio
1040 1983 1073 2009 et
1093 1977 1224 2019 ignobili
1252 1978 1399 2009 arbitrum
1423 1978 1688 2021 praescripseritis.

220 2033 300 2064 Mea
312 2043 383 2064 vero
395 2032 472 2062 nihil
484 2031 624 2063 interest.
646 2036 783 2063 ceterum
799 2036 835 2062 ut
849 2031 1009 2074 disputare
1024 2041 1188 2074 pergamus
1204 2033 1469 2074 quemadmodum
1493 2033 1622 2076 cupitis,
1641 2035 1690 2067 ita

218 2086 298 2118 mihi
324 2086 447 2118 videtur
468 2086 636 2128 agendum.
680 2086 714 2118 Si
738 2097 804 2118 non
829 2086 899 2118 vult
921 2086 1112 2128 respondere
1140 2087 1340 2129 Protagoras,
1369 2087 1541 2130 interroget
1564 2089 1688 2128 saltem,

220 2151 281 2183 ego
296 2146 399 2172 autem
414 2140 611 2182 respondebo
625 2150 635 2180 ;
658 2140 752 2183 eique
768 2141 905 2173 conabor
921 2141 1097 2178 ostendere,
1113 2152 1177 2184 quo
1194 2147 1287 2184 pacto
1303 2143 1493 2184 respondere
1504 2143 1574 2185 quis
1587 2142 1689 2183 alteri,

220 2207 292 2228 meo
314 2195 452 2238 judicio,
478 2195 602 2227 debeat.
647 2195 819 2240 Postquam
843 2207 903 2238 ego
924 2195 970 2227 illi
993 2196 1032 2227 ad
1053 2196 1226 2238 quamlibet
1249 2196 1317 2238 ejus
1342 2197 1618 2240 interrogationem
1641 2210 1689 2232 re-

220 2249 420 2292 sponsionem
435 2250 564 2292 dedero,
580 2261 682 2281 rursus
696 2251 751 2282 ille
766 2250 844 2282 mihi
859 2250 989 2282 similem
1002 2261 1176 2283 sermonem
1186 2250 1344 2293 subjiciat.
1361 2252 1387 2283 si
1402 2252 1482 2284 forte
1497 2253 1690 2296 tergiversari

221 2304 389 2340 videbitur,
417 2315 476 2346 ego
500 2304 590 2335 simul
617 2310 650 2336 et
664 2316 720 2336 vos
735 2316 807 2338 eum
823 2305 990 2343 orabimus,
1013 2306 1279 2348 quemadmodum
1296 2317 1350 2337 vos
1365 2317 1415 2338 me
1429 2317 1515 2339 nunc
1528 2308 1634 2350 oratis,
1650 2319 1692 2341 ne
1702 2337 1713 2348 ,

219 2362 335 2390 coetum
350 2358 510 2390 dissolvat.
555 2358 671 2401 Neque
687 2371 758 2392 vero
785 2371 866 2403 opus
893 2365 942 2392 est
962 2359 1056 2402 hujus
1076 2361 1175 2404 gratia
1194 2371 1353 2392 censorem
1380 2372 1477 2392 unum
1498 2372 1687 2405 proponere.

221 2422 277 2444 vos
292 2411 373 2444 enim
390 2423 498 2444 omnes
513 2423 577 2444 una
592 2414 772 2446 censebitis.
818 2415 1055 2448 Consenserunt
1078 2426 1186 2447 omnes
1209 2415 1253 2446 ita
1275 2426 1342 2447 esse
1364 2417 1533 2457 agendum.
1576 2417 1688 2450 Prota·

221 2476 312 2509 goras
327 2471 430 2498 autem
446 2466 561 2498 invitus
577 2467 616 2498 ad
643 2469 710 2500 haec
734 2470 926 2501 descendere
946 2469 1121 2502 videbatur.
1145 2470 1274 2502 tandem
1298 2470 1472 2502 concedere
1495 2475 1624 2503 coactus
1639 2478 1688 2504 est

219 2520 479 2561 interrogaturum
496 2530 541 2558 se,
556 2525 589 2552 et
605 2526 770 2564 postquam
788 2524 862 2555 satis
877 2524 1123 2567 interrogaverit,
1151 2524 1285 2556 breviter
1299 2534 1530 2566 responsurum.
1575 2524 1689 2569 Itaque

220 2574 254 2606 in
276 2574 360 2606 hunc
385 2574 512 2605 modum
540 2574 729 2618 interrogare.
758 2578 854 2620 coepit
868 2589 876 2610 z
900 2578 1054 2616 Arbitror,
1084 2590 1103 2610 o
1129 2579 1285 2616 Socrates,
1314 2579 1506 2621 praecipuam
1535 2579 1688 2612 doctrinm

220 2634 339 2672 partem
355 2628 388 2659 in
399 2629 459 2660 hoc
473 2629 654 2668 consistere,
682 2636 716 2661 ut
729 2632 799 2674 quis
823 2633 857 2664 in
879 2633 1070 2665 carminibus
1090 2634 1209 2675 peritus
1231 2634 1355 2665 evadat.
1380 2633 1478 2676 [339]
1503 2633 1561 2666 Est
1581 2639 1687 2667 autem

220 2683 294 2721 hoc,
308 2687 344 2713 ut
357 2681 523 2724 poetarum
538 2683 624 2715 dicta
638 2683 815 2727 intelligere
826 2688 937 2729 possit,
965 2698 1036 2730 quae
1052 2687 1174 2720 scilicet
1189 2694 1274 2720 recte
1289 2698 1322 2719 se
1338 2689 1488 2726 habeant,
1511 2698 1583 2730 quas
1597 2698 1660 2720 non
1674 2699 1684 2721 ε

220 2735 362 2779 sciatque
377 2735 551 2769 discernere
565 2748 575 2777 ;
598 2743 630 2769 et
643 2749 715 2770 cum
730 2739 946 2783 interrogatur,
972 2742 1102 2774 reddere
1118 2743 1280 2775 rationem.
1328 2742 1371 2774 Et
1393 2751 1477 2774 nunc
1492 2742 1620 2784 quidem
1634 2742 1687 2774 in-

220 2790 389 2833 terrogabit
401 2791 480 2822 forte
494 2790 649 2833 quispiam
664 2793 705 2824 de
720 2804 758 2825 eo
774 2796 859 2836 quod
877 2795 1000 2838 utrique
1015 2796 1106 2828 simul
1132 2797 1368 2839 investigamus,
1385 2797 1426 2828 de
1439 2796 1553 2827 virtute
1574 2796 1686 2828 videli-

218 2849 281 2878 cet.
323 2844 386 2876 Sed
396 2845 457 2877 hoc
472 2844 622 2883 intererit,
638 2847 722 2889 quod
737 2847 770 2879 id
787 2849 826 2879 ad
842 2850 981 2882 carmina
995 2851 1208 2884 transferetur.
1252 2850 1344 2882 Dicit
1358 2850 1440 2882 enim
1455 2849 1632 2882 Simonides
1644 2852 1686 2883 ad

218 2899 353 2941 Scopam
376 2898 520 2932 Creontis
539 2899 710 2933 Thessalici
733 2901 844 2941 filium,
868 2904 996 2936 difficile
1019 2915 1086 2936 esse
1101 2905 1200 2937 virum
1216 2916 1286 2937 vere
1310 2905 1426 2936 bonum
1442 2903 1519 2942 fieri,
1542 2905 1685 2937 manibus

217 2953 413 2997 pedibusque
427 2958 460 2987 et
475 2958 578 2988 ruente
593 2959 791 2999 tetragonum
805 2957 839 2991 id
864 2963 911 2990 est
934 2959 1183 3002 quadrangulum
1208 2961 1325 3002 absque
1342 2958 1570 3001 vituperatione
1591 2958 1686 2991 fabri-
