1846 3268
205 293 298 345 105]
819 290 1038 332 PHAEDo.
1056 327 1058 330 ,
1578 295 1658 337 455

199 407 322 430 mecum
336 397 463 431 sentias.
488 407 621 430 vocasne
636 396 756 439 aliquid
775 396 908 429 calorem
925 397 1019 440 atque
1034 395 1154 439 frigus?
1200 395 1262 430 Ca.
1287 397 1377 430 Voco
1393 399 1553 441 equidem.
1597 401 1655 436 So.

201 450 288 484 Num
303 457 450 495 tanquam
466 452 569 484 nivem
591 457 685 494 atque
708 452 835 494 ignem?
881 452 940 485 Ca.
964 451 1051 488 Non.
1067 461 1121 493 per
1147 450 1270 483 Jovem.
1315 452 1371 484 So.
1395 452 1446 484 An
1462 454 1547 486 aliud
1564 455 1657 497 quid-

201 506 273 538 dam
289 507 421 538 calorem
436 517 503 538 esse
518 517 612 548 quam
628 506 746 548 ignem,
761 511 794 538 et
808 506 892 537 aliud
909 506 1004 548 frigus
1028 516 1122 548 quam
1148 506 1276 538 nivem?
1323 507 1384 539 Cn.
1407 507 1469 539 Ita.
1514 508 1568 541 So.
1593 509 1657 541 Sed

200 561 261 592 hoo
275 571 402 603 quoque
417 559 474 591 tibi
489 559 586 591 videri
603 566 691 602 puto,
715 560 830 598 nivem,
852 559 1003 602 quamdiu
1026 559 1077 590 nix
1100 564 1160 597 est,
1182 571 1341 602 nunquam
1364 567 1573 604 suscepturam
1589 573 1657 595 esse

199 614 346 652 calorem,
361 614 624 656 quemadmodum
649 614 682 645 in
708 613 917 656 superioribus
939 613 1120 645 dicebamus
1133 626 1140 644 :
1166 624 1203 646 ac
1216 624 1283 646 esse
1297 614 1414 652 nivem,
1430 621 1465 647 ut
1479 621 1545 647 erat
1560 617 1656 658 prius,

199 667 354 711 simulque
367 669 522 700 calidam:
548 669 602 701 sed
619 668 807 700 adventante
822 668 926 700 calore
941 673 997 700 aut
1019 667 1230 709 subterfugere
1257 674 1311 700 aut
1324 669 1462 702 interire.
1509 670 1569 704 ΟΕ.
1593 671 1656 703 Pe-

199 722 297 754 nitus.
340 722 396 755 So.
419 723 567 755 Similiter
582 728 616 755 et
637 723 741 765 ignem
765 722 961 754 subintrante
982 722 1095 764 frigore
1112 726 1167 753 aut
1192 723 1393 755 subterfluere
1419 729 1474 755 aut
1496 725 1660 767 extingui3

198 786 257 808 nec
271 787 407 819 unquam
423 788 516 819 posse
530 782 562 809 et
578 777 735 819 suscipere
750 777 845 819 frigus
861 781 893 809 et
908 776 999 808 simul
1015 787 1082 810 esse
1098 777 1214 819 ignem,
1230 776 1312 808 sicut
1326 777 1412 819 prius
1433 783 1510 817 erat,
1525 783 1557 811 et
1570 779 1657 822 frigi-

199 831 286 863 dum.
332 831 393 864 Cn.
420 831 505 863 Vera
519 842 633 863 narras.
678 832 735 864 So.
757 831 839 863 Sunt
862 832 958 873 igitur
973 831 1116 873 quaedam
1132 831 1298 873 ejusmodi,
1314 837 1350 863 ut
1364 842 1426 863 non
1442 832 1541 864 solum
1557 833 1659 875 speci-

200 895 249 916 em
265 885 364 927 ipsam
379 885 508 917 nomine
532 896 588 917 suo
614 886 783 928 dignentur
805 896 861 928 per
883 896 975 918 omne
991 890 1126 928 tempus,
1148 886 1202 918 sed
1227 891 1260 918 et
1275 886 1359 918 aliud
1374 886 1544 928 quiddam:
1570 888 1657 930 quod

197 939 325 982 quidem
350 949 414 970 non
440 944 487 971 est
509 940 642 982 primum
664 940 755 978 illud,
771 941 866 972 habet
892 951 976 978 vero,
989 940 1139 982 quamdiu
1161 945 1220 978 est,
1243 940 1326 971 illius
1348 940 1488 974 sormam.
1534 941 1572 973 In
1595 943 1656 974 hoc

195 1003 298 1025 rursus
312 993 383 1034 tibi,
398 994 484 1035 quod
499 993 584 1035 volo,
600 994 679 1026 forte
703 994 898 1026 manifestius
923 995 993 1027 erit.
1039 994 1146 1036 Impar
1167 995 1251 1026 enim
1266 1005 1387 1037 semper
1401 1000 1525 1038 oportet
1539 1007 1655 1028 nomen

193 1047 238 1085 id,
263 1047 349 1089 quod
370 1057 454 1079 nunc
478 1047 622 1084 dicimus,
638 1048 808 1089 possidere.
832 1048 962 1079 nonne?
1007 1047 1069 1081 Cn.
1092 1047 1228 1090 Oportet
1243 1059 1329 1081 sane.
1374 1050 1430 1081 So.
1453 1048 1539 1081 Num
1555 1050 1587 1081 id
1603 1061 1653 1082 so-

195 1102 258 1134 lum
274 1112 312 1134 ex
327 1102 494 1133 omnibus?
517 1102 577 1134 hoc
593 1102 677 1134 enim
696 1112 801 1144 quaero
817 1115 824 1133 :
850 1112 890 1134 an
906 1107 937 1134 et
952 1102 1037 1134 aliud
1054 1102 1216 1144 quiddam,
1232 1104 1318 1144 quod
1333 1104 1461 1145 quidem
1486 1104 1583 1147 [104]
1607 1111 1655 1138 est

195 1167 260 1188 non
276 1156 411 1199 idipsum
427 1156 540 1198 impar,
554 1161 692 1188 attamen
714 1157 775 1188 hoc
797 1161 921 1198 oportet
936 1167 999 1188 una
1014 1167 1084 1189 cum
1100 1167 1156 1188 suo
1171 1157 1298 1188 nomine
1310 1158 1370 1190 hoc
1386 1158 1512 1201 insuper
1526 1160 1654 1193 nomine

194 1211 256 1243 alio
272 1221 395 1253 semper
421 1210 592 1253 appellari;
616 1215 780 1252 propterea
805 1211 892 1253 quod
917 1211 961 1244 ita
984 1217 1094 1243 natura
1119 1211 1159 1243 sit
1182 1212 1370 1253 institutum,
1386 1217 1422 1244 ut
1437 1223 1596 1256 nunquam
1612 1215 1652 1246 ab

192 1265 306 1308 impari
320 1265 502 1296 deseratur?
547 1264 631 1296 Dico
645 1270 762 1302 autem,
778 1265 838 1296 hoc
853 1265 1000 1297 affectum
1017 1275 1084 1297 esse
1099 1276 1156 1298 ceu
1174 1266 1339 1297 ternarium
1354 1266 1477 1309 aliaque
1489 1268 1653 1309 permulta.

194 1319 368 1352 Considera
383 1330 455 1351 vero
471 1319 510 1350 de
526 1319 670 1350 ternario.
694 1329 733 1350 an
748 1330 812 1351 non
829 1319 886 1351 tibi
902 1320 1036 1358 videtur,
1051 1321 1136 1352 hunc
1151 1325 1182 1352 et
1198 1320 1246 1352 sui
1271 1321 1370 1363 ipsIus
1391 1322 1517 1354 nomIne
1532 1332 1654 1365 semper

193 1373 440 1415 nuncupandum
463 1384 530 1405 esse
553 1378 585 1404 et
607 1373 697 1404 simul
720 1374 847 1405 nomine
871 1374 1021 1416 imparis?
1045 1375 1131 1416 quod
1155 1375 1280 1416 quidem
1301 1375 1402 1417 impar
1416 1387 1480 1407 non
1495 1376 1578 1408 idem
1593 1383 1653 1416 est,

192 1427 276 1469 quod
289 1432 336 1459 est
352 1427 512 1459 ternarius.
557 1427 771 1459 Veruntamen
793 1428 840 1458 ita
863 1432 975 1458 natura
1000 1432 1196 1469 comparatus
1222 1432 1270 1459 est
1283 1433 1314 1460 et
1330 1429 1480 1461 ternarius
1495 1435 1528 1461 et
1542 1431 1654 1472 quina-

191 1481 254 1512 rius
270 1486 302 1513 et
317 1481 416 1512 omnis
433 1481 583 1512 medietas
600 1480 732 1518 numeri,
746 1485 781 1512 ut
795 1481 936 1523 quamvis
949 1493 1015 1514 non
1031 1482 1114 1513 idem
1127 1482 1179 1523 sit,
1191 1483 1276 1524 quod
1287 1483 1396 1524 impar,
1409 1494 1532 1526 semper
1547 1489 1651 1517 tamen

191 1546 297 1566 eorum
320 1535 422 1577 quivis
443 1541 491 1567 est
511 1535 625 1577 impar.
669 1535 824 1568 Praeterea
847 1537 911 1567 duo
937 1542 968 1567 et
993 1540 1126 1578 quatuor
1149 1537 1310 1577 omnisque
1336 1536 1414 1569 alter
1427 1539 1548 1570 numeri
1563 1540 1653 1578 ordo,

189 1589 331 1631 quamvis
352 1589 437 1620 idem
459 1590 544 1631 quod
568 1599 625 1630 par
647 1600 711 1620 non
735 1590 788 1630 sit,
803 1590 894 1622 simul
921 1595 1023 1621 tamen
1049 1589 1182 1631 quilibet
1196 1590 1316 1622 illorum
1333 1601 1389 1633 par
1402 1602 1523 1634 semper
1535 1592 1652 1627 existit.

193 1643 352 1680 concedis,
376 1644 500 1675 necne?
545 1643 608 1676 cs.
633 1643 777 1681 Quidni?
821 1645 877 1676 So.
901 1645 1124 1686 contemplare
1149 1655 1235 1686 ergo,
1250 1645 1327 1686 quid
1344 1646 1448 1678 velim.
1474 1652 1521 1678 est
1546 1653 1649 1680 autem

193 1697 363 1739 ejusmodi.
409 1697 567 1729 Videntur
591 1698 717 1739 quidem
744 1709 807 1730 non
831 1698 931 1730 solum
954 1699 1022 1740 ipsa
1045 1699 1127 1730 inter
1141 1709 1174 1730 se
1189 1700 1340 1731 contraria
1356 1710 1422 1731 sese
1438 1700 1571 1733 invicem
1585 1713 1650 1735 non

191 1752 347 1794 recipere3
371 1761 474 1782 verum
491 1752 596 1790 etiam,
611 1763 807 1794 quaecunque
831 1753 906 1784 talia
927 1758 1012 1791 sunt,
1028 1758 1061 1784 ut
1083 1752 1158 1784 licet
1179 1754 1334 1785 contraria
1357 1754 1438 1786 inter
1451 1766 1484 1787 se
1499 1767 1562 1788 non
1578 1758 1653 1799 sint,

191 1816 312 1847 semper
326 1810 429 1837 tamen
445 1807 598 1837 contraria
612 1807 810 1849 possideant,
824 1817 985 1850 nunquam
1000 1807 1137 1849 recipere
1157 1809 1293 1849 speciem
1306 1808 1404 1846 illam,
1420 1820 1491 1852 quae
1506 1811 1565 1853 ipsi
1581 1823 1652 1854 spe-

190 1859 262 1896 ciei,
279 1869 371 1901 quam
387 1859 419 1890 in
435 1870 467 1891 se
482 1861 611 1897 liabent,
627 1861 779 1892 contraria
801 1861 843 1892 sit
857 1873 864 1892 ε
889 1862 943 1892 sed
970 1861 1030 1892 hac
1052 1861 1239 1893 adveniente
1254 1867 1308 1893 aut
1323 1863 1422 1904 perire
1444 1865 1583 1905 protinus
1597 1871 1654 1898 aut

190 1913 286 1946 abire.
309 1924 349 1945 an
364 1925 427 1945 non
444 1915 583 1946 dicemus
598 1915 656 1946 tria
670 1921 703 1947 et
717 1916 849 1948 delicere
865 1921 897 1947 et
919 1916 1003 1947 aliud
1021 1915 1154 1958 quodvis
1178 1916 1256 1957 pati,
1280 1916 1362 1957 prius
1376 1927 1468 1960 quam
1485 1919 1651 1958 sustinere,

188 1972 235 2006 ut,
251 1974 404 2010 quatenus
417 1968 475 2000 tria
498 1975 583 2008 sunt,
598 1970 685 2012 paria
707 1970 807 2002 fiant?
854 1971 916 2003 Ca.
939 1970 990 2001 Ita
1013 1980 1146 2012 prorsus.
1190 1970 1247 2002 So.
1269 1970 1345 2001 Non
1369 1976 1472 2003 tamen
1495 1975 1648 2007 contraria

188 2026 236 2053 est
251 2021 353 2053 duitas
369 2023 510 2055 trinitati.
556 2023 618 2055 CB.
641 2022 717 2054 Non
744 2029 839 2056 certe.
883 2024 942 2055 So.
964 2023 1039 2055 Non
1055 2023 1155 2055 solum
1170 2035 1243 2066 ergo
1259 2025 1379 2067 species
1394 2025 1470 2067 ipsae
1486 2029 1647 2061 contrariae

188 2086 348 2118 nunquam
373 2076 508 2108 invicem
532 2087 564 2108 se
587 2077 761 2119 recipiunt:
787 2078 841 2110 sed
866 2078 960 2110 etiam
977 2078 1037 2110 alia
1059 2079 1203 2120 quaedam
1226 2080 1447 2111 contrariorum
1473 2081 1644 2124 ingressum

188 2135 330 2161 mutuum
354 2140 417 2162 non
444 2130 630 2172 suscipiunt.
675 2131 737 2163 Cn.
760 2131 930 2164 Verissima
954 2143 1067 2164 narras.
1111 2132 1168 2164 So.
1193 2132 1292 2164 Visne
1307 2133 1402 2175 igitur
1426 2135 1505 2173 haec,
1518 2136 1544 2167 si
1571 2147 1644 2178 pos-

185 2195 302 2224 sumus,
326 2185 431 2226 qualia
454 2184 528 2223 sint,
555 2185 767 2217 definiamus?
828 2186 889 2218 Cn.
922 2186 1005 2218 Volo
1034 2187 1193 2228 equidem.
1247 2187 1303 2218 So.
1336 2186 1389 2218 An
1422 2198 1498 2225 non.
1529 2190 1644 2233 Cebes,

183 2241 251 2271 haec
283 2245 383 2276 erunt,
410 2250 491 2282 quae,
518 2240 729 2282 quodcunque
754 2245 926 2282 occupant,
943 2241 1004 2272 tale
1034 2242 1180 2283 reddunt,
1197 2245 1231 2272 ut
1258 2251 1321 2272 non
1348 2241 1447 2273 solum
1472 2244 1519 2274 sui
1543 2244 1642 2286 ipsius

181 2294 283 2325 ideam
308 2295 439 2325 retinere
463 2300 603 2335 cogatur,
626 2294 681 2325 sed
705 2294 800 2325 etiam
823 2294 980 2326 contrario
1007 2294 1052 2324 illi
1079 2294 1119 2324 sit
1142 2295 1245 2336 opus?
1291 2294 1352 2327 ΟΕ.
1376 2295 1523 2333 Quonam
1547 2303 1641 2339 pacto

183 2347 286 2379 dicis?
332 2348 387 2380 So.
421 2348 695 2385 Quemadmodum
725 2348 818 2390 paulo
841 2353 914 2379 ante
943 2348 1135 2380 dicebamus.
1157 2349 1218 2380 scis
1240 2348 1334 2388 enim,
1355 2359 1426 2391 quae
1450 2350 1539 2382 trium
1563 2339 1640 2383 con-

184 2402 322 2433 tinentur
349 2402 433 2442 idea,
456 2407 597 2443 oportere
619 2413 683 2433 non
707 2402 806 2433 solum
829 2402 900 2439 tria,
932 2403 987 2434 sed
1020 2402 1115 2433 etiam
1146 2402 1278 2444 imparia
1300 2404 1377 2435 esse.
1437 2403 1498 2436 Cn.
1535 2405 1640 2439 Certe.

186 2454 241 2488 So.
266 2455 316 2486 Ad
339 2457 400 2488 hoc
422 2456 484 2487 tale
511 2456 618 2498 utique
640 2456 820 2488 dicebamus
843 2456 944 2488 ideam
975 2456 1157 2488 contrariam
1191 2457 1297 2488 formae
1330 2457 1387 2495 illi,
1411 2469 1481 2500 quae
1509 2459 1541 2491 id
1573 2471 1644 2502 per—

185 2510 263 2547 ficit,
287 2520 447 2553 nunquam
470 2511 631 2543 accedere.
692 2511 754 2543 Cr:-
790 2510 970 2553 Nunquam.
1029 2511 1084 2543 So-
1116 2511 1253 2544 Perfecit
1275 2517 1378 2543 autem
1405 2512 1528 2554 imparis
1557 2513 1640 2548 idea.

186 2563 246 2595 Cn.
270 2563 348 2596 Haec
373 2564 453 2606 ipsa.
500 2564 556 2598 So.
581 2564 744 2597 Contraria
770 2576 842 2596 vero
870 2565 944 2597 huic
972 2565 1054 2607 paris
1081 2565 1165 2597 idea.
1210 2565 1271 2597 Ca.
1295 2565 1346 2597 Ita
1375 2571 1431 2598 est.
1472 2567 1532 2611 So.
1557 2567 1640 2609 Ergo

184 2617 318 2648 ternario
335 2629 463 2650 numero
477 2618 548 2650 idea
563 2618 646 2660 paris
657 2629 689 2650 se
700 2630 860 2661 nunquam
876 2619 1058 2651 insinuabit.
1082 2619 1143 2652 Cn.
1166 2619 1348 2661 Nunquam.
1394 2620 1449 2653 SO.
1472 2621 1639 2662 Quaprop-

186 2676 232 2702 ter
248 2671 397 2704 ternarius
412 2682 556 2704 numerus
571 2673 653 2715 paris
664 2678 712 2705 est
726 2684 846 2716 expers.
891 2674 951 2706 Ca.
975 2673 1104 2715 Expers.
1150 2674 1208 2708 So.
1230 2673 1365 2705 Trinitas
1381 2684 1454 2716 ergo
1469 2679 1517 2705 est
1531 2685 1639 2706 neces-

183 2725 262 2757 sario
277 2725 387 2768 impar.
434 2726 495 2758 Cn.
518 2726 586 2758 Est.
629 2727 686 2760 So.
710 2727 805 2765 Quod
830 2739 903 2770 ergo
929 2728 1141 2760 definiendum
1165 2738 1399 2769 assumpseram,
1422 2727 1527 2770 qualia
1551 2728 1639 2759 vide-

180 2779 257 2811 licet
271 2779 346 2817 sint,
362 2790 445 2822 quae,
459 2780 516 2811 etsi
531 2780 625 2812 alicui
638 2792 703 2813 non
718 2788 791 2813 sunt
813 2782 976 2821 contraria,
1000 2783 1102 2825 ipsum
1117 2787 1221 2814 tamen
1246 2782 1432 2814 contrarium
1447 2792 1510 2813 non
1526 2782 1639 2813 admit-

183 2838 266 2872 tunt,
280 2834 408 2876 perinde
423 2845 456 2866 se
471 2835 576 2873 habet,
597 2840 634 2866 ut
647 2835 789 2867 trinitas:
814 2847 885 2878 quae
907 2847 978 2869 cum
1001 2837 1069 2879 pari
1090 2847 1154 2867 non
1170 2836 1210 2867 sit
1234 2837 1398 2874 contraria,
1417 2835 1516 2866 nihilo
1531 2839 1636 2867 tamen

186 2887 283 2929 magis
297 2886 400 2930 ipsum
426 2887 553 2929 accipit,
576 2893 741 2930 propterea
762 2890 848 2932 quod
862 2892 986 2932 semper
1010 2889 1080 2932 ejus
1103 2890 1290 2922 contrarium
1315 2889 1413 2922 affert,
1435 2888 1636 2931 similiterque

185 2940 322 2972 binarius
336 2942 377 2973 ad
401 2941 512 2984 impar,
535 2947 568 2974 et
591 2941 672 2985 ignis
695 2954 728 2975 se
753 2944 848 2976 habet
871 2945 911 2976 ad
936 2944 1096 2987 frigidum,
1122 2944 1244 2988 aliaque
1268 2943 1364 2988 [105]
1387 2943 1639 2985 quamplurima.

188 2992 236 3025 At
255 2994 326 3027 vide
344 2994 424 3038 jam,
445 3007 520 3029 num
542 2996 588 3029 ita
608 2997 821 3031 definiendum
846 3002 950 3042 putes,
974 3003 1007 3031 ut
1029 3009 1093 3031 non
1109 2998 1202 3031 modo
1218 2997 1402 3032 contrarium
1417 3007 1480 3030 non
1495 2997 1639 3029 admittat
