1846 3268
246 268 295 306 78
820 259 1086 301 PLA'roms
1609 257 1707 310 [193

244 367 410 401 flectatur?
442 366 540 410 [193]
574 365 637 397 LA.
659 363 774 406 Neque
799 363 994 395 tolerantiam
1016 363 1098 394 hanc
1120 359 1337 393 fortitudinem
1361 357 1541 402 appellabo.
1584 357 1640 391 So.
1661 357 1711 390 At

245 431 318 454 vero
346 421 380 452 in
408 420 492 452 bello
517 419 699 451 tolerantem
716 418 813 449 virum
837 421 1055 459 promtumque
1071 416 1110 447 ad
1139 425 1287 457 pugnam,
1309 413 1364 456 qui
1386 413 1557 456 prudenter
1578 411 1710 454 singulis

246 473 482 516 circumspectis
496 472 678 515 praevideat,
702 471 831 502 aliorum
846 470 906 501 sibi
920 470 986 501 fore
1003 468 1196 511 praesidium,
1221 473 1255 499 et
1276 468 1422 499 adversus
1437 465 1602 508 pauciores
1617 464 1707 497 debi-

247 527 402 570 lioresque
417 527 480 558 suis
495 526 711 568 pugnandum,
737 523 806 556 loca
827 524 904 566 quin
923 523 1018 555 etiam
1039 527 1072 554 et
1096 521 1241 563 praesidia
1268 521 1383 552 habeat
1402 519 1636 552 commodiora:
1660 519 1710 551 vi·

245 592 369 622 rumne,
383 581 523 623 inquam,
539 579 595 610 tali
608 590 678 610 cum
694 577 893 620 providentia
917 581 950 609 et
971 580 1124 618 apparatu
1146 575 1344 616 tolerantem,
1365 574 1525 606 fortiorem
1550 574 1637 608 dices
1657 583 1711 611 eo,

247 635 301 677 qui
318 635 349 665 in
361 634 516 666 contrario
529 633 666 675 quodam
679 632 814 664 exercitu
831 631 955 663 constat
969 639 1006 662 ac
1021 630 1154 662 tolerat?
1199 629 1263 661 LA.
1283 628 1386 660 Immo
1400 638 1473 659 vero
1499 628 1582 658 hunc
1605 627 1709 669 quiin

247 688 415 728 contrario,
428 687 584 718 Socrates.
625 686 680 718 Se.
702 684 937 727 Imprudentior
951 688 1055 715 tamen
1067 688 1114 715 est
1127 681 1235 724 hujus,
1249 692 1342 724 quam
1358 681 1443 713 illius
1470 681 1609 718 alterius,
1630 680 1710 712 tole-

246 741 360 773 rantia.
404 740 469 773 La.
492 739 578 772 Vera
587 738 734 781 loqueris.
778 738 832 770 So.
853 737 938 779 Ergo
961 741 993 768 et
1004 735 1162 768 hominem
1186 734 1322 778 equestri
1333 735 1466 767 scientia
1477 734 1658 777 preditum,
1678 738 1714 766 et

247 795 281 827 in
297 794 433 836 equestri
446 792 616 826 certamine
631 793 827 829 tolerantem,
847 792 951 822 minus
965 791 1075 822 fortem
1088 789 1175 822 dices
1189 800 1242 830 eo,
1262 789 1317 832 qui
1331 799 1441 831 expers
1462 787 1557 830 hujus
1570 787 1710 820 scientio

249 848 382 879 tolerat?
428 846 490 877 La.
513 845 597 877 Mihi
612 845 739 888 quidem
762 845 806 876 ita
827 844 961 876 videtur.
1005 843 1063 875 S0.
1085 842 1186 885 Atqui
1201 849 1233 874 et
1245 842 1334 874 illum
1349 847 1509 884 praeterea,
1529 840 1586 884 qui
1609 841 1712 872 sciens

249 902 349 933 sunda
365 896 484 943 jacere,
508 909 675 941 arcumque
691 899 866 935 intendere,
888 898 937 929 vel
952 897 1036 929 aliud
1053 897 1199 939 quodvis,
1215 897 1337 934 toleret,
1352 896 1454 927 minus
1465 895 1575 927 fortem
1589 895 1601 926 ἓ
1645 894 1710 926 LA.

251 955 403 987 Omnino.
445 954 502 986 So.
525 952 606 985 Item
621 953 802 995 quicunque
817 952 884 984 sine
899 957 964 983 arte
986 951 1118 982 natandi
1141 950 1174 982 iu
1200 939 1331 993 puteffin
1352 949 1591 985 descendentes,
1614 958 1654 980 eo
1679 947 1712 978 in

251 1019 347 1051 opere
362 1008 491 1040 tolerare
507 1017 543 1038 ac
556 1007 717 1049 persistere
731 1007 862 1046 audent,
871 1006 921 1037 vel
931 1006 963 1036 in
979 1005 1041 1036 alio
1055 1003 1168 1046 quovis
1182 1014 1277 1046 opere
1288 1004 1356 1035 sine
1369 1008 1446 1040 arte,
1457 1013 1512 1035 eos
1522 1008 1556 1034 tu
1570 1002 1714 1034 fortiores

250 1063 338 1094 dices
353 1061 402 1092 his
416 1060 471 1104 qui
485 1065 559 1092 sunt
570 1060 604 1092 in
621 1060 666 1092 eis
680 1060 795 1091 artibus
822 1059 956 1091 eruditi?
1002 1058 1066 1090 Li.
1089 1058 1175 1095 Quid
1202 1057 1289 1088 aliud
1313 1057 1384 1099 quis
1402 1055 1526 1097 dixerit,
1547 1055 1714 1087 Socrates?

251 1116 310 1148 So.
332 1115 436 1156 Nihil,
459 1114 484 1146 si
506 1114 600 1146 modo
622 1114 668 1145 ita
693 1114 762 1155 quis
787 1118 888 1155 putet.
931 1112 994 1144 La.
1031 1111 1115 1143 Puto
1137 1110 1297 1152 equidem.
1340 1110 1399 1142 So.
1421 1109 1572 1141 Attamen
1589 1108 1716 1150 impru-

250 1169 378 1200 dentius
403 1169 438 1201 hi
460 1167 599 1209 pericula
624 1167 770 1203 subeunt,
794 1166 1002 1207 tolerantque,
1029 1174 1123 1206 quam
1146 1164 1191 1194 illi
1217 1163 1273 1205 qui
1298 1167 1364 1194 arte
1387 1163 1455 1194 haec
1479 1162 1715 1204 aggrediuntur.

253 1223 316 1256 La.
337 1222 508 1254 Videntur.
552 1222 611 1252 So.
631 1219 749 1251 Nonne
771 1228 866 1260 supra
887 1218 986 1259 turpis
1005 1227 1043 1249 ac
1064 1217 1157 1248 noxia
1177 1217 1268 1248 nobis
1291 1216 1423 1247 audacia
1437 1215 1642 1258 toleratioque
1655 1215 1716 1246 im·

254 1277 394 1320 prudens
419 1273 587 1317 apparuit?
631 1272 692 1304 Li.
715 1271 868 1303 Maxime.
911 1271 966 1302 So.
1001 1270 1152 1303 Constitit
1173 1274 1278 1302 autem
1307 1268 1522 1300 fortitudinem
1552 1269 1714 1310 pulchrum

254 1330 375 1372 aliquid
397 1339 476 1360 esse.
521 1327 584 1359 LA.
607 1325 758 1359 Constitit
781 1325 886 1366 plane.
931 1324 988 1357 So.
1011 1324 1108 1356 Nunc
1130 1333 1233 1355 rursus
1253 1322 1462 1355 concessimus
1486 1327 1608 1365 turpem
1631 1322 1718 1354 illam

255 1383 550 1425 imprudentemque
573 1379 768 1411 tolerantiam
789 1377 1005 1410 fortitudinem
1020 1388 1098 1410 esse.
1142 1377 1206 1409 LA.
1228 1376 1279 1409 Sic
1294 1377 1452 1419 apparuit.
1495 1377 1552 1408 So.
1573 1375 1718 1408 Rectene

255 1436 344 1479 loqui
360 1435 415 1467 tibi
430 1434 593 1466 videmur?
638 1433 701 1465 La.
722 1432 799 1464 Non
814 1431 891 1463 mihi
902 1442 957 1474 per
970 1432 991 1466 J
994 1443 1097 1470 ovem,
1112 1441 1131 1462 ο
1149 1431 1305 1462 Socrates.
1349 1430 1406 1462 So,
1429 1428 1505 1461 Non
1518 1440 1594 1471 ergo
1608 1439 1719 1462 secun-

256 1490 332 1521 dum
358 1489 506 1521 Doricam
529 1487 734 1525 harmoniam,
759 1491 794 1518 ut
807 1487 907 1518 verbis
922 1486 984 1518 tuis
998 1491 1078 1524 utar,
1100 1495 1160 1528 ego
1184 1495 1220 1516 ac
1242 1489 1276 1515 tu
1298 1484 1392 1516 modo
1416 1484 1622 1518 concinimus.
1645 1495 1718 1516 nam

257 1554 354 1587 opera
372 1543 464 1575 nobis
477 1542 579 1575 verbis
602 1552 667 1574 non
682 1545 868 1573 consonant.
890 1551 922 1572 re
947 1540 1075 1582 quidem
1097 1539 1164 1581 ipsa
1187 1538 1307 1570 diceret
1332 1538 1445 1580 aliquis
1459 1537 1650 1570 fortitudinis
1663 1548 1722 1570 nos
1763 1559 1788 1576 ἱ

257 1609 326 1631 esse
348 1588 654 1641 participes,'verbis
676 1601 781 1628 autem
802 1595 942 1632 minime,
967 1600 1004 1626 ut
1028 1594 1169 1630 arbitror,
1194 1592 1221 1624 si
1243 1603 1301 1624 nos
1324 1592 1358 1624 in
1380 1591 1547 1634 presentia
1570 1588 1732 1625 audiverit

258 1652 468 1694 disputantes.
512 1649 576 1682 La.
597 1649 766 1682 Verissima
791 1658 906 1680 narras.
948 1647 1005 1679 So.
1028 1647 1204 1679 Videturne
1230 1645 1288 1677 tibi
1316 1645 1479 1687 pulchrum
1503 1656 1585 1688 esse,
1613 1651 1650 1678 ut
1677 1646 1723 1678 sic

258 1706 364 1739 affecti
379 1705 495 1738 simus?
541 1704 605 1736 La.
627 1703 850 1746 Nequaquam.
894 1701 949 1734 So.
974 1701 1075 1732 Visne
1101 1699 1237 1732 sermoni
1259 1710 1352 1742 quem
1377 1697 1567 1737 induximus,
1586 1700 1648 1732 boc
1663 1700 1725 1731 aal-

259 1766 324 1793 tem
337 1761 513 1801 credamus,
541 1757 791 1801 pareamusque?
836 1756 898 1787 La.
922 1755 1096 1796 Quidnam,
1123 1760 1156 1786 et
1170 1754 1222 1786 cui
1238 1753 1456 1796 potissimum?
1500 1753 1559 1787 So.
1582 1753 1724 1785 Semoni

258 1815 400 1858 inquam,
423 1813 553 1845 tolerare
571 1811 710 1854 jubenti.
744 1810 842 1853 [194]
875 1809 908 1841 Si
930 1820 1004 1851 ergo
1020 1809 1076 1840 tibi
1091 1808 1208 1850 placet,
1223 1812 1257 1840 et
1271 1818 1327 1839 nos
1344 1806 1376 1838 in
1390 1807 1450 1839 hac
1465 1806 1535 1849 ipsa
1548 1805 1724 1848 quastione

260 1873 439 1901 constemus
454 1866 698 1908 toleremusque‚
718 1875 759 1896 ne
783 1864 855 1905 ipsa
868 1873 927 1894 nos
941 1862 1091 1893 fortitudo
1106 1861 1260 1902 derideat,
1274 1861 1361 1902 quod
1375 1860 1476 1892 minus
1487 1860 1608 1892 fortiter
1622 1859 1724 1902 ipsam

260 1921 495 1964 investigemus,
510 1919 537 1950 si
551 1928 764 1961 saepenumero
785 1916 949 1948 tolerantia
968 1915 1037 1958 ipsa
1050 1914 1289 1956 constantiaque
1303 1914 1455 1946 fortitudo
1469 1918 1528 1946 est.
1570 1913 1634 1945 La-
1653 1913 1724 1956 Ego

262 1975 404 2019 quidem,
419 1985 439 2006 o
454 1974 616 2010 Socrates,
633 1983 701 2004 snm
716 1971 757 2003 ad
773 1970 1032 2013 perseverandum
1047 1973 1185 2011 paratus,
1200 1968 1343 2011 quamvis
1363 1968 1481 2000 insueti
1505 1967 1583 1999 mihi
1604 1967 1638 1999 hi
1659 1978 1724 2000 ser-

262 2039 372 2062 mones
409 2028 483 2059 s‘mt.
542 2027 606 2058 Sed
636 2026 764 2068 quidam
789 2035 840 2056 me
866 2025 1013 2056 adversus
1037 2023 1196 2066 superiora
1221 2021 1433 2054 contendendi
1457 2021 1586 2064 instigat
1611 2021 1725 2053 ardor:

263 2094 301 2116 ac
329 2082 461 2114 nimium
491 2092 573 2123 aegre
601 2081 680 2118 fero,
702 2080 747 2112 sic
777 2089 875 2122 usque
907 2078 987 2110 adeo
1017 2078 1143 2120 ineptus
1176 2088 1244 2108 sum
1277 2077 1317 2108 ad
1340 2087 1378 2108 ea
1399 2086 1471 2119 qum
1490 2075 1592 2108 sentio
1620 2075 1726 2118 profe-

262 2137 372 2169 renda.
416 2135 543 2177 Nempe
569 2135 646 2166 mihi
671 2133 778 2166 videor
800 2133 878 2175 quid
904 2132 1054 2164 fortitudo
1081 2132 1132 2169 sit,
1153 2131 1339 2173 intelligere.
1377 2130 1485 2162 nescio
1512 2134 1631 2172 tamen,
1660 2140 1725 2172 quo

263 2195 358 2233 pacto
373 2190 468 2232 paulo
491 2194 565 2221 ante
587 2199 635 2220 me
651 2187 880 2230 subterfugerit,
903 2192 939 2218 ut
953 2186 1029 2229 quid
1053 2186 1124 2228 ipsa
1147 2185 1201 2228 sit,
1220 2185 1321 2217 verbis
1335 2184 1502 2227 complecti
1521 2184 1726 2226 nequiverim.

264 2246 321 2277 So.
343 2244 460 2276 Nonne
474 2243 592 2274 bonum
607 2247 785 2275 venatorem
801 2242 906 2279 decet,
918 2242 1032 2281 amice,
1043 2240 1237 2283 explorando
1251 2240 1433 2276 discurrere,
1456 2243 1489 2270 et
1509 2238 1663 2281 sagaciter
1675 2239 1727 2271 in-

264 2299 367 2342 sequi,
390 2308 494 2341 neque
519 2298 631 2339 ignave
659 2296 831 2328 desistere?
875 2295 940 2328 La.
972 2294 1076 2327 Decet
1102 2294 1256 2337 profecto.
1298 2294 1354 2325 So.
1386 2292 1446 2325 Vis
1468 2293 1578 2334 itaque
1599 2291 1726 2324 Niciam

262 2354 357 2385 istum
385 2353 426 2384 ad
447 2351 644 2383 venationem
670 2351 752 2382 hanc
776 2350 956 2391 invitemus,
981 2349 1009 2381 si
1033 2359 1098 2391 quo
1121 2353 1215 2391 pacto
1241 2352 1325 2380 esset
1342 2347 1434 2379 nobis
1456 2346 1619 2390 sagacior?
1662 2345 1728 2378 La.

266 2406 389 2445 Quidni
404 2405 520 2438 velim?
564 2406 619 2438 So.
641 2404 725 2447 Age,
749 2404 856 2442 Nicia,
878 2403 986 2436 amicis
1011 2404 1073 2435 tuis
1087 2413 1262 2435 sermonum
1276 2402 1374 2434 fluctu
1388 2400 1572 2432 nutantibus
1586 2400 1729 2442 subveni,

265 2460 560 2502 vacillantibusque,
575 2460 602 2491 si
615 2470 709 2502 quam
723 2459 786 2490 vim
801 2459 909 2500 habes,
932 2468 1068 2491 accurre.
1089 2456 1203 2495 cernis,
1225 2461 1376 2498 qnantum
1390 2459 1496 2486 nostra
1508 2454 1668 2494 deficiant,
1689 2465 1728 2487 ac

267 2514 364 2546 dubia
379 2514 453 2546 sint.
495 2514 545 2545 Tu
560 2525 634 2556 ergo
649 2513 823 2555 explicans,
837 2513 914 2555 quid
929 2523 997 2544 esse
1011 2511 1227 2543 fortitudinem
1243 2515 1346 2552 putes,
1367 2508 1603 2551 ambiguitatem
1627 2508 1727 2547 solve,

267 2574 416 2610 tuamque
438 2567 624 2599 sententiam
649 2567 769 2598 ratione
795 2567 956 2600 confirma.
1000 2565 1060 2597 Nr.
1084 2564 1260 2602 Videmini,
1285 2575 1304 2595 o
1330 2564 1485 2601 Socrates,
1511 2563 1588 2594 mihi
1601 2562 1728 2605 jamdiu

265 2632 331 2653 non
345 2627 430 2653 recte
445 2621 660 2652 fortitudinem
675 2621 833 2653 definisse.
877 2619 958 2662 Ejus
972 2630 1063 2662 porro
1089 2619 1266 2656 sententias,
1291 2628 1384 2660 quam
1400 2621 1484 2650 recte
1497 2617 1553 2649 aba
1567 2622 1600 2649 te
1613 2617 1727 2649 indue·

267 2681 331 2707 tam
358 2675 550 2718 quandoque
574 2675 693 2712 audivi,
717 2674 838 2706 nullam
873 2674 976 2706 facitis
1004 2673 1206 2705 mentionem.
1261 2672 1318 2704 So.
1352 2670 1526 2713 Cujusnam
1549 2671 1725 2708 sententio,

264 2728 384 2761 Nicia?
428 2728 489 2760 N1.
512 2729 734 2771 Saepenumero
750 2739 786 2761 ex
803 2733 834 2760 te
848 2728 967 2770 audivi,
980 2727 1153 2770 quemlibet
1167 2727 1207 2758 ad
1221 2736 1258 2758 ea
1270 2727 1386 2757 bonum
1402 2735 1481 2763 esse,
1503 2725 1536 2756 in
1550 2724 1664 2767 quibus
1678 2730 1728 2756 est

265 2783 413 2825 sapiens:
437 2782 478 2813 ad
492 2792 530 2813 ea
544 2782 671 2819 malum.
697 2783 729 2814 in
744 2783 858 2825 quibus
876 2782 1020 2814 inscitus.
1065 2781 1122 2813 So.
1145 2780 1230 2812 Vera
1255 2790 1311 2822 per
1323 2779 1436 2812 Jovem
1455 2779 1561 2816 refers,
1584 2788 1604 2809 ο
1619 2777 1726 2810 Nicia.

265 2836 326 2869 Nx.
348 2835 466 2868 Nonne
493 2836 586 2878 igitur
609 2836 636 2868 si
661 2836 749 2868 fortis
774 2837 820 2867 vir
847 2837 948 2868 bonus
971 2840 1032 2877 est,
1052 2840 1100 2867 est
1123 2839 1157 2866 et
1181 2834 1328 2876 sapiens?
1371 2833 1428 2865 So.
1451 2831 1567 2869 Audis,
1581 2831 1726 2863 Laches?

267 2891 330 2923 LA.
352 2889 462 2922 Audio
474 2889 621 2932 equidem
636 2901 643 2921 :
667 2890 723 2921 sed
738 2890 814 2931 quid
831 2891 928 2928 dicat,
939 2900 1003 2921 non
1019 2889 1092 2921 satis
1106 2889 1261 2931 intelligo.
1306 2888 1363 2919 So.
1387 2886 1432 2917 At
1446 2896 1507 2928 ego
1520 2884 1598 2917 mihi
1613 2885 1729 2917 intelli-

270 2955 342 2987 gere
366 2942 485 2976 videor.
507 2943 619 2986 opinor
642 2943 725 2975 enim
754 2945 839 2976 hunc
863 2944 1050 2986 sapientiam
1072 2943 1244 2986 quandam,
1269 2941 1482 2973 fortitudinem
1507 2939 1622 2972 dicere.
1665 2939 1728 2971 LA.

270 2999 373 3037 Quam
392 2997 588 3041 sapientiam,
606 2998 748 3030 Socrates
763 2998 774 3029 ?
819 2999 874 3030 So.
898 2998 1014 3031 Nonne
1030 2998 1070 3030 ab
1082 2999 1141 3030 hoc
1157 2996 1239 3028 istud
1254 2994 1390 3039 quietis?
1435 2994 1498 3027 LA.
1522 2993 1626 3032 Certe.
1671 2993 1728 3026 So.
