1846 3268
268 262 320 299 80
865 255 1133 298 PLATONIS
1634 263 1731 314 [19⁷

266 362 351 395 dem.
393 360 449 393 So.
474 359 546 392 Hoc
569 364 676 392 autem
689 358 873 401 dignoscere
888 369 953 392 non
968 359 1139 401 cujuslibet
1155 359 1211 391 viri
1229 370 1309 403 opus
1333 369 1422 393 esse:
1447 366 1615 404 postquam
1628 371 1733 406 neque

266 415 406 448 modicus
417 424 519 457 neque
529 418 614 446 vates
624 414 687 446 hoc
696 413 800 445 noscit
814 425 821 444 :
838 423 942 455 neque
951 414 1043 445 t'ortisv
1051 418 1111 454 est,
1124 413 1184 445 nisi
1202 414 1284 446 hanc
1296 414 1395 456 ipsam
1407 414 1570 448 scientiam
1582 416 1622 448 sit
1631 417 1731 459 adep-

267 474 330 502 tus.
345 479 385 500 an
400 468 524 500 nonita
539 467 686 499 dicebas?
713 466 774 499 N1.
797 466 847 498 Ita
858 477 992 508 prorsus.
1037 467 1094 499 So.
1117 467 1237 508 Quare,
1249 472 1284 499 ut
1296 469 1457 509 proverbio
1471 470 1578 508 fertur,
1588 469 1664 502 Non
1678 480 1732 503 sus

266 523 328 555 hoc
343 521 461 564 quaevis
475 522 571 559 norit,
582 531 686 562 neque
702 520 788 551 fortis
801 519 870 552 erit.
914 519 976 552 Νι.
999 519 1076 552 Νοιι
1090 526 1187 562 certe,
1201 526 1237 552 ut
1253 522 1327 552 mihi
1342 522 1475 554 videtur.
1518 523 1578 556 So.
1600 523 1736 556 Constat

266 576 392 618 unque,
406 575 513 612 Nicia,
529 575 614 617 quod
626 583 729 615 neque
746 573 1004 617 Crommyoniam
1020 584 1107 605 suem
1123 574 1235 606 fortem
1244 574 1340 606 fuisse
1353 576 1466 608 credis.
1488 587 1592 618 neque
1600 576 1734 619 jocandi

267 630 369 672 gratia
382 630 450 660 haec
465 628 537 660 dieo
550 640 557 659 ε
581 638 687 660 verum
701 627 843 666 arbitror,
868 637 940 659 eum
955 627 1008 669 qui
1024 628 1069 659 ita
1090 627 1240 670 loquitur,
1263 628 1380 660 nullius
1396 630 1478 661 bruti
1492 630 1658 663 admittere
1669 631 1732 663 for-

266 683 437 714 titudinem
451 694 461 722 ;
483 692 585 723 neque
599 682 786 719 concedere,
810 682 933 713 brutum
960 682 1089 724 aliquod
1104 681 1185 713 adeo
1200 682 1326 723 sapiens
1345 693 1426 721 esse,
1448 688 1484 714 ut
1497 693 1568 726 qum
1582 684 1733 726 perpauci

266 736 410 768 homines
425 740 551 778 propter
564 735 779 767 difficultatem
795 741 1004 776 cognoscunt,
1029 745 1067 769 ea
1092 735 1155 777 leo,
1177 736 1227 766 vel
1243 736 1422 778 leopardus,
1445 737 1494 768 vel
1518 745 1594 779 aper
1618 737 1733 779 aliquis

267 790 410 822 noverit:
433 791 488 822 sed
504 800 631 822 nect-sse
647 794 695 821 est
709 788 808 830 illum,
835 789 890 830 qui
906 789 961 826 ita,
978 794 1014 820 ut
1031 794 1077 826 tu,
1101 789 1317 821 fortitudinem
1332 790 1501 828 definierit,
1525 790 1640 829 dicere,
1665 791 1732 823 leo·

266 854 352 882 nem,
368 853 505 881 cervum,
519 848 641 874 taurum
655 853 691 875 ac
706 843 826 873 simiam
842 843 881 873 ad
898 842 1114 875 fortitudinem
1130 853 1221 885 aeque
1235 849 1346 879 natura
1358 843 1492 877 institui.
1531 843 1629 886 [197]
1667 844 1731 878 LA.

267 897 330 930 Per
345 896 434 930 Deos
449 903 533 929 recte
547 897 694 939 loqueris,
707 896 848 928 Socrates
861 907 868 928 :
893 897 990 938 idque
1005 897 1108 934 nobis,
1124 908 1143 928 o
1158 896 1265 938 Nicia,
1280 892 1386 929 reversi
1400 898 1536 936 declara,
1561 903 1661 930 utrum
1682 909 1732 930 sa·

266 951 439 993 pientiores
453 951 544 983 nobis
560 951 614 981 has
629 951 709 981 feras
724 960 793 982 esse
819 949 918 988 dicas,
947 960 1025 992 quas
1045 960 1153 981 omnes
1166 950 1262 982 fortes
1286 961 1354 983 esse
1377 952 1510 986 fatemur
1526 963 1537 991 3
1558 951 1608 986 vel
1622 957 1731 986 contra

267 1005 407 1037 omnium
433 1005 614 1046 opinionem
640 1004 735 1035 fortes
761 1014 828 1035 esse
854 1014 969 1045 negare
995 1005 1122 1036 audeas.
1166 1003 1230 1038 Nx.
1260 1003 1430 1046 Equidem,
1462 1005 1595 1043 Laches,
1623 1015 1730 1048 neque

266 1059 357 1091 bruta
370 1059 463 1090 fortia
479 1069 568 1096 voco,
594 1068 698 1099 neque
723 1057 808 1089 aliud
832 1057 1005 1100 quidquam
1021 1058 1170 1090 terribilia
1185 1062 1312 1100 propter
1325 1058 1530 1100 ignorantiam
1545 1069 1611 1090 non
1624 1059 1732 1091 femii-

266 1113 358 1150 dans,
372 1114 428 1144 sed
444 1113 634 1155 intrepidum
651 1116 747 1154 atque
761 1111 894 1143 fatuum.
937 1113 989 1143 An
1006 1121 1118 1154 pueros
1131 1122 1240 1143 omnes
1255 1112 1350 1143 fortes
1364 1122 1475 1144 vocare
1491 1122 1540 1143 me
1555 1117 1661 1154 putas.
1673 1112 1731 1155 qni

266 1167 309 1198 ob
332 1166 487 1199 inscitiam
509 1167 587 1198 nihil
614 1166 781 1197 metuunt?
826 1164 971 1196 Arbitror
996 1165 1158 1207 equidem,
1182 1165 1372 1207 intrepidum
1396 1175 1461 1197 non
1486 1166 1573 1198 idem
1586 1175 1667 1204 esse,
1691 1175 1731 1199 ac

266 1220 358 1252 forte.
380 1230 453 1251 nam
477 1220 692 1251 fortitudinem
716 1224 749 1250 ot
772 1219 1000 1260 providentiam
1026 1219 1060 1251 in
1085 1219 1195 1261 paucis
1217 1220 1388 1251 admodum
1413 1219 1541 1262 reperiri
1563 1219 1731 1252 existimo:

265 1274 459 1305 ferocitatem
475 1283 559 1310 vero,
575 1273 753 1310 audaciam,
776 1272 1026 1314 intrepiditatem
1047 1273 1165 1314 absque
1185 1273 1394 1315 providentia,
1417 1274 1453 1305 in
1474 1273 1580 1306 multis
1601 1278 1635 1305 et
1649 1261 1734 1310 viris,

265 1332 300 1359 et
312 1326 506 1367 mulieribus,
522 1327 706 1368 puerisque,
718 1331 750 1357 et
765 1326 848 1358 feris.
895 1325 976 1370 Quae
997 1326 1090 1367 igitur
1105 1331 1139 1358 et
1153 1331 1200 1364 tu,
1215 1332 1248 1357 et
1261 1326 1315 1358 alii
1329 1326 1423 1358 multi
1442 1326 1536 1359 fortia
1551 1327 1731 1366 nominatis,

266 1391 327 1422 ego
338 1380 454 1412 ferocia
468 1391 618 1422 nuncupo
633 1391 639 1411 ε
664 1380 758 1411 fortia
773 1390 858 1417 vero,
882 1389 953 1421 quae
969 1381 1139 1422 prudenter
1159 1380 1354 1418 discernunt,
1379 1389 1450 1422 quae
1464 1381 1598 1413 audacia
1610 1386 1644 1414 et
1657 1392 1730 1424 qum

265 1440 351 1466 metu
366 1434 429 1466 sint
442 1435 549 1476 digna.
593 1434 655 1465 LA.
680 1433 795 1474 Vides,
809 1444 828 1464 o
844 1434 1001 1475 Socrates,
1015 1444 1108 1475 quam
1122 1434 1203 1466 belle
1217 1434 1268 1465 hic
1284 1434 1340 1471 vir,
1357 1439 1392 1464 ut
1405 1439 1496 1476 putat
1508 1434 1590 1476 ipse.
1613 1445 1648 1467 se
1663 1445 1731 1468 ver-

266 1489 315 1521 bis
339 1488 499 1521 subornat.
522 1499 576 1520 eos
602 1493 707 1520 autem
735 1488 926 1519 fortitudinis
950 1498 1075 1520 munere
1096 1488 1218 1530 privare
1241 1488 1417 1526 contendit,
1441 1497 1521 1530 quos
1543 1488 1601 1520 alii-
1621 1499 1730 1522 omnes

263 1543 360 1575 fortes
381 1553 450 1574 esse
476 1542 689 1574 consentiunt.
732 1542 792 1574 Νι.
818 1542 900 1584 Ergo
927 1553 1001 1574 vero
1030 1552 1242 1584 nequaquam,
1265 1552 1284 1573 0
1313 1541 1444 1574 Laches.
1465 1543 1523 1578 sed
1551 1542 1635 1577 bono
1660 1539 1729 1575 θεῶ

264 1597 380 1628 animo.
425 1595 490 1628 Aio
515 1590 612 1634 enirn,
637 1601 670 1628 et
701 1601 732 1628 te
753 1602 786 1628 et
804 1597 995 1628 Lamachum
1022 1596 1178 1638 sapientes
1198 1606 1283 1637 esse,
1306 1595 1333 1626 si
1354 1595 1452 1628 sortes
1473 1595 1571 1629 estis:
1595 1601 1628 1628 et
1651 1596 1731 1630 alios

263 1651 392 1693 insuper
405 1651 521 1682 multos
545 1651 798 1683 Atheniensium.
841 1650 902 1682 LA.
927 1650 1016 1681 Nihil
1041 1651 1187 1682 adversus
1208 1650 1278 1681 haec
1291 1649 1435 1691 inferam,
1450 1641 1568 1682 etiamsi
1582 1650 1659 1693 quid
1675 1661 1730 1682 va«

265 1704 358 1746 leam,
372 1715 413 1736 ne
429 1715 477 1736 me
491 1705 578 1736 dicas
592 1715 697 1736 revera
711 1705 894 1736 AExoneum
906 1705 1063 1747 quendam
1081 1703 1268 1735 maledicum
1283 1708 1316 1735 et
1330 1704 1534 1736 detractorem
1546 1715 1626 1736 esse.
1670 1705 1729 1738 So.

264 1758 317 1791 Ne
331 1759 430 1800 dicas,
445 1770 464 1790 ο
479 1759 612 1791 Laches.
633 1759 719 1790 haud
744 1758 828 1790 enim
853 1758 1022 1790 advertisse
1039 1758 1164 1799 videris,
1187 1758 1272 1790 hunc
1294 1768 1314 1789 a
1335 1757 1482 1789 Damone
1500 1757 1602 1790 amico
1623 1763 1730 1791 nostro

264 1812 421 1854 ejusmodi
446 1813 632 1854 sapientiam
653 1812 836 1854 accepisse:
858 1812 986 1844 Damon
1009 1817 1113 1844 autem
1138 1809 1265 1844 Prodici
1288 1816 1335 1844 est
1355 1812 1525 1843 admodum
1544 1812 1702 1846 studiosus
1717 1824 1727 1844 ε

265 1866 419 1899 Prodicus
434 1877 507 1898 vero
522 1866 708 1908 praevceteris
728 1866 878 1908 sophistis
892 1866 1019 1908 egregie
1035 1866 1111 1899 talia
1124 1866 1268 1908 quaedam
1294 1865 1422 1896 nomina
1443 1865 1635 1908 distinguere
1649 1866 1728 1899 diei-

264 1925 326 1953 tur.
371 1920 432 1951 LA.
456 1921 604 1952 Profecto
618 1920 666 1951 his
681 1919 792 1951 studiis
807 1930 840 1951 se
855 1920 1015 1957 extollere,
1039 1920 1194 1962 Socrates,
1209 1920 1309 1962 magis
1328 1918 1498 1960 sophistam
1513 1919 1619 1961 decet,
1633 1929 1727 1961 quam
1747 1938 1750 1940 -

263 1973 362 2005 virum
385 1974 519 2016 publicis
542 1974 650 2006 merito
675 1974 859 2016 fungentem
885 1975 1075 2006 muneribus.
1121 1973 1178 2005 So.
1201 1974 1307 2005 Decet
1329 1983 1417 2009 eum,
1439 1972 1574 2015 laches,
1598 1973 1654 2015 qui
1680 1984 1729 2006 res

265 2027 414 2059 maximas
439 2028 531 2069 gerit,
557 2029 723 2060 maximam
749 2038 875 2070 quoque
910 2028 1025 2059 habere
1050 2027 1261 2069 prudentiam.
1295 2026 1517 2069 inquirendum
1540 2036 1613 2059 vcro
1641 2037 1728 2061 nune

264 2091 391 2117 censeo.
424 2082 464 2112 ad
493 2081 570 2123 quid
594 2081 789 2124 potissimum
812 2081 1054 2124 significandum
1083 2080 1196 2113 Nicias
1220 2081 1415 2112 fortitudinis
1439 2090 1554 2113 nomen
1579 2081 1728 2114 instituit.

263 2134 327 2166 LA.
349 2134 398 2166 Tu
412 2135 482 2177 ipse
499 2136 643 2178 perquire
657 2137 736 2172 haec,
748 2136 901 2168 Socrates.
943 2135 998 2168 So.
1022 2135 1179 2173 Efficiam,
1194 2135 1240 2167 vir
1255 2135 1384 2177 optime.
1407 2145 1449 2166 ne
1465 2139 1568 2167 tamen
1585 2140 1675 2177 putes
1689 2147 1730 2170 ex

263 2189 485 2221 communione
501 2194 533 2221 te
548 2189 771 2231 disputationis
787 2190 927 2227 excludi,
950 2189 1006 2221 sed
1028 2194 1061 2221 et
1074 2194 1108 2220 tu
1124 2193 1260 2220 mentem
1285 2188 1414 2226 adhibe,
1434 2193 1468 2220 et
1490 2188 1650 2223 nobiscum
1677 2189 1728 2222 di-

263 2242 367 2274 cenda
388 2242 561 2277 considera.
607 2244 670 2277 Li.
695 2243 772 2275 Esto
797 2244 855 2281 ita,
878 2243 904 2275 si
927 2243 986 2276 tibi
1011 2244 1168 2285 agendum
1193 2243 1238 2274 ita
1257 2243 1392 2274 videtur.
1437 2242 1495 2274 So.
1516 2241 1620 2274 Immo
1644 2248 1729 2276 corte

263 2296 397 2329 videtur.
421 2302 455 2328 tu
479 2303 597 2338 autem,
624 2297 731 2336 Nicia,
756 2298 808 2329 dic
830 2297 920 2329 nobis
945 2297 1042 2339 [198]
1068 2297 1178 2328 iterum
1205 2307 1224 2328 a
1246 2296 1414 2338 principio.
1435 2295 1497 2327 scis
1521 2295 1554 2327 in
1576 2296 1730 2330 maionis

263 2350 421 2392 principio
445 2361 502 2382 nos
526 2351 743 2383 fortitudinem
767 2351 865 2383 veluti
889 2351 1046 2393 quandam
1074 2350 1196 2381 virtutis
1221 2355 1341 2392 partem
1370 2349 1626 2382 consideravisse.
1668 2349 1729 2383 Νι.

262 2402 431 2445 Equidem.
476 2405 532 2437 So.
557 2404 673 2437 Nonne
689 2410 722 2437 et
737 2410 771 2436 tu
792 2406 877 2447 quod
901 2415 995 2446 supra
1009 2409 1058 2436 est
1071 2404 1249 2441 inductum,
1264 2407 1301 2434 ut
1315 2408 1433 2445 partem
1449 2402 1584 2444 aliquam
1599 2413 1728 2445 respon·

262 2455 350 2494 disti,
373 2461 522 2499 tanquam
547 2458 609 2489 sint
629 2463 662 2490 et
687 2463 791 2500 partes
810 2457 893 2495 aliae,
919 2462 1041 2490 cunctae
1064 2461 1168 2488 autem
1185 2457 1306 2488 virtutis
1331 2457 1459 2503 nomine
1481 2457 1728 2499 nuncupentur?

261 2509 322 2542 Νι.
346 2510 493 2548 Quidni?
535 2512 593 2544 So-
616 2511 671 2544 An
687 2517 721 2544 tu
743 2513 881 2551 easdem,
907 2521 985 2554 quas
1007 2522 1083 2553 e30,
1105 2516 1208 2552 partes
1231 2511 1400 2542 nominas?
1422 2521 1495 2542 nam
1517 2520 1576 2552 ego
1599 2510 1728 2553 quidem

262 2564 343 2596 ultra
357 2564 586 2604 fortitudinem,
610 2567 861 2608 temperantiam,
881 2566 1115 2608 justitiamque,
1135 2570 1170 2596 et
1192 2565 1267 2596 talia
1281 2564 1426 2607 quaedam
1441 2564 1581 2607 nomino.
1603 2575 1677 2597 num
1693 2570 1730 2598 eti

259 2616 352 2659 ipse?
397 2617 430 2649 N
433 2629 458 2652 1.
482 2618 552 2662 Ego
568 2630 694 2662 quoque
710 2620 862 2652 similiter.
905 2621 961 2653 So.
986 2619 1126 2651 Attende
1138 2619 1216 2661 jam.
1239 2619 1308 2650 haec
1323 2618 1406 2650 enim
1421 2617 1628 2654 admittimus.
1670 2618 1727 2651 De

260 2669 310 2702 his
325 2676 442 2709 autem,
467 2682 537 2714 quae
556 2678 643 2705 metu
665 2674 762 2715 digna
782 2678 815 2706 et
840 2674 988 2706 terribilia
1013 2678 1097 2714 sunt,
1117 2678 1150 2704 et
1169 2674 1210 2705 de
1227 2673 1275 2704 his
1296 2683 1367 2715 quae
1382 2671 1516 2704 audacia
1529 2672 1726 2714 digua-unt,

260 2724 412 2767 deinceps
434 2727 679 2769 consideremus,
703 2738 745 2759 ne
766 2728 846 2759 forte
868 2732 902 2759 tu
924 2727 986 2760 alia
1005 2738 1072 2759 esse
1094 2732 1198 2769 putes,
1221 2727 1283 2759 alia
1307 2737 1435 2770 quoque
1449 2732 1483 2758 et
1495 2735 1554 2757 nos
1569 2730 1725 2768 putemus.

261 2781 332 2821 quoe'
346 2780 430 2811 enim
445 2790 503 2811 nos
518 2780 674 2822 ducimus,
689 2791 892 2823 exponemus.
915 2786 949 2813 tu
964 2792 1036 2813 vero
1059 2781 1085 2812 si
1109 2782 1267 2819 dissentis,
1287 2781 1379 2813 doce·
1421 2779 1617 2814 Arbitrantur
1637 2779 1725 2813 terri-

260 2831 338 2864 bilia
351 2843 430 2871 esse,
453 2843 524 2876 quae
547 2839 662 2866 metum
686 2834 865 2868 incutiunt:
889 2835 1022 2868 audacia
1043 2834 1154 2877 digna,
1177 2846 1250 2878 quar
1272 2839 1389 2867 metum
1411 2833 1530 2866 nullum
1554 2832 1725 2875 objiciunt.

260 2891 377 2919 metum
394 2897 466 2919 vero
487 2887 625 2919 inferunt
650 2898 715 2920 non
739 2890 895 2931 praeterita
914 2890 1008 2928 mala,
1031 2899 1095 2921 non
1121 2890 1298 2931 praeseutia,
1322 2888 1378 2921 sed
1399 2896 1472 2930 qun
1493 2879 1726 2929 exspectantur.

257 2945 373 2973 metum
389 2940 541 2984 siquidem
558 2941 656 2974 futuri
678 2942 751 2975 mali
772 2943 1039 2986 exspectationem
1055 2953 1214 2978 vocamus.
1267 2942 1318 2974 An
1338 2951 1402 2975 non
1423 2945 1457 2975 εἰ
1470 2946 1504 2974 tu
1518 2941 1603 2975 idem
1616 2941 1724 2979 Mile
