1846 3268
225 268 296 320 41]
648 265 922 305 APOLOGIA
954 267 1235 310 SOCRAsrts.
1605 273 1680 313 145

221 384 299 410 rare,
315 379 351 406 ut
364 384 456 416 quam
470 373 607 414 optimus
622 373 747 404 evadat.
793 373 871 404 Haec
887 383 959 415 ergo
975 375 1073 411 vobis,
1090 374 1146 416 qui
1158 385 1210 405 mc
1226 374 1471 416 condemnastis,
1481 376 1680 414 vaticinatum

221 427 314 461 finem
330 428 421 460 facio.
465 427 565 459 Vobis
579 432 696 467 autem,
712 427 767 468 qui
784 438 832 458 mo
855 428 1041 466 absolvistis,
1057 428 1190 460 libenter
1205 428 1244 459 de
1261 428 1442 470 hujusmodi
1458 439 1501 466 re,
1517 440 1588 471 qum
1602 441 1678 462 con—

220 481 305 523 tigit,
319 483 410 514 verba
421 481 566 518 facerem,
579 482 729 523 quamdiu
744 481 940 523 magistratus
955 483 1083 525 negotio
1099 482 1300 518 distinemur,
1317 483 1452 514 necdum
1463 493 1501 514 co
1516 484 1610 521 vado,
1625 484 1681 516 ubi

220 542 269 570 me
284 540 409 578 oportet
422 535 511 568 mori.
555 534 632 572 Sed,
645 546 664 566 o
681 534 748 572 viri,
765 535 902 567 assistite
915 536 990 567 mihi
1012 536 1046 567 id
1060 541 1198 578 tempus.
1243 535 1334 568 Nihil
1350 536 1432 567 enim
1451 537 1605 578 prohibet,
1629 537 1680 568 in-

219 589 317 621 vicem
338 590 430 631 (dum
452 589 543 631 licet)
566 589 769 621 confabulari.
814 589 939 632 Nempe
956 590 1044 621 vobis
1068 595 1216 631 tanquam
1245 590 1352 622 amicis
1373 590 1447 632 [40]
1469 591 1681 624 demonstrare

216 643 301 681 volo,
314 644 398 685 quod
416 643 491 674 mihi
506 644 599 675 modo
614 644 742 682 accidit,
758 644 907 685 quidnam
925 644 1022 675 menti
1038 644 1203 686 significet.
1248 645 1332 675 Mihi
1349 644 1490 686 quidem,
1505 655 1526 676 0
1538 644 1679 686 judices,

215 695 289 737 (vos
303 698 384 730 enim
396 697 521 739 judices
548 703 630 729 recte
654 698 813 739 appellare
838 697 996 740 possum,)
1019 698 1159 729 mirabile
1179 697 1331 739 quiddam
1353 698 1497 740 contigit
1520 710 1578 731 vox
1592 700 1680 732 enim

213 749 268 782 illa
292 751 443 784 daemonis
467 751 662 785 vaticinatrix
679 751 764 782 *mihi
800 762 922 793 semper
942 752 976 782 in
999 751 1150 793 superiori
1175 755 1314 793 tempore
1342 753 1520 794 frequenter
1548 753 1679 785 omnino

214 803 326 845 offerre
339 815 372 836 se
386 805 562 846 consuevit,
574 810 605 837 et
620 805 651 836 in
666 805 758 836 rebus
772 804 900 846 quidem
915 804 1079 843 levissimis
1093 815 1127 835 se
1142 815 1318 846 opponens,
1342 806 1367 836 si
1383 806 1459 847 quid
1477 806 1578 838 minus
1594 812 1678 839 recte

212 857 349 892 tacturus
360 858 502 892 fuissem.
546 859 641 891 Nunc
656 865 760 895 autem
776 869 815 890 ea
829 858 920 900 mibi,
934 869 1006 900 quae
1020 858 1145 899 videtis,
1160 858 1355 897 acciderunt,
1368 870 1439 901 quae
1455 860 1596 900 protecto
1619 871 1678 901 pu-

213 917 293 945 taret
304 913 415 955 aliquis
429 919 526 956 atque
539 914 742 955 existimaret,
752 917 889 945 extrema
904 923 972 944 esse
984 913 1145 947 malorum.
1164 913 1220 944 sed
1230 913 1304 944 mihi
1322 924 1425 955 neque
1440 914 1535 945 domo
1549 916 1680 946 exeunti

213 976 305 998 mane
315 967 381 999 Dei
396 968 517 1009 signum
533 968 729 1008 adversatum
744 972 803 1004 est,
816 977 918 1009 neque
931 967 1009 1006 ¹dum
1026 967 1058 997 in
1068 966 1228 1009 judicium
1244 967 1419 1009 veniebam,
1441 978 1546 1009 neque
1565 968 1600 999 ,in
1618 968 1679 1000 ali-

211 1022 438 1062 quasermonis
453 1027 550 1064 parte,
565 1022 640 1053 dum
657 1022 748 1053 verba
763 1021 936 1054 faciebam:
962 1021 1105 1063 quamvis
1121 1021 1400 1063 aliasssfrequenten
1427 1022 1504 1054 dum
1522 1021 1678 1064 loquerer,

211 1075 246 1108 in
265 1076 367 1108 medio
376 1077 629 1110 sennonis.eursu
645 1076 842 1108 consueuerit
852 1076 1010 1108 cohibere.
1034 1086 1119 1107 nunc
1134 1081 1240 1107 autem
1255 1076 1287 1107 in
1302 1076 1362 1107 hac
1379 1087 1416 1107 re
1438 1079 1603 1118 nusquam,
1625 1076 1678 1107 vel

211 1130 331 1172 agenti,
345 1131 394 1162 vel
411 1131 554 1173 loquenti
575 1136 624 1162 est
648 1131 856 1162 adversatum.
896 1130 1004 1168 *Quam
1020 1141 1092 1162 vero
1117 1129 1210 1172 hujus
1237 1130 1280 1162 rei
1305 1141 1431 1162 causam
1460 1139 1530 1162 csse
1554 1133 1675 1171 putem,

211 1185 464 1227 vobisaperiam.
507 1185 652 1228 Apparet
664 1185 760 1222 enim,
786 1184 862 1216 mihi
886 1185 970 1226 quod
997 1184 1143 1226 contigit,
1167 1185 1283 1215 bonum
1310 1195 1388 1216 esse.
1412 1195 1471 1216 nec
1497 1188 1582 1215 tecte
1608 1183 1674 1215 ullo

213 1240 307 1270 modo
317 1239 478 1281 judicatur
492 1251 512 1271 a
525 1239 629 1278 nobis,
654 1240 835 1281 quicunque
851 1243 978 1271 mortem
995 1239 1160 1280 opinamur
1175 1250 1242 1270 esse
1259 1239 1383 1270 malam.
1428 1237 1529 1280 Cujus
1543 1237 1674 1280 quidem

210 1292 256 1323 rei
272 1303 383 1334 magna
397 1294 481 1334 apud
498 1305 547 1325 me
563 1295 629 1325 haec
645 1299 693 1325 est
706 1293 900 1334 conjectura,
925 1294 1012 1334 quod
1027 1293 1150 1334 signum
1166 1293 1254 1330 mihi,
1278 1298 1312 1323 ut
1327 1293 1502 1330 consueuit,
1518 1302 1674 1334 repugna-

210 1346 315 1384 visset,
336 1347 396 1378 nisi
422 1348 536 1378 bonum
561 1348 635 1389 quid
664 1353 787 1378 acturus
807 1346 945 1378 fuissem.
989 1346 1136 1388 Cogitare
1161 1352 1265 1379 autem
1290 1347 1351 1378 hoc
1376 1351 1470 1388 pacto
1496 1356 1672 1388 possumuS,

209 1409 296 1441 spem
310 1400 436 1431 multam
453 1412 532 1442 csse,
557 1401 590 1431 id
608 1411 674 1432 esse
690 1402 819 1432 bonum.
843 1401 975 1431 duorum
992 1401 1075 1432 enim
1096 1400 1226 1431 alterum
1251 1411 1330 1431 mors
1352 1405 1408 1432 est.
1434 1411 1505 1431 nam
1528 1405 1582 1430 aut
1604 1404 1673 1430 tan-

208 1463 301 1496 quam
313 1454 391 1485 nihil
406 1454 534 1486 omnino
550 1455 604 1492 sit,
618 1465 742 1486 sensum
758 1455 878 1486 nullum
895 1454 989 1486 ullius
1005 1455 1048 1486 rei
1067 1455 1183 1486 retinet
1198 1455 1223 1485 is
1245 1454 1298 1496 qui
1313 1455 1447 1485 decessit
1461 1465 1478 1485 e
1494 1454 1557 1484 vita
1571 1464 1580 1493 ;
1605 1458 1674 1493 aut,

207 1508 471 1548 quemadmodum
483 1498 608 1546 dicitur,
621 1508 807 1550 permutatio
823 1509 967 1550 quaedam
983 1513 1015 1540 et
1030 1508 1256 1551 transmigratio
1273 1508 1384 1539 animae
1399 1509 1438 1538 ab
1454 1509 1513 1538 hoc
1530 1508 1560 1538 in
1575 1507 1670 1537 alium

209 1560 326 1593 locum.
370 1562 443 1594 Sive
458 1574 532 1604 crgo
549 1563 653 1594 nullus
669 1568 808 1594 remanet
822 1573 942 1600 sensus,
956 1563 1011 1593 sed
1028 1567 1176 1604 tanquam
1192 1574 1317 1594 somnus
1333 1563 1459 1604 quidam
1475 1567 1533 1602 est,
1559 1562 1592 1593 in
1607 1573 1671 1604 quo

208 1614 278 1656 quis
292 1616 445 1647 somnium
461 1617 561 1649 cevnit
576 1617 709 1654 nullum,
733 1617 913 1648 admirabile
930 1617 1048 1648 lucrum
1064 1616 1122 1649 erit
1145 1617 1179 1648 in
1203 1622 1310 1648 morte.
1355 1617 1443 1647 Rcor
1464 1617 1622 1658 equidem,
1646 1617 1671 1647 si

207 1679 300 1711 quem
317 1675 459 1711 oporteat
473 1672 512 1702 ad
527 1682 595 1702 eam
611 1677 749 1708 noctem,
765 1681 858 1713 quam
875 1675 963 1702 tanta
978 1670 1128 1712 transegit
1149 1671 1268 1712 quiete,
1284 1676 1319 1701 ut
1335 1682 1374 1702 ne
1396 1670 1581 1701 insomnium
1598 1670 1668 1712 qui-

206 1723 278 1754 dem
295 1723 392 1754 ullum
408 1725 537 1763 videret,
553 1725 628 1755 alias
640 1729 749 1756 noctes
763 1724 893 1767 diesque
910 1725 980 1755 vitae
996 1724 1091 1755 totius
1104 1724 1256 1761 conferre,
1272 1729 1366 1766 atquc
1378 1724 1494 1763 dicere,
1507 1728 1587 1765 quot
1598 1724 1666 1765 ipse

209 1781 318 1808 noctes
334 1782 427 1819 atque
442 1779 510 1810 dies
526 1780 556 1810 in
573 1779 636 1810 vita
652 1779 762 1810 melius
778 1779 963 1821 dulciusque
979 1779 1152 1821 peregerit:
1179 1789 1257 1814 reor,
1273 1779 1412 1820 inquam,
1429 1779 1543 1810 nedum
1567 1778 1667 1820 prIVa-

208 1835 273 1862 tum
286 1831 433 1874 aliquem,
454 1833 509 1864 scd
525 1843 583 1864 nec
600 1841 746 1875 magnum
769 1833 895 1875 quidem
921 1843 1038 1875 regem,
1064 1833 1184 1874 aliquas
1211 1843 1371 1863 numerare
1389 1843 1490 1873 posse.
1535 1832 1567 1863 Si
1591 1843 1665 1873 ergo

206 1885 269 1916 tale
285 1886 435 1927 quiddam
451 1891 499 1918 est
516 1897 607 1924 mors,
625 1888 742 1919 lucrum
760 1898 827 1918 esse
851 1886 998 1928 equidem
1022 1886 1094 1918 dico
1110 1898 1118 1918 :
1143 1887 1277 1929 (etenim
1296 1886 1374 1917 nihil
1397 1886 1467 1928 plus
1489 1886 1548 1917 hoc
1573 1891 1666 1928 pacto

205 1943 306 1970 totum
321 1945 443 1982 tempus
459 1951 551 1983 quam
567 1952 628 1972 nox
646 1952 709 1972 una
723 1952 791 1973 csse
809 1941 930 1972 videtur
943 1940 971 1982 z)
995 1941 1043 1972 siu
1065 1945 1169 1971 autem
1198 1951 1278 1971 mors
1293 1946 1340 1971 est
1361 1946 1508 1982 tanquam
1525 1940 1668 1971 transmi-

205 1993 303 2034 gratio
318 1995 462 2036 quaedam
477 1995 551 2027 hinc
563 1995 599 2027 in
614 1996 707 2027 alium
724 1995 838 2032 locum,
865 2005 901 2026 ac
915 2006 987 2026 vcra
1013 2000 1085 2026 sunt
1113 2005 1184 2036 quae
1198 1994 1356 2032 dicuntur,
1378 1994 1524 2026 videlicet
1547 1994 1578 2025 in
1603 1995 1666 2026 alio

203 2056 339 2078 scorsum
351 2058 370 2079 a
385 2048 475 2080 nobis
491 2049 561 2081 loco
576 2060 683 2080 omnes
705 2049 871 2081 defunctos
893 2059 979 2088 esse,
991 2048 1141 2090 quidnam
1158 2049 1270 2079 melius
1284 2059 1376 2090 quam
1393 2049 1452 2079 hoc
1467 2059 1534 2079 esse
1550 2054 1666 2090 potest,

205 2099 384 2141 ojudIces?
430 2103 463 2133 Si
477 2103 546 2144 quis
561 2103 643 2134 enim
659 2103 736 2134 illuc
753 2103 923 2144 profectus,
950 2102 1027 2134 liber
1042 2103 1082 2133 ab
1108 2102 1156 2133 his
1172 2101 1227 2144 qui
1243 2102 1425 2144 profitenter
1442 2101 1568 2143 judices
1583 2112 1663 2142 esse,

205 2153 281 2196 [41]
304 2162 392 2187 veros
405 2157 553 2198 repererit
573 2156 711 2198 judices,
727 2156 782 2198 qui
800 2156 944 2198 judicare
966 2156 1031 2188 illic
1048 2156 1261 2198 perhibentur,
1278 2155 1436 2195 Minoem,
1461 2155 1665 2186 Rhadaman-

205 2208 304 2246 thum,
320 2209 468 2247 AEacum,
489 2210 729 2253 Triptolemum,
757 2209 910 2252 aliosque,
931 2214 1135 2251 quotcunque
1150 2208 1281 2240 semidei
1303 2209 1390 2250 juste
1405 2209 1556 2246 vixerunt,
1581 2219 1665 2240 nun-

203 2261 281 2303 quid
298 2261 464 2304 aejusmodi
479 2265 707 2306 transmigratio
724 2265 810 2307 parvi
826 2265 997 2307 pendenda
1012 2263 1214 2295 censebitur?
1260 2263 1382 2294 Rursus
1398 2262 1558 2304 Orpheum
1587 2263 1664 2294 Mu-

202 2325 363 2358 saeumque
378 2318 544 2350 convenire
561 2323 595 2350 et
608 2319 784 2350 Hesiodum
800 2323 833 2349 et
847 2318 1031 2357 Homerum,
1060 2327 1154 2358 quam
1175 2315 1273 2347 multo
1299 2315 1412 2357 aliquis
1429 2320 1565 2346 nostrum
1581 2317 1663 2347 redi-

204 2375 299 2401 meret
312 2371 323 2401 ?
369 2370 536 2414 Equidem,
548 2372 575 2404 si
589 2373 656 2404 haec
672 2360 743 2404 vera
755 2377 839 2409 sunt,
855 2372 969 2414 saepius
982 2370 1060 2402 mori
1076 2370 1182 2408 velim,
1204 2370 1326 2412 quippe
1348 2381 1417 2401 cum
1433 2370 1508 2400 mihi
1523 2369 1664 2412 inprimis

202 2422 330 2456 mirifice
345 2429 432 2466 grata
444 2425 486 2456 sit
498 2426 603 2458 futura
623 2427 775 2458 habitatio
798 2425 852 2456 illa
875 2431 968 2468 atque
994 2425 1201 2461 consuetudo,
1223 2423 1479 2466 quandoquidem
1506 2435 1567 2455 una
1591 2435 1661 2456 cum

203 2475 374 2509 Palamede
387 2479 509 2511 futurus
522 2488 603 2518 sum,
617 2486 651 2512 et
664 2479 777 2522 Ajace,
791 2479 971 2511 Telamonis
993 2478 1071 2519 filio,
1096 2483 1130 2509 et
1153 2478 1221 2508 aliis
1247 2477 1456 2519 antiquorum,
1482 2477 1662 2520 quicunque

202 2528 281 2561 falso
297 2531 435 2563 damnati
443 2533 567 2574 judicio
580 2534 781 2566 decesserunt
795 2544 813 2565 e
828 2534 904 2574 vita,
918 2533 1004 2575 apud
1020 2533 1107 2574 quod
1122 2542 1207 2563 meos
1221 2542 1311 2563 casus
1321 2542 1391 2563 cum
1405 2531 1527 2562 illorum
1539 2532 1662 2562 casibus

202 2582 342 2616 conferre
358 2585 514 2627 utrinque,
529 2592 565 2617 ut
578 2587 719 2624 arbitror,
745 2596 809 2618 non
834 2585 1042 2628 injucundum
1067 2585 1158 2616 foret.
1202 2585 1287 2616 Illud
1310 2590 1460 2626 praeterea
1483 2585 1661 2622 maximum,

201 2636 267 2668 illic
282 2637 396 2679 degere
411 2644 597 2671 scrutantem
613 2640 752 2683 singulos
767 2646 861 2682 atque
876 2639 1117 2676 examinantem,
1130 2639 1394 2681 quemadmodum
1414 2638 1465 2669 hic
1480 2638 1554 2678 feci,
1577 2639 1662 2680 quis-

201 2700 272 2721 nam
287 2690 411 2722 illor'um
426 2692 550 2734 sapiens
565 2694 616 2730 sit,
631 2699 664 2725 et
677 2694 761 2736 quis,
775 2705 846 2726 cum
862 2703 928 2725 non
945 2694 996 2730 sit,
1023 2703 1055 2724 se
1075 2697 1180 2723 tamen
1203 2691 1358 2722 existimet
1382 2691 1554 2733 sapientem
1582 2702 1659 2722 esse.

199 2743 337 2776 Proinde
351 2746 461 2787 quanti
476 2746 653 2778 faciendum
669 2752 727 2789 est,
740 2758 759 2778 ο
771 2746 909 2789 judices,
926 2746 1109 2788 perscrutari
1126 2746 1251 2782 ducem,
1268 2744 1323 2787 qui
1340 2749 1460 2775 tantum
1476 2745 1516 2775 ad
1531 2744 1657 2786 Trojam

201 2798 292 2828 duxit
302 2799 494 2831 exercitum?
517 2801 566 2831 vel
583 2801 707 2832 Ulixem
729 2802 779 2832 vel
794 2802 964 2843 Sisyphum
981 2799 1120 2841 aliosque
1144 2809 1237 2841 quam
1264 2797 1423 2841 plurimos,
1449 2809 1526 2840 quos
1551 2798 1660 2829 referre

201 2851 272 2892 quis
289 2857 403 2894 potest,
417 2854 498 2884 viros
513 2858 545 2884 et
561 2854 724 2886 mulieres?
747 2855 933 2896 quibuscum
955 2853 1041 2896 loqui
1056 2859 1150 2895 atque
1173 2853 1379 2884 examinando
1395 2852 1518 2888 versari,
1543 2851 1660 2882 inaesti-

201 2905 324 2937 mabilis
339 2917 464 2948 prorsus
477 2907 611 2939 felicitas
625 2913 718 2939 esset.
740 2909 894 2950 siquidem
911 2907 1004 2950 hujus
1019 2918 1125 2945 causa,
1137 2908 1191 2949 qui
1204 2907 1267 2938 illic
1283 2907 1413 2947 degunt,
1428 2906 1510 2936 baud
1527 2904 1660 2945 amplius

201 2958 391 2991 moriuntur:
416 2966 550 3004 suntque
565 2961 612 2994 illi
628 2961 719 2993 nobis
734 2967 767 2993 et
781 2962 812 2993 in
829 2962 919 2993 rebus
934 2962 1003 2992 aliis
1018 2961 1185 2998 beatiores,
1202 2967 1233 2992 et
1249 2961 1280 2991 in
1296 2970 1334 2991 eo
1351 2960 1488 3001 insuper,
1512 2958 1596 2999 quod
1613 2967 1660 2988 re-

1513 3012 1519 3020 ,
1534 3011 1540 3021 .

287 3013 379 3045 Plat.
398 3014 455 3047 Tr.
982 3014 1012 3049 Ι.
1518 3011 1534 3041 l
