1846 3268
193 258 292 310 24³]
773 252 1052 293 soPms'rA.
1268 267 1282 272 -
1567 255 1649 293 353⁴

182 359 270 392 Tun.
291 359 449 398 Quorsum
462 357 553 390 hee?
598 355 664 388 Ho.
687 355 749 388 Pro
764 355 1011 398 repugnantibus
1027 354 1118 387 nobis
1131 365 1258 387 necesse
1269 354 1330 387 erit
1343 355 1438 396 patris
1448 354 1644 387 Parmenidis

184 414 360 447 exaratam
375 422 560 448 sermonem,
574 419 763 452 cogereque‚
778 420 841 440 non
857 420 914 441 ens
929 420 996 441 esse
1011 409 1256 451 quodammodo,
1271 414 1304 441 et
1319 419 1376 440 ens
1398 418 1500 440 rursus
1515 418 1644 451 quoquo

184 469 278 500 modo
292 477 356 500 non
369 477 451 499 esse.
492 464 580 497 Tun.
603 463 740 496 Videtur
754 464 814 495 hoc
829 463 862 494 in
878 462 1071 495 sermonibus
1086 463 1345 506 expugnandum.
1391 461 1458 494 Ho.
1479 461 1578 504 Atqui
1596 463 1645 494 vel

183 532 298 561 cneus,
313 525 350 554 ut
363 520 490 561 dicitur,
502 519 536 550 id
552 518 683 550 videret.
706 517 767 549 nisi
782 516 867 548 enim
878 517 938 548 ista
953 516 1177 558 redarguantur
1190 516 1455 552 concedanturve,
1469 525 1564 546 nemo
1587 525 1645 557 po·

183 576 256 608 terit
270 577 311 608 de
324 574 411 606 falsis
426 572 619 606 sermonibus
635 571 722 614 loqui
736 571 787 605 vel
802 571 953 613 opinione
970 570 1018 602 vel
1034 570 1206 602 simulacris
1228 575 1284 601 aut
1305 569 1493 612 imaginibus
1508 574 1564 601 aut
1578 569 1647 601 imi-

181 629 352 662 tationibus
367 626 686 670 phantasmatibusve,
702 631 757 657 aut
771 625 812 657 de
827 625 876 656 his
891 624 1008 655 artibus
1023 634 1094 666 quae
1108 624 1192 656 circa
1202 623 1262 655 ista
1274 628 1445 660 versantur,
1459 623 1536 665 quin
1550 623 1646 655 risum

180 681 381 714 audientibus
395 685 532 718 moveat,
546 681 621 712 dum
637 680 763 712 sibimet
777 678 931 711 contraria
947 678 1083 720 proferre
1099 683 1241 718 cogetur.
1287 677 1376 709 Tus.
1400 677 1485 710 Vera
1500 677 1646 719 loqueris.

124 727 143 736 ’Ἴ
182 735 285 778 [242]
304 735 372 767 Ho.
394 734 527 777 Propter
541 735 608 765 haec
623 734 770 765 adversus
785 737 950 775 paternum
972 741 1144 762 sermonem
1168 731 1283 762 instare
1306 731 1509 763 audendum:
1534 731 1582 763 vel
1597 731 1645 762 di-

181 789 367 821 mittendum
382 789 522 825 omnino,
538 787 565 819 si
580 798 643 830 qua
659 787 784 830 pigritia
797 797 853 818 seu
869 785 1058 817 verecundia
1072 785 1263 816 detinemur.
1307 784 1395 817 Tris.
1419 783 1464 815 At
1479 784 1558 816 nihil
1575 794 1646 826 pro-

181 843 313 885 hibebit,
321 853 386 886 quo
401 842 502 874 minus
514 841 546 873 id
561 841 723 874 faciamus.
761 840 826 872 Ho.
848 839 987 871 Tertium
1004 843 1151 881 praeterea
1162 838 1325 881 quiddam,
1341 843 1373 870 et
1387 838 1488 880 ipsum
1499 837 1646 880 exiguum

181 897 323 940 quidem,
337 898 393 929 abs
408 901 439 928 te
455 896 590 939 postulo.
639 895 728 928 Tim.
751 894 816 927 Dic
832 894 935 926 sodes.
979 893 1047 925 Ho.
1070 892 1147 924 Dixi
1170 892 1266 935 paulo
1288 897 1362 924 ante
1377 902 1427 924 me
1440 892 1523 924 circa
1538 891 1645 922 talium

183 951 434 992 redargutionem
449 961 521 983 cum
533 960 655 992 semper
670 955 735 980 tum
747 949 778 980 in
794 946 961 991 praesentia
975 947 1069 978 nimis
1083 946 1265 988 defatigari.
1308 946 1398 979 Tun.
1420 945 1538 978 Dixisti
1559 956 1646 977 sane.

183 1004 252 1037 ΗΟ.
273 1004 403 1042 Vereor,
418 1014 458 1036 ne
483 1008 613 1046 propter
633 1003 688 1035 illa
710 1012 781 1045 quae
802 1012 822 1033 a
846 1012 896 1033 me
919 1001 1006 1033 dicta
1020 1005 1105 1038 sunt,
1123 1001 1256 1032 furiosus
1269 999 1327 1031 tibi
1342 1000 1461 1037 videar,
1476 999 1581 1031 statim
1597 1010 1647 1031 me

184 1067 303 1090 mrsum
318 1059 500 1091 deorsumve
514 1063 704 1100 permutans.
730 1067 801 1087 nam
816 1057 861 1087 tui
876 1055 976 1097 gratia
990 1054 1240 1087 confutationem
1263 1054 1346 1086 illius
1371 1054 1521 1086 sermonis
1535 1064 1645 1096 aggre-

183 1112 320 1154 diemur,
332 1111 359 1143 si
372 1112 452 1143 forto
466 1111 675 1143 confutemus.
718 1110 807 1142 Tur..
829 1109 901 1141 Hac
924 1119 997 1151 ergo
1013 1109 1054 1140 de
1069 1119 1165 1141 causa
1178 1108 1251 1140 forti
1265 1108 1370 1139 animo
1387 1108 1426 1139 ad
1442 1117 1579 1149 pugnarn
1594 1117 1646 1139 ac-

183 1165 321 1209 cingere.
343 1175 446 1208 neque
459 1166 543 1198 enim
559 1176 607 1197 me
619 1164 730 1207 judice
745 1163 915 1206 deliquisse
930 1163 1055 1204 diceris,
1068 1162 1095 1194 si
1119 1173 1190 1194 eum
1218 1162 1392 1204 susceperis
1406 1162 1647 1194 confutandum.

181 1220 246 1253 Ho.
274 1220 442 1252 Undenam
466 1219 659 1253 commodius
683 1219 928 1261 disputationem
954 1218 1034 1249 hanc
1063 1216 1244 1249 discrimine
1274 1217 1400 1259 plenam
1426 1215 1647 1248 exordiemur?

180 1273 254 1306 Hoc
266 1274 374 1316 utique
390 1274 482 1312 calle,
497 1285 517 1305 o
533 1284 622 1316 puer,
633 1273 771 1305 eundum
783 1271 957 1304 necessario
970 1276 1058 1314 puto.
1104 1271 1192 1302 Tus.
1215 1271 1360 1308 Quonam
1373 1271 1384 1301 ?
1429 1270 1496 1303 Ho.
1518 1269 1564 1302 Ut
1575 1279 1647 1311 quae

178 1327 320 1360 faciliora
333 1327 487 1365 videntur,
504 1328 636 1370 primum
651 1327 876 1366 discutiamus;
900 1336 939 1356 nc
963 1335 1062 1356 rerum
1078 1324 1262 1356 difficultate
1287 1323 1427 1355 deterriti
1447 1324 1487 1354 ab
1509 1323 1647 1364 inceptis

175 1381 317 1424 protinus
331 1382 536 1421 desistamus3
559 1381 614 1412 sed
639 1385 674 1411 ut
695 1379 787 1411 facile
809 1379 968 1411 communi
983 1388 1138 1410 consensu
1152 1377 1334 1409 disserendo
1363 1386 1539 1418 pergamus,
1554 1375 1644 1418 quasi

180 1435 289 1467 leviter
299 1445 337 1468 ac
353 1436 433 1467 bene
447 1435 487 1466 de
502 1433 550 1466 his
561 1433 705 1476 judicare
720 1432 887 1475 possimus.
929 1431 1015 1463 Tan.
1038 1430 1170 1463 Planius
1186 1431 1272 1473 quod
1283 1431 1380 1462 sentis
1395 1430 1543 1471 exprime.
1577 1429 1644 1461 Ho.

181 1487 280 1521 Facili
295 1488 509 1530 disputatione
525 1488 649 1520 videtur
665 1488 733 1519 haec
751 1485 957 1518 Parmenides
984 1490 1180 1527 prosecutus,
1197 1490 1229 1516 et
1253 1483 1394 1526 quisquis
1410 1483 1489 1515 alius
1505 1493 1642 1525 unquam

179 1547 260 1585 quot
273 1548 306 1574 et
321 1541 427 1585 qualia
442 1542 504 1574 sint
517 1542 614 1580 entia,
628 1541 835 1573 determinare
847 1545 897 1571 cst
911 1550 1014 1570 ausus.
1047 1539 1135 1570 Tun.
1159 1539 1234 1576 Quo
1246 1543 1341 1580 pacto
1356 1538 1368 1569 ?
1405 1537 1470 1569 Ho.
1494 1536 1644 1568 Fabulam

179 1596 270 1628 nobis
285 1601 432 1638 tanquam
448 1596 553 1639 pueris
570 1595 786 1637 unusquisque
802 1604 940 1625 narrasse
955 1592 1092 1624 videtur.
1139 1591 1229 1624 Unus
1245 1591 1383 1634 quidem,
1399 1591 1485 1632 quod
1502 1590 1561 1621 tria
1572 1595 1645 1621 sunt

181 1660 253 1692 quae
277 1650 436 1690 existunt3
458 1650 584 1692 quodve
605 1649 727 1681 illorum
753 1649 897 1690 quaedam
925 1647 1061 1679 invicem
1087 1646 1278 1688 quandoque
1298 1650 1468 1687 pugnant3
1487 1643 1644 1675 interdum

181 1715 255 1736 vero
269 1704 436 1737 conciliata
450 1705 484 1736 in
500 1715 595 1736 unum
611 1708 727 1736 coeunt
737 1702 923 1744 pariuntque
938 1707 971 1733 et
986 1699 1157 1743 progenitis
1173 1699 1334 1741 porrigunt
1349 1699 1506 1730 alimenta.
1551 1697 1645 1729 Alter

181 1768 255 1790 vero
268 1758 333 1790 duo
348 1758 467 1800 posuit,
482 1758 644 1789 humidum
670 1762 704 1789 et
728 1756 858 1794 siccum,
873 1755 923 1787 vel
945 1755 1082 1787 calidum
1108 1758 1142 1785 et
1165 1753 1323 1795 frigidum,
1339 1763 1439 1795 eaque
1463 1751 1646 1793 conjugavit

179 1811 316 1844 invicem
331 1816 426 1855 atque
440 1812 609 1854 expedivit.
657 1810 795 1842 Eleatica
809 1820 881 1842 vero
894 1810 978 1851 apud
995 1819 1050 1840 nos
1066 1807 1222 1845 doctrina,
1236 1817 1256 1837 a
1277 1806 1488 1848 Xenophane,
1505 1806 1598 1836 immo
1613 1809 1646 1836 et

181 1866 222 1897 ab
238 1865 464 1908 antiquioribus
479 1866 628 1908 originem
643 1866 774 1902 ducens,
789 1863 896 1895 omnia
918 1874 989 1905 qum
1011 1872 1079 1893 esse
1101 1861 1251 1893 dicuntur
1275 1866 1310 1891 ut
1326 1870 1421 1891 unum
1437 1859 1539 1901 ponit,
1555 1859 1645 1889 sabu-

182 1919 311 1962 loseque
325 1920 459 1954 disserit.
501 1919 594 1951 Iades
610 1924 712 1951 autem
727 1925 760 1950 et
774 1918 890 1950 Sicula,
915 1927 1009 1948 musae
1033 1915 1175 1958 quaedam
1199 1915 1247 1945 his
1271 1913 1455 1956 posteriores
1471 1913 1561 1943 ambo
1577 1913 1644 1944 lraec

181 1971 318 2005 invicem
332 1973 492 2015 implicare
506 1973 603 2004 tutius
618 1977 817 2009 censuerunt,
831 1971 878 2003 ita
893 1976 929 2002 ut
943 1981 998 2002 ens
1011 1975 1044 2000 et
1059 1969 1157 2000 multa
1173 1973 1206 2000 et
1221 1978 1317 1999 unum
1333 1966 1384 2007 sit,
1399 1966 1556 1998 discordia
1570 1975 1643 1996 vcro

180 2031 214 2058 et
227 2027 395 2059 concordia
410 2031 562 2059 teneatur.
584 2027 738 2058 dissidens
753 2026 837 2058 enim
853 2035 974 2067 semper
996 2022 1208 2065 congreditur,
1226 2026 1261 2053 ut
1286 2031 1382 2054 musae
1399 2018 1645 2051 vehementiores

178 2085 308 2112 canunt.
331 2081 518 2113 remissiores
533 2091 605 2113 vero
623 2091 717 2113 musae
732 2090 854 2122 semper
868 2080 936 2111 haec
951 2078 996 2110 ita
1012 2089 1045 2110 se
1061 2078 1174 2108 habere
1189 2075 1374 2107 dimiserunt
1389 2086 1396 2105 ε
1421 2079 1455 2105 et
1467 2073 1643 2105 universum

183 2134 244 2166 hoc
258 2134 392 2167 vicissim
407 2139 473 2166 tum
491 2145 586 2167 unum
602 2140 635 2167 et
647 2134 780 2167 amicum
795 2133 856 2165 sibi
872 2137 999 2175 propter
1016 2132 1171 2164 Venerem
1186 2140 1265 2166 esse,
1289 2134 1354 2159 tum
1367 2128 1465 2158 multa
1479 2131 1512 2158 et
1523 2125 1646 2167 sibiipsi

181 2187 278 2230 [248]
301 2188 456 2220 dissidens
467 2199 522 2231 per
537 2189 738 2221 discordiam.
783 2187 906 2218 Durum
922 2192 970 2218 est
985 2189 1087 2216 autem
1100 2184 1247 2215 adversus
1264 2187 1325 2213 tam
1340 2181 1467 2213 inclitos
1482 2180 1644 2221 antiquos-

180 2250 244 2283 que
257 2241 348 2280 viros,
363 2252 419 2274 seu
434 2251 506 2274 vera
521 2242 585 2274 sive
596 2242 674 2273 falsa
693 2241 839 2278 dixerint,
855 2241 931 2271 ferre
948 2238 1147 2270 sententiam.
1189 2236 1325 2269 Tantum
1349 2236 1409 2266 hoc
1432 2234 1500 2265 sine
1521 2233 1644 2264 invidia

180 2304 314 2328 asserere
329 2306 504 2338 possumus.
545 2295 632 2328 Tus.
656 2295 767 2333 Quid?
813 2294 879 2326 Ho.
901 2293 997 2331 Quod
1023 2302 1080 2323 nos
1098 2290 1210 2322 multos
1227 2290 1358 2321 nimium
1374 2291 1643 2329 contempserunt.

181 2359 253 2381 nam
266 2360 356 2381 suum
371 2349 503 2393 quisque
517 2361 597 2392 opus
611 2350 800 2391 exsequitur,
815 2348 902 2379 nulla
918 2346 1015 2378 nostri
1036 2355 1110 2377 cura
1133 2343 1288 2381 adhibita,
1314 2348 1415 2375 utrum
1432 2350 1642 2383 assequamur,

182 2413 294 2436 necne.
336 2404 425 2438 Tun.
448 2405 522 2442 Quo
537 2409 630 2447 pacto
645 2403 772 2445 inquis?
817 2402 884 2434 Ho.
906 2401 1063 2439 Quotiens
1077 2399 1203 2430 illorum
1226 2397 1339 2439 aliquis
1358 2396 1416 2437 ait,
1429 2395 1516 2437 quod
1531 2399 1579 2425 est
1593 2393 1643 2424 vel

181 2456 243 2489 fuit
257 2457 306 2488 vel
322 2457 357 2488 fit
371 2458 467 2489 multa
480 2462 535 2489 aut
551 2468 646 2489 unum
662 2461 717 2489 aut
732 2457 809 2497 duo,
824 2461 857 2487 et
877 2455 1014 2487 calidum
1041 2452 1154 2495 frigido
1171 2451 1314 2488 mixtum,
1329 2450 1534 2482 discretiones
1549 2457 1642 2490 quas-

181 2510 256 2541 dam
268 2511 546 2553 concretionesque
559 2511 723 2548 inducens,
738 2510 815 2552 quid
831 2519 886 2551 per
900 2509 988 2546 deos,
1001 2507 1176 2543 Theaeteto,
1191 2516 1228 2537 ex
1246 2505 1294 2536 his
1304 2502 1471 2546 significari
1487 2501 1618 2542 conjicis
1632 2502 1642 2531 ?

183 2563 252 2605 Ego
265 2564 392 2606 quidem
402 2565 477 2596 dum
488 2575 570 2596 eram
581 2564 700 2607 junior,
715 2565 743 2596 si
757 2564 885 2606 quando
901 2563 933 2594 id
945 2563 1048 2604 ipsum
1065 2570 1127 2592 non
1139 2570 1206 2598 ens,
1219 2559 1259 2591 de
1269 2569 1332 2600 quo
1345 2567 1430 2589 nunc
1444 2555 1642 2597 ambigimus,
1658 2587 1670 2602 J

180 2616 378 2659 proferretur,
393 2623 501 2651 exacte
523 2629 571 2650 me
594 2618 768 2660 intelligere
790 2617 1000 2650 confidebam.
1024 2625 1108 2647 nuno
1122 2614 1222 2651 vides,
1247 2623 1310 2655 quo
1327 2611 1368 2643 de
1383 2612 1443 2642 hoc
1460 2598 1658 2641 dubitante?

180 2671 298 2702 redacti
312 2681 428 2712 sumus.
472 2671 562 2705 Tun.
585 2672 691 2704 Video
705 2671 863 2714 equidem.
896 2670 976 2702 Ἠο.
999 2669 1090 2701 Forte
1106 2678 1180 2700 vero
1203 2672 1235 2698 et
1258 2666 1339 2698 circa
1354 2675 1410 2696 ens
1425 2663 1511 2695 idem
1527 2660 1641 2692 nibilo-

182 2724 284 2756 minus
299 2729 403 2757 noster
417 2725 538 2757 animus
553 2726 678 2767 patitur.
700 2726 760 2758 hoc
774 2725 857 2757 enim
873 2725 1001 2756 aliunde
1018 2723 1178 2766 percipere
1194 2731 1262 2757 non,
1278 2719 1422 2771 quotiens
1444 2716 1639 2759 proferretur,

181 2778 425 2810 affimabamus:
449 2778 526 2810 illud
543 2789 615 2810 vero
631 2779 778 2819 minime3
802 2779 942 2810 similiter
957 2778 988 2809 in
1005 2777 1158 2808 ambobus
1173 2773 1291 2806 affecti.
1324 2772 1412 2804 Tun.
1434 2770 1537 2802 Forte.
1571 2767 1638 2798 110.

181 2832 271 2863 Idem
285 2843 412 2875 quoque
427 2832 467 2863 de
482 2833 606 2872 ceteris,
620 2843 692 2875 quae
712 2843 807 2874 supra
829 2833 1028 2868 narravimus,
1044 2831 1162 2862 dictum
1186 2830 1237 2861 sit.
1281 2827 1369 2859 Tun.
1391 2825 1527 2865 Nempe.
1573 2820 1638 2851 ΗΟ.

184 2884 238 2916 De
251 2886 355 2917 multis
367 2886 493 2929 quidem
509 2891 630 2929 postea,
647 2887 672 2918 si
688 2886 855 2922 videbitur,
871 2885 1133 2918 considerabimus
1149 2896 1156 2915 :
1181 2884 1221 2914 de
1237 2882 1368 2913 maximo
1382 2889 1452 2910 vero
1464 2874 1638 2918 praecipuo-

180 2945 243 2980 que
257 2943 289 2970 et
303 2940 403 2981 primo
428 2950 512 2973 nunc
534 2939 599 2981 jam
626 2939 838 2982 cogitandum.
884 2940 972 2972 Tris.
995 2939 1082 2976 Quid
1098 2938 1167 2970 uis?
1193 2948 1233 2969 an
1256 2937 1295 2967 de
1311 2939 1384 2966 ente
1401 2931 1638 3012 primuquuae·

275 2993 362 3027 Ptae.
388 2995 443 3028 Tr.
889 2993 916 3026 1.
1476 2985 1497 3014 2
