1846 3268
205 276 284 313 244
804 270 1071 311 PLAToNJs
1578 274 1678 327 [164

206 378 364 415 audimus,
379 377 458 409 scire
474 377 603 419 insuper
619 374 840 408 affirmabimus
854 386 862 406 :
885 377 994 407 harum
1019 373 1148 416 quidem
1165 374 1294 416 figuram
1308 375 1510 419 coloremque
1525 377 1683 421 inspicere

207 438 240 466 et
266 432 344 465 scire
373 431 534 471 similiter3
559 431 684 462 illorum
712 434 817 462 autem
841 434 966 462 acutam
980 439 1090 461 vocem
1113 433 1146 461 et
1171 439 1297 470 gravem
1318 430 1426 462 audire
1449 431 1565 473 pariter
1589 437 1685 476 atque

210 487 289 519 scire
305 498 312 518 ε
336 497 407 529 quae
423 496 494 517 vero
509 484 702 527 grammatici
718 489 750 515 et
765 484 950 526 interpretes
965 484 1006 515 de
1022 483 1070 515 his
1085 483 1224 521 tradunt,
1247 494 1352 526 neque
1367 485 1484 517 sentire
1498 486 1638 519 videndo
1652 492 1688 520 et

214 541 389 578 audiendo,
405 549 508 581 neque
533 539 628 571 etiam
652 539 741 571 scire.
789 538 846 572 So.
868 537 1013 580 Optime,
1028 549 1048 569 o
1069 537 1254 578 Theaetete3
1277 549 1382 581 neque
1395 539 1429 571 in
1444 539 1494 571 his
1509 550 1689 583 repugnan-

210 595 286 626 dum
303 593 373 631 tibi,
390 599 426 624 ut
441 593 539 635 magis
555 594 629 626 inde
646 593 791 636 proficias
805 604 812 624 :
837 603 942 624 verum
959 592 1067 635 aspice
1082 596 1115 624 et
1129 592 1229 630 aliud,
1243 593 1330 635 quod
1346 594 1384 625 ad
1401 594 1471 627 haec
1480 595 1611 637 accidit,
1623 606 1689 638 qun

207 636 330 681 mitione
345 648 455 691 repelli
472 648 627 690 vitarique
653 648 763 690 possit.
809 647 897 679 Tne.
921 646 1009 685 Quid
1033 647 1140 679 istuc?
1183 648 1242 682 So.
1266 648 1339 680 Hoc
1362 659 1449 682 sane.
1471 650 1499 681 si
1522 649 1594 692 quis
1615 660 1689 692 per-

210 707 368 740 contetur,
384 703 492 734 fierine
518 702 630 745 possit,
647 707 683 734 ut
706 702 793 744 quod
819 701 890 743 quis
914 701 1106 744 quandoque
1132 701 1225 734 scivit
1249 707 1281 734 et
1303 703 1408 735 adhuc
1429 703 1579 735 memorio
1602 708 1691 736 tenet

210 759 370 800 fixumque
385 763 560 794 conservat,
576 757 716 799 idipsum
735 762 840 789 tamen
855 756 989 789 nesciat.
1034 755 1072 786 In
1090 756 1219 798 longum
1235 757 1378 797 profecto
1398 767 1572 793 sermonem
1587 759 1691 799 traho,

209 823 348 855 quaerere
360 811 503 852 cupiens,
520 816 621 843 utrum
637 811 750 852 aliquis
767 811 852 852 quod
869 805 1161 845 didicit‚'memoria
1175 811 1313 844 retinens
1327 812 1412 843 haud
1435 817 1556 846 noscat.
1600 812 1688 845 Τιη.

212 866 277 905 Qui
298 866 382 898 istud
409 866 474 896 fieri
500 871 649 907 posset‚o
675 865 843 896 Socrates?
868 870 1039 896 monstrum
1064 866 1151 906 quod
1179 864 1262 897 dicis
1289 871 1383 898 esset.
1429 866 1486 899 So.
1511 865 1598 898 Num
1621 866 1690 908 ipse

210 931 339 963 quoque
354 919 496 955 delii-ern,
510 921 652 959 adverte,
667 920 809 952 obsecro.
835 920 940 951 videre
956 929 1063 950 nonne
1078 919 1192 952 sentire
1203 920 1295 957 dicis,
1308 919 1527 962 visionemque
1539 931 1664 952 sensum
1677 921 1689 951 ἓ

209 975 299 1007 Tun.
322 975 400 1006 Aio.
446 974 502 1006 So.
527 974 592 1012 Qui
619 974 736 1015 aliquid
766 974 863 1014 videt,
886 983 992 1004 nonne
1013 973 1099 1005 idem
1122 974 1182 1005 scit
1203 975 1289 1017 quod
1312 979 1346 1006 et
1372 975 1471 1011 videt,
1494 979 1531 1008 ut
1554 985 1692 1016 praesens

210 1039 312 1061 sermo
325 1028 497 1070 proponit?
542 1028 630 1060 Tun.
654 1029 758 1060 Certe.
805 1027 862 1058 So.
884 1027 1072 1060 Memoriam
1088 1027 1208 1068 aliquid
1223 1028 1337 1060 vocas?
1382 1016 1469 1059 Tim.
1492 1027 1584 1065 Voce,
1598 1028 1693 1070 equi-

211 1085 295 1115 dem.
342 1083 398 1114 So.
421 1082 611 1124 Alicujusne
636 1093 675 1114 an
704 1081 847 1114 nullius?
891 1081 978 1114 Tun.
1001 1080 1151 1123 Alicujus
1181 1087 1278 1114 certe.
1324 1082 1381 1114 So.
1404 1082 1458 1113 An
1488 1092 1554 1114 non
1582 1092 1689 1115 earum

211 1148 325 1174 rerum,
354 1148 433 1178 quas
457 1137 571 1168 didicit
599 1136 786 1178 sensitque?
832 1136 921 1168 Τιιε.
945 1135 1065 1168 Harum
1090 1136 1246 1178 prosecto-
1292 1136 1348 1169 So.
1379 1135 1478 1174 Quod
1503 1136 1574 1178 quin
1599 1135 1697 1174 vidit,

213 1192 406 1233 qurmdoque
431 1191 595 1223 meminit?
641 1191 728 1222 Tur-t.
751 1190 913 1223 Meminit.
957 1190 1012 1222 So.
1037 1190 1207 1232 Nunquid,
1223 1201 1293 1223 cum
1316 1190 1436 1223 claudit
1456 1191 1576 1228 oeuhs,
1596 1190 1693 1223 etiam

215 1245 433 1281 reminiscitur,
447 1256 486 1276 an
504 1256 574 1277 cum
592 1245 710 1287 aliquid
729 1245 909 1286 hujusmodi
926 1245 1014 1282 facit,
1043 1245 1185 1286 protinus
1201 1244 1418 1277 obliviscitur?
1463 1244 1551 1279 Tun.
1573 1243 1695 1279 Absur-

214 1297 290 1330 dum
308 1300 366 1330 lioc
382 1300 481 1335 dictu,
494 1310 514 1330 o
527 1300 685 1341 Socrates,
700 1305 792 1331 esset.
816 1299 912 1341 [164]
939 1299 1072 1340 Cogitur
1088 1305 1191 1332 tamen
1203 1300 1237 1331 id
1254 1299 1356 1340 fateri,
1366 1299 1510 1342 quisquis
1519 1309 1694 1334 sermonem

217 1354 407 1395 superiorem
433 1364 553 1385 servare
582 1353 679 1384 velit:
710 1354 801 1385 aliter
826 1359 929 1385 autern
956 1353 1095 1384 minime.
1141 1354 1197 1385 So.
1222 1353 1290 1395 Ego
1315 1363 1457 1395 quoque,
1483 1362 1540 1395 per
1566 1353 1695 1391 Jovem‚

215 1407 369 1449 suspicor,
386 1407 579 1449 nequedum
597 1407 671 1438 satis
697 1407 851 1448 intelligo.
896 1407 984 1441 Tru-2.
1008 1406 1071 1438 Dic
1088 1417 1155 1445 oro,
1170 1417 1234 1449 quo
1257 1407 1376 1449 pacto?
1421 1407 1477 1440 So.
1499 1407 1571 1443 Hoc
1594 1418 1692 1440 sane:

215 1461 282 1499 Qui
295 1462 393 1500 videt,
409 1462 492 1493 idem
510 1462 569 1497 scit
585 1462 670 1504 qnod
687 1467 719 1494 et
734 1462 832 1500 videt,
850 1466 884 1492 ut
907 1461 1042 1493 confessi
1071 1471 1196 1494 sumus:
1222 1473 1294 1493 nam
1310 1461 1479 1503 visionem,
1491 1472 1617 1494 sensum
1633 1462 1695 1495 sci-

215 1517 398 1559 entiamque
412 1517 495 1548 idem
518 1526 586 1548 esse
602 1516 819 1548 convenimus.
862 1515 952 1549 Tua.
977 1516 1203 1548 Convenimus.
1248 1517 1304 1548 So.
1328 1516 1392 1554 Qui
1416 1526 1489 1548 vero
1506 1515 1586 1551 vidit
1599 1521 1696 1559 atque

214 1569 288 1601 ideo
301 1569 371 1607 scit,
389 1569 531 1602 meminit
546 1571 632 1612 quod
655 1569 735 1601 vidit
750 1569 798 1601 vel
819 1569 934 1601 clausis
958 1569 1080 1609 oculis;
1105 1581 1209 1612 neque
1229 1575 1305 1602 tunc
1329 1569 1448 1612 aliquid
1466 1570 1563 1605 videt.
1605 1570 1703 1604 Tun..

216 1623 267 1655 Sic
284 1624 413 1656 accidit.
458 1625 513 1657 So.
540 1617 614 1655 Non
630 1624 736 1657 videre
751 1628 855 1655 autem
869 1624 988 1656 nescire
1003 1629 1062 1661 est,
1080 1624 1234 1667 siquidem
1252 1625 1358 1657 videre
1380 1624 1460 1658 scire
1484 1629 1564 1660 eran.
1606 1625 1697 1658 Tun.

216 1677 348 1710 Verum.
393 1679 451 1711 So.
474 1678 642 1720 Contingit
662 1678 786 1721 itaque,
801 1679 887 1721 quod
913 1679 985 1721 quis
1007 1679 1201 1721 quandoque
1226 1679 1328 1717 scivit,
1343 1679 1438 1713 etiarn
1453 1679 1528 1713 dum
1542 1678 1700 1716 meminit,

216 1733 250 1764 id
267 1732 400 1769 nescire.
417 1733 443 1764 si
469 1743 533 1765 non
550 1733 647 1766 videt.
669 1734 756 1775 quod
780 1733 909 1775 quidem
933 1734 958 1764 si
982 1734 1083 1771 fieret,
1098 1739 1271 1765 monstrum
1298 1734 1458 1775 quoddam
1472 1734 1538 1767 fore
1552 1732 1699 1775 predixi·

219 1796 299 1817 mus.
344 1786 432 1818 Tne.
455 1786 540 1819 Vera
565 1787 715 1828 loqueris.
761 1788 817 1820 So.
838 1787 995 1820 Nonnihil
1021 1788 1116 1830 igitur
1135 1787 1329 1829 impossibile
1343 1788 1469 1821 videtur
1491 1787 1647 1824 accidere,
1672 1786 1702 1819 εἰ

218 1841 289 1883 quis
304 1841 468 1874 scientiam
486 1852 523 1875 ac
537 1852 663 1876 sensnm
678 1842 763 1874 idem
779 1853 847 1875 esse
865 1843 1017 1884 posuerit.
1061 1842 1150 1875 TnE.
1173 1842 1226 1874 Sic
1239 1847 1382 1884 apparet.
1425 1842 1492 1874 So„
1507 1843 1603 1876 Aliud
1623 1852 1703 1885 ergo.

218 1899 386 1936 utrumque
403 1895 578 1928 fatendum.
622 1895 712 1927 Tne.
737 1895 884 1927 Videtur.
930 1896 986 1927 So.
1013 1896 1225 1933 Quamobrem
1248 1897 1324 1938 qnid
1351 1896 1484 1929 scientia
1510 1896 1563 1934 sit,
1578 1907 1597 1929 a
1612 1895 1705 1940 prin·-

219 1947 306 1990 cipio
321 1949 434 1981 iterum
458 1948 714 1990 perquirendum.
737 1954 876 1980 ceterum
899 1949 1050 1990 quidnam
1076 1950 1209 1991 agimus,
1236 1961 1255 1980 o
1281 1950 1468 1984 Theaetete?
1512 1951 1601 1983 Tne.
1623 1951 1698 1988 Qu·

219 2003 259 2035 de
275 2013 307 2034 re
324 2003 538 2045 percontaris?
584 2003 640 2034 So.
666 2003 818 2034 Videmur
834 2003 942 2044 utique
959 2003 1035 2035 mibi
1050 2003 1157 2045 ignavi
1181 2004 1258 2046 galli
1281 2004 1390 2042 instar,
1405 2009 1574 2046 antequam
1590 2005 1703 2037 viceri-

220 2067 302 2093 mus,
315 2057 492 2088 exultantes
509 2058 810 2099 tergiversantesque
826 2067 845 2088 a
867 2058 1086 2099 disputatione
1110 2063 1247 2091 cantare.
1294 2059 1383 2091 Tne.
1406 2059 1472 2097 Qui
1487 2059 1592 2092 istuc?
1637 2059 1697 2092 So.

222 2111 477 2143 Contradictorie
491 2112 632 2144 videmur
647 2113 796 2144 adversus
811 2112 973 2145 nominum
989 2113 1211 2147 concessiones
1222 2113 1368 2151 confessi,
1385 2118 1417 2145 et
1431 2114 1515 2147 circa
1529 2113 1592 2146 tnle
1603 2113 1698 2155 quid-

220 2165 294 2198 dam
313 2166 423 2199 versati
440 2166 533 2198 verba
550 2167 665 2203 rimari,
686 2167 720 2199 in
744 2167 883 2209 ipsisque
907 2168 1101 2200 consistere:
1125 2173 1159 2200 et
1179 2179 1251 2200 cum
1279 2179 1337 2200 nos
1362 2179 1426 2200 non
1442 2173 1623 2206 certatores,
1639 2168 1705 2200 sed¹

221 2221 429 2262 philosophos
455 2231 527 2253 esse
554 2221 766 2263 profiteamur,
794 2222 877 2254 idem
905 2226 1022 2260 tamen,
1045 2223 1132 2265 quod
1161 2234 1248 2255 acres
1275 2223 1325 2256 illi
1348 2223 1416 2261 viri,
1443 2223 1526 2256 clam
1553 2222 1699 2255 facimus.

224 2274 312 2306 Τιιε.
336 2274 489 2309 Nondum
508 2276 584 2318 quid
601 2276 678 2308 velis
694 2276 848 2319 intelligo-
891 2277 947 2309 So.
971 2277 1129 2320 Equidem
1151 2279 1236 2320 quod
1263 2279 1296 2311 in
1321 2278 1371 2309 his
1394 2277 1510 2316 sentio,
1528 2277 1698 2320 explanare

225 2330 373 2363 conabor.
421 2330 645 2368 QuaesivimuS,
659 2331 803 2374 uunquid
817 2331 870 2374 qui
884 2331 1003 2374 aliquid
1020 2332 1134 2364 didicit
1149 2343 1186 2364 ac
1203 2332 1359 2374 meminit,
1373 2332 1511 2364 nesciat:
1527 2330 1699 2363 osteuden-

223 2387 335 2426 tesque
358 2395 430 2416 eum
454 2385 509 2427 qui
536 2385 615 2418 vidit
637 2386 752 2418 clausis
774 2387 868 2418 etiam
891 2386 991 2418 oculis
1011 2387 1180 2423 recordari,
1205 2397 1265 2419 nec
1290 2387 1396 2419 videre
1419 2392 1536 2423 tamen,
1560 2383 1711 2417 nescium,

225 2438 318 2470 simul
334 2444 366 2470 et
383 2449 552 2472 memorem
567 2440 849 2473 demonstravimus
863 2452 873 2482 ς
897 2442 982 2483 quod
998 2441 1143 2473 nimirum
1158 2441 1366 2483 impossibile.
1407 2440 1516 2483 Atque
1529 2439 1575 2472 it·
1588 2434 1700 2471 Prota-

221 2501 316 2533 gorea
341 2493 448 2525 fabula
473 2504 597 2535 prorsus
622 2496 762 2534 euanuit,
777 2507 814 2528 ac
844 2501 898 2527 tun
917 2496 1023 2534 simul,
1038 2506 1108 2538 quas
1132 2507 1256 2528 sensum
1280 2496 1507 2538 scientiamque
1534 2493 1702 2527 {deme-ne

223 2546 368 2578 canebat.
412 2547 497 2579 Tne.
522 2549 666 2581 Constat.
712 2551 770 2582 So.
791 2550 1001 2593 Nequaquam
1019 2552 1073 2588 ita,
1088 2557 1125 2583 nt
1149 2551 1290 2588 arbitror,
1306 2562 1326 2582 o
1344 2550 1457 2588 amice,
1472 2550 1498 2582 si
1521 2555 1610 2592 pater
1623 2547 1703 2580 ulte-

223 2600 287 2632 rius
313 2600 430 2633 sabulae
454 2609 642 2645 superesset,
667 2606 722 2637 sed
741 2605 1013 2639 vehementissime
1041 2611 1262 2648 propugnaret.
1287 2616 1373 2638 nunc
1400 2610 1506 2638 autem
1528 2603 1700 2646 orplurnun

223 2654 325 2696 ipsam
341 2654 533 2697 insequimur
548 2659 823 2703 exspoliamusque
835 2672 851 2693 :A
871 2671 975 2704 neque
991 2666 1121 2698 tutores,
1137 2671 1216 2704 quos
1233 2660 1360 2703 reliquit
1373 2660 1572 2702 Prot⁸ss⁰¹⁸³2
1586 2668 1606 2690 θ
1619 2666 1714 2701 ‘1¹¹⁰'-

226 2718 295 2740 rum
311 2719 441 2742 numero
458 2722 538 2743 unus
554 2718 602 2744 est
615 2713 799 2747 Theodorus
814 2715 884 2754 iste,
901 2726 1079 2748 succurrere
1094 2716 1216 2749 volunt.
1262 2715 1380 2748 Vemm
1393 2724 1451 2746 nos
1461 2711 1597 2756 justitiae
1604 2711 1705 2755 gn&

224 2762 274 2794 illi
300 2763 462 2806 suffragari
488 2766 718 2808 aggrediemur.
763 2769 874 2802 Trito.
895 2770 972 2803 Non
997 2781 1058 2812 ego
1080 2770 1219 2812 quidem,
1236 2779 1255 2801 o
1279 2770 1438 2807 Socrates,
1451 2767 1547 2800 immo
1573 2765 1709 2807 Gauius,

227 2817 406 2860 Hipponici
417 2819 512 2858 filius,
528 2831 629 2853 rerum
646 2823 828 2866 Protagorae
853 2824 951 2867 [165]
975 2830 1072 2857 tutor.
1086 2835 1144 2856 nos
1160 2824 1303 2867 profecto
1318 2834 1337 2856 a
1348 2823 1443 2855 nudis
1455 2820 1648 2854 sermonibus
1661 2819 1704 2852 td

226 2873 430 2914 geometriam
446 2879 576 2916 repente
591 2876 788 2910 defleximus.
811 2879 942 2921 gratiam
957 2879 1016 2911 tibi
1032 2884 1137 2911 tumen
1160 2878 1359 2916 habebimus,
1373 2877 1400 2909 si
1414 2876 1463 2909 illi
1477 2885 1571 2919 opem
1586 2873 1706 2906 tuleris.

222 2927 281 2959 So.
306 2926 390 2960 Scite
415 2927 565 2971 loqueris,
581 2941 599 2961 ο
625 2931 804 2965 Theodoro..
827 2934 956 2966 adverte
981 2934 1087 2977 igitur,
1103 2945 1166 2977 qua
1184 2934 1233 2966 via
1258 2942 1445 2966 succurram.
1467 2931 1494 2962 si
1519 2929 1591 2973 quis
1603 2929 1714 2961 minus.

223 2979 284 3012 vim
305 2982 469 3015 verborum
486 2983 716 3029 animadvertit,
733 2999 795 3029 qua
810 2989 995 3031 plerumque
1024 2990 1174 3022 affirmare
1197 2988 1364 3031 quicquam
1389 2991 1421 3019 et
1434 2995 1550 3028 negare
1561 2984 1718 3022 solemus»
