1846 3268
250 273 328 311 306
860 269 1126 309 PLATole
1617 277 1717 329 [304

247 375 333 417 quod
361 375 428 406 haec
454 384 553 417 usque
579 373 659 405 adeo
685 372 773 404 vobis
802 372 968 406 artificiose
993 379 1067 404 sunt
1091 373 1262 406 adinventa
1283 379 1377 417 atque
1403 375 1557 415 instituta,
1579 378 1722 412 urbm}

246 429 378 464 cuilibet
392 429 513 460 tradere
529 427 671 460 valeatis.
717 427 865 469 cognovi
887 427 1048 469 equidem,
1071 433 1105 459 et
1119 428 1272 471 Ctesippo
1296 435 1431 462 mentem
1448 431 1599 474 adhibeo,
1612 434 1719 467 eonsi-

245 483 397 525 deroque,
413 493 507 525 quam
522 482 625 513 subito
641 480 756 512 imitari
765 490 820 512 vos
830 480 972 523 coeperit.
988 479 1085 523 [304]
1101 481 1206 523 Hujus
1218 483 1261 514 rei
1273 484 1454 526 mysterium
1466 495 1560 527 qnam
1573 486 1718 520 ocissime

245 537 363 569 docere
376 546 469 579 posse
494 536 583 568 vobis
599 535 780 577 praeclarum
796 540 864 566 est:
889 546 994 578 neque
1023 541 1126 571 tamen
1153 547 1257 579 operae
1282 539 1415 579 pretium
1431 539 1498 571 fore
1524 540 1662 583 videtur,
1683 546 1721 574 at

245 601 349 625 coram
365 591 470 622 multis
484 590 663 622 hominibus
675 589 831 622 disseratis
846 601 854 620 ι
871 589 966 622 immo
980 600 1068 631 vero,
1077 590 1104 622 si
1118 590 1193 622 mihi
1203 591 1409 630 credideritis,
1423 594 1572 626 cavebitis
1582 604 1722 637 prorsus,

244 656 285 677 uc
306 646 339 676 in
365 644 530 677 multorum
546 648 630 676 coetu
654 643 849 686 loquamini;
871 654 912 676 ne
938 644 1019 676 forte
1043 645 1270 687 quamprimum
1296 645 1356 678 ista
1372 647 1581 689 percipientes
1603 649 1719 691 gratias

245 709 444 742 nequaquam
469 699 616 730 habeant.
660 697 728 730 Ista
749 697 846 739 igitur
869 697 952 730 inter
977 708 1032 729 vos
1054 703 1175 730 tantum
1192 699 1325 732 invicem
1339 701 1592 734 commun-icatez
1614 713 1721 745 aeque

246 754 326 787 alins
340 753 506 797 quisquam
521 763 572 795 ea,
594 751 655 784 nisi
669 757 798 793 argento
824 752 980 794 expo-ito,
997 752 1117 786 audiat.
1161 753 1253 785 Idem
1277 764 1415 796 quoque,
1437 755 1462 786 si
1479 755 1599 798 sapitis,
1612 756 1723 791 vestris

244 807 409 850 discipulis
434 807 618 844 consuletis,
643 817 683 838 ne
709 817 847 848 unquam
876 817 948 838 cum
975 807 1046 838 aliis
1074 817 1167 849 qnam
1192 818 1299 840 secum
1324 813 1421 851 atque
1434 809 1592 842 vobiscum
1608 810 1649 842 de
1672 810 1722 842 his

243 862 424 905 loquantur.
469 860 564 898 Quod
590 859 674 891 enim
690 870 801 896 rarum,
817 859 1033 901 Euthydeme,
1057 861 1091 892 id
1115 862 1344 894 honorandum.
1367 873 1450 904 aqua
1470 863 1555 895 enim
1569 863 1721 895 vilissimo

242 916 343 958 pretio
357 915 482 952 emitur,
496 925 568 946 cum
583 925 630 946 res
645 914 686 944 sit
700 918 810 945 natura
823 913 1056 955 pretiosissima,
1070 920 1105 947 ut
1120 915 1165 946 ait
1180 915 1347 948 Pindarus.
1392 917 1454 948 Se'd
1467 917 1564 958 agite,
1576 917 1720 959 inquam,

242 970 378 1002 Cliniam
394 970 478 1001 hunc
493 979 606 1010 meque
627 967 788 1009 suscipite.
834 967 916 1000 Cum
931 969 1010 1004 hare,
1027 979 1045 999 o
1062 968 1164 1010 Crito,
1179 974 1212 1000 et
1226 970 1288 1001 alia
1301 970 1449 1011 quaedam
1464 970 1570 1002 brevia
1583 971 1718 1006 disseru-

242 1024 383 1060 issemus,
400 1023 566 1055 abivimus.
612 1020 762 1053 Delibera
788 1021 895 1063 igitur,
925 1027 961 1052 ut
986 1033 1108 1054 mecum
1135 1033 1198 1054 una
1221 1023 1261 1054 ad
1288 1024 1346 1054 hos
1369 1024 1451 1056 viros
1477 1025 1621 1057 accedas.
1644 1035 1721 1059 narn

244 1078 434 1119 pollicentur
449 1087 557 1108 omnes
572 1087 605 1107 se
620 1076 782 1112 docturos,
799 1076 981 1118 quicunque
1004 1082 1165 1118 argentum
1190 1078 1265 1109 dare
1288 1078 1388 1119 parati
1403 1078 1488 1110 sint:
1512 1089 1616 1121 neque
1629 1079 1720 1121 inge-

245 1133 333 1163 nium
349 1131 447 1163 ullum
474 1131 523 1162 vel
547 1135 672 1162 aetatem
699 1129 872 1172 excipiunt.
895 1130 981 1172 quod
1007 1141 1079 1162 vero
1107 1131 1163 1162 tibi
1188 1132 1322 1163 maxime
1343 1132 1451 1164 audire
1473 1133 1614 1175 expedit,
1629 1133 1721 1166 aiunt

244 1186 323 1217 nihil
338 1185 536 1217 cumulandae
553 1184 696 1228 pecnniae
712 1183 849 1216 studium
876 1185 1054 1226 prohibere,
1070 1196 1133 1227 quo
1149 1186 1252 1217 minus
1275 1186 1377 1228 quivis
1393 1186 1721 1228 sapientiam-illorum

244 1240 338 1275 facile
367 1240 530 1282 percipere
566 1239 674 1281 possit.
720 1238 785 1271 cn.
809 1238 977 1281 Equidem,
1007 1250 1026 1270 o
1054 1239 1212 1278 Socrates,
1243 1240 1394 1272 audiendi
1425 1241 1561 1283 cupidus
1583 1250 1663 1280 sum,
1685 1248 1720 1274 et

243 1294 447 1329 libentissime
460 1294 621 1325 discerem.
644 1293 751 1324 videor
768 1298 870 1326 tamen
887 1299 919 1324 et
933 1293 999 1334 ipse
1015 1304 1122 1324 eorum
1139 1305 1220 1325 unus
1235 1305 1316 1337 esse,
1328 1295 1382 1337 qui
1393 1294 1587 1338 Euthydcmi
1602 1296 1722 1330 similes

243 1359 307 1380 non
322 1353 408 1390 sunt,
424 1349 478 1380 sed
492 1348 616 1380 illorum
634 1348 750 1390 potius,
767 1358 847 1389 quos
871 1352 904 1379 tu
923 1348 1017 1389 paulo
1043 1353 1116 1379 ante
1132 1348 1272 1386 dicebas,
1294 1349 1349 1391 qui
1376 1350 1588 1391 captiunculis
1610 1350 1720 1393 hujus—

242 1403 368 1435 cemodi
381 1402 526 1444 redargui
542 1403 664 1434 malunt
674 1403 714 1433 ab
730 1402 812 1439 aliis,
828 1413 921 1444 quam
939 1402 1017 1434 alios
1032 1402 1226 1444 redarguere.
1251 1402 1419 1434 Enimvero
1441 1403 1589 1436 ridiculus
1603 1414 1720 1443 essem,

244 1457 270 1488 si
285 1457 455 1489 admonere
471 1463 503 1489 te
519 1467 677 1499 pergerem
691 1468 699 1487 :
723 1455 801 1487 nihil
818 1461 922 1488 tamen
939 1456 1093 1498 prohibet,
1110 1467 1181 1498 quae
1197 1467 1234 1488 ex
1251 1457 1300 1497 iis,
1315 1457 1371 1499 qui
1386 1462 1469 1489 coetu
1484 1457 1587 1490 soluto
1599 1469 1618 1490 a
1630 1459 1722 1492 vobis

242 1511 463 1550 discesserunt,
487 1510 607 1550 audivi,
631 1510 689 1542 tibi
712 1521 797 1542 nunc
821 1510 945 1543 referre.
991 1509 1218 1544 Deambulanti
1249 1511 1324 1542 mihi
1349 1512 1461 1543 obvius
1480 1512 1584 1544 tactus
1610 1523 1719 1545 eorum

242 1565 411 1607 quispiam,
427 1565 482 1607 qui
498 1565 531 1596 in
542 1564 748 1607 judicialibus
762 1564 864 1596 causis
890 1564 1043 1596 excellere
1066 1565 1235 1606 plurimum
1262 1565 1475 1598 aestimantur:
1499 1565 1528 1598 0
1545 1566 1648 1606 crito,
1669 1567 1719 1600 in·

242 1620 326 1662 quit,
339 1618 418 1651 nihil
434 1629 472 1651 ex
489 1619 556 1650 istis
571 1618 766 1661 sapientibus
781 1618 930 1650 audivisti
943 1618 953 1650 ?
978 1618 1066 1650 Nihil
1084 1629 1140 1661 per
1154 1618 1279 1656 Jovem,
1290 1619 1430 1662 inquam.
1452 1619 1560 1657 audire
1571 1620 1658 1652 enim
1670 1631 1721 1655 nr·

246 1674 448 1707 affectantem
464 1673 610 1715 frequens
626 1673 715 1704 turba
731 1672 947 1715 tumultusque
964 1672 1135 1714 prohibuit.
1160 1672 1226 1704 Res
1238 1678 1354 1710 tamen,
1370 1673 1484 1716 inquit.
1493 1674 1603 1706 auditu
1611 1671 1722 1717 dignm

243 1728 330 1760 Cur?
353 1727 401 1759 Ut
423 1727 564 1758 audisses
588 1737 643 1758 eos
670 1727 813 1767 homines
839 1726 1049 1768 disputantes,
1073 1726 1128 1769 qui
1154 1728 1186 1758 in
1212 1728 1272 1758 hoc
1288 1738 1464 1760 sermonum
1479 1738 1594 1770 genere
1606 1728 1721 1761 ceteri·

244 1787 404 1824 praestant.
452 1780 505 1812 Ad
529 1782 614 1813 hunc
639 1791 712 1822 eg0‚
727 1780 815 1821 Quid
839 1780 898 1812 tibi
923 1781 1021 1812 visum
1046 1781 1117 1813 est?
1140 1780 1227 1819 Quid
1245 1781 1344 1819 aliud,
1359 1781 1603 1823 responditssle,
1624 1793 1720 1825 quan

240 1847 311 1879 quae
327 1846 448 1878 semper
462 1846 500 1867 ex
516 1835 553 1866 iis
568 1835 747 1866 hominibus
766 1834 948 1878 audiuntur,
964 1835 1039 1866 dum
1055 1841 1214 1877 nugantur
1227 1846 1264 1867 ac
1280 1836 1320 1867 de
1335 1836 1427 1868 rebus
1438 1836 1555 1869 nullius
1567 1835 1719 1871 momenti

238 1889 370 1932 indigno
380 1890 516 1932 quodam
528 1889 633 1920 studio
646 1889 779 1920 invicem
794 1887 982 1921 altercantur
995 1889 1005 1920 ἓ
1028 1889 1158 1920 Talibus
1172 1889 1225 1921 ille
1239 1900 1362 1921 mecum
1377 1894 1427 1921 est
1442 1900 1515 1922 usus
1527 1890 1720 1924 nominihus

237 1942 328 1977 Tunc
343 1954 403 1985 ego
417 1955 425 1975 ε
450 1943 674 1975 Verumtamen
689 1942 887 1984 gratiosares
902 1950 949 1974 est
964 1943 1177 1985 philosophia.
1223 1942 1311 1980 Quid
1333 1944 1480 1986 gratiosa,
1501 1943 1619 1987 inquit,
1633 1955 1653 1978 ο
1669 1945 1718 1977 νὴ

238 1997 332 2030 beate
348 1998 423 2031 ?>au
438 1998 516 2030 forte
532 1998 650 2029 nullius
666 1997 761 2040 pretii
775 1997 787 2028 ‚²
811 1996 908 2039 [305]
932 1997 1034 2039 Atqui
1059 1998 1085 2028 si
1103 1998 1198 2039 paulo
1221 2003 1293 2029 ante
1308 1998 1516 2038 interfuisses,
1530 1998 1718 2041 erubuisses,

239 2056 275 2083 ut
288 2052 428 2090 arbitror,
443 2050 536 2086 amici
552 2051 597 2083 tui
613 2051 714 2092 gratia
730 2061 738 2083 ε
762 2050 818 2092 qui
835 2061 934 2092 usque
950 2052 1030 2082 adeo
1046 2051 1172 2093 ineptus
1188 2057 1265 2089 erat,
1281 2058 1316 2083 ut
1330 2051 1466 2095 seipsum
1480 2053 1600 2084 tradere
1613 2053 1715 2085 homi·

239 2105 332 2139 nibus
347 2111 490 2147 cuperet,
504 2106 619 2148 quibus
632 2105 710 2137 nihil
727 2105 816 2146 pensi
831 2110 879 2136 est
893 2105 969 2147 quid
987 2105 1167 2148 loquantur,
1191 2106 1247 2137 sed
1263 2106 1385 2148 singula
1400 2110 1532 2148 captant
1545 2106 1718 2148 objiciunt*

238 2169 302 2201 que
317 2159 492 2199 vocabula3
515 2170 587 2192 cum
604 2165 709 2193 tamen
725 2159 787 2196 illi,
803 2164 838 2190 ut
852 2169 945 2200 supra
967 2159 1123 2197 dicebam,
1146 2165 1267 2192 ceteros
1291 2160 1368 2192 tales
1382 2165 1495 2192 nostrae
1510 2162 1612 2193 aetatis
1634 2161 1715 2195 viros

237 2213 404 2249 excellant.
447 2213 607 2252 Profecto,
623 2225 643 2246 o
658 2214 757 2251 Crito,
772 2218 805 2247 et
820 2213 958 2245 studium
974 2215 1033 2246 hoc
1049 2214 1230 2246 vilissimum
1248 2219 1308 2257 est,
1323 2219 1357 2246 et
1370 2214 1470 2257 quiin
1484 2226 1524 2247 eo
1540 2221 1716 2258 versantur,

238 2268 375 2301 ridiculi.
418 2268 504 2300 Mihi
519 2268 658 2310 quidem,
684 2280 703 2299 υ
719 2268 873 2305 Socrates,
890 2269 974 2300 haud
998 2273 1081 2300 recte
1098 2279 1160 2300 rem
1180 2269 1278 2311 ipsam
1301 2269 1476 2311 improbare
1490 2269 1573 2301 visus
1585 2274 1634 2310 est
1647 2269 1716 2312 ille¹¹

242 2322 293 2353 vel
319 2322 461 2364 quisquis
492 2322 573 2354 alius
605 2322 771 2364 improbet.
818 2322 912 2360 Quod
942 2327 1046 2354 autem
1073 2323 1105 2354 in
1132 2328 1214 2355 coetu
1240 2323 1405 2354 multorum
1420 2333 1492 2355 cum
1507 2323 1621 2355 talibus
1642 2324 1717 2356 viris

241 2376 402 2418 disputare
417 2376 488 2418 quis
512 2378 650 2419 studeat,
672 2377 781 2409 merito
805 2378 996 2419 vituperasse
1019 2376 1072 2408 ille
1096 2378 1172 2408 mihi
1188 2378 1320 2410 videtur.
1364 2378 1420 2409 So.
1445 2377 1474 2409 O
1491 2377 1591 2416 Crito,
1613 2378 1714 2410 admi-

237 2429 360 2463 ratione
375 2430 464 2472 digni
480 2436 554 2461 sunt
569 2431 599 2461 hi
618 2431 684 2463 viri.
711 2442 814 2463 verum
831 2432 986 2472 nondum,
1008 2431 1095 2473 quod
1111 2431 1251 2464 dicturus
1275 2442 1355 2469 sum,
1377 2431 1463 2464 novi.
1509 2431 1650 2470 Quorum
1673 2443 1712 2467 ex

238 2495 369 2516 numero
385 2489 462 2521 erat,
478 2485 531 2527 qui
550 2485 607 2516 tibi
625 2486 736 2517 obvius
761 2486 992 2528 philosophiam
1009 2486 1227 2528 vituperabat?
1253 2491 1354 2518 utrum
1378 2491 1480 2517 orator
1502 2487 1658 2529 quispiam
1672 2497 1711 2521 ex

238 2539 298 2575 his,
314 2537 369 2581 qui
384 2539 418 2571 in
429 2538 578 2580 judiciali
593 2541 828 2573 concertatione
844 2541 1044 2572 vehementes
1060 2541 1157 2572 sunt?
1179 2551 1219 2571 an
1242 2551 1279 2571 ex
1296 2541 1344 2578 iis,
1359 2540 1414 2583 qui
1437 2540 1516 2572 tales
1531 2541 1658 2573 mittunt
1679 2547 1714 2574 et

238 2593 396 2629 orationes
420 2593 632 2631 conscribunt,
659 2594 773 2636 quibus
801 2599 937 2626 oratores
964 2593 996 2625 in
1016 2593 1139 2636 judicIo
1155 2596 1298 2626 certant?
1343 2595 1408 2627 Ca.
1432 2595 1567 2628 Minime
1582 2595 1710 2638 quidem

242 2652 367 2679 orator:
390 2657 493 2689 neque
518 2648 646 2679 arbitror
670 2648 757 2679 illum
784 2648 819 2680 in
841 2647 966 2690 judicio
993 2659 1130 2691 unquam
1153 2659 1276 2682 orasse:
1298 2650 1354 2680 sed
1376 2660 1441 2681 rem
1455 2649 1553 2691 ipsam
1571 2649 1712 2692 judicia-

238 2701 302 2733 lem
339 2701 457 2743 optime
497 2701 671 2743 intelligere
706 2713 778 2734 eum
815 2705 930 2740 ferunt,
960 2708 993 2735 et
1034 2703 1194 2745 elegantes
1238 2704 1394 2735 orationes
1430 2709 1526 2746 atque
1560 2703 1711 2739 facundas

234 2765 435 2798 componere.
480 2755 536 2786 So.
556 2755 664 2787 Teneo
676 2755 754 2798 jam.
778 2757 864 2799 atqui
881 2757 996 2799 etipse
1013 2757 1095 2789 idem
1120 2758 1213 2789 modo
1230 2758 1369 2790 dicturus
1392 2767 1488 2790 eram.
1531 2757 1657 2799 Nempe
1673 2758 1707 2789 hi

238 2815 323 2847 suut,
338 2819 358 2840 o
373 2809 472 2846 Crito,
488 2819 567 2852 quos
583 2809 736 2841 Prodicus
750 2810 831 2842 inter
846 2811 1068 2853 philosophum
1092 2811 1282 2854 civilemque
1306 2811 1401 2842 virum
1425 2810 1563 2846 confines
1586 2810 1708 2844 statuit.

237 2867 352 2906 putant
378 2863 412 2894 hi
435 2863 562 2906 quidem
587 2874 620 2895 se
643 2875 710 2895 esse
735 2864 874 2896 omnium
899 2865 1159 2908 sapientissimos,
1181 2871 1214 2898 et
1236 2865 1334 2897 videri
1348 2871 1499 2908 praeterea
1519 2863 1597 2895 tales
1618 2865 1705 2906 apud

237 2917 503 2960 quamplurimos:
528 2918 609 2949 solos
624 2923 727 2951 autem
751 2919 958 2961 philosophos
975 2920 1203 2963 impedimento
1215 2919 1274 2952 sibi
1290 2930 1370 2960 esse,
1391 2929 1455 2961 quo
1470 2917 1572 2949 minus
1586 2918 1626 2950 ab
1640 2928 1709 2950 om-

239 2972 331 3004 nibus
347 2983 436 3015 aeque
454 2972 635 3016 probentur.
680 2972 821 3006 censent
844 2972 963 3016 itaque,
987 2974 1013 3007 si
1037 2985 1233 3007 communem
1257 2974 1401 3008 adversus
1424 2971 1628 3016 philosophos
1642 2972 1711 3014 opi-
