1846 3268
169 299 268 350 sss]
755 297 1052 338 CRATYLUS.
1154 312 1160 319 ι
1549 306 1625 344 315

166 415 233 441 turn
249 413 352 441 autem
378 407 410 439 in
435 407 499 439 duo
523 410 573 438 est
598 415 707 442 unum,
731 410 766 437 ut
788 405 943 443 dicebam,
968 416 1094 443 nomen,
1117 406 1148 436 iu
1167 406 1230 437 Dia
1251 406 1398 441 vidciicet
1420 412 1514 448 atque
1536 409 1623 441 Zina-

168 463 263 494 Hunc
277 461 400 493 Saturni
423 460 520 491 filium
543 459 647 491 subito
667 470 738 492 cum
765 460 835 502 quis
849 460 969 498 audiat,
985 459 1064 491 forte
1087 459 1270 493 insolentem
1296 461 1619 505 contumeliosumque

161 516 288 558 putarit.
311 522 413 546 verum
436 513 598 556 probabile
623 519 684 555 est,
699 524 818 556 magnae
843 513 1004 555 cujusdam
1028 514 1243 556 intelligentiis
1269 515 1388 557 prolem
1411 515 1523 548 Jovem
1540 527 1620 548 esso·

159 569 245 612 quod
260 568 342 600 enim
358 578 446 600 coros
461 567 586 604 dicitur.
602 578 666 599 non
681 578 812 610 puerum
829 567 995 610 significat,
1012 568 1066 599 sed
1083 567 1249 609 puritatem
1266 569 1379 601 mentis
1394 570 1492 611 ipsius
1507 575 1540 601 et
1555 570 1621 602 sin-

158 632 261 654 ceram
274 622 497 664 integritatem.
540 621 598 653 Est
613 627 716 653 autem
732 622 758 653 is
769 621 891 663 Oranu,
907 621 938 652 id
957 626 1004 652 est
1017 620 1098 653 Coeli
1116 621 1208 663 filius,
1225 628 1259 653 ut
1274 623 1380 655 fertur.
1426 623 1556 666 Quippe
1572 634 1622 656 as-

160 680 270 717 pectus
281 675 320 707 ad
337 686 447 717 supera
462 676 570 707 merito
584 675 703 707 Orania
718 681 858 712 vocatur,
873 675 962 717 quasi
976 685 1076 712 orosa,
1091 675 1123 708 id
1139 681 1186 707 est
1201 676 1368 718 aspicieus,
1383 687 1455 714 ano,
1471 677 1504 709 id
1520 678 1620 710 estad

159 738 281 770 supera.
303 729 388 760 unde
410 729 575 767 affirmant,
603 729 836 771 Hermogenes,
851 729 872 760 ii
898 729 954 771 qui
979 729 1019 760 de
1047 729 1138 760 rebus
1168 730 1353 761 sublimibus
1375 736 1485 773 agunt,
1511 741 1618 773 puram

158 787 293 814 mentem
309 783 417 815 adesse
432 789 464 815 et
478 794 586 821 orario,
601 783 633 814 id
647 788 696 815 est
710 782 802 824 coelo,
815 782 886 824 jure
901 792 1015 813 nomen
1029 781 1224 823 impositum.
1248 782 1274 814 si
1287 788 1391 814 autem
1403 785 1618 826 genealogiam

156 836 283 868 deomrn
299 837 338 868 ab
354 837 495 868 Hesiodo
519 837 664 868 traditam
686 841 789 868 mente
807 841 955 874 tenerem,
970 840 1003 867 et
1017 846 1095 878 quos
1110 835 1236 869 istorum
1253 837 1466 879 progenitores
1480 838 1617 875 inducit,

156 890 344 927 recordarer,
354 890 595 932 haudquaquam
610 901 761 922 cessarem
777 890 940 921 ostendere
955 889 1012 920 tibi
1027 895 1110 921 recte
1126 889 1186 920 iliis
1201 890 1328 922 nomina
1342 890 1490 933 inscripta
1505 891 1614 931 fuisse,

154 943 261 984 quoad
277 943 370 986 hujus
380 943 542 986 sapientiae
557 944 727 986 periculum
743 943 890 984 facerem,
906 942 933 974 si
957 943 1034 985 quid
1056 943 1124 985 ipsa
1147 943 1290 984 proficiat
1306 950 1507 987 peragatque,
1522 951 1556 976 et
1569 956 1610 976 an

154 996 284 1028 deficiat
294 1007 404 1035 necne,
419 1007 489 1039 quae
504 997 582 1029 mibi
602 1003 665 1029 tam
681 997 798 1039 subito,
809 997 918 1039 ignoro
931 996 1078 1038 equidem
1096 998 1191 1034 unde,
1208 1008 1308 1039 nuper
1330 998 1444 1032 illuxit.
1489 999 1613 1031 Herm.

157 1049 303 1081 Profecto
318 1050 393 1081 mihi
407 1050 531 1088 videris,
545 1061 565 1081 ο
578 1051 733 1091 Socrates,
748 1051 842 1082 instar
856 1060 962 1082 eorum
977 1051 1033 1092 qui
1048 1051 1176 1082 numine
1191 1050 1365 1093 rapiuntur,
1382 1053 1525 1094 protinus
1543 1063 1612 1085 ora-

156 1102 228 1134 cula
238 1103 382 1135 fundere.
424 1104 477 1136 So.
500 1104 588 1135 Reor
598 1105 756 1147 equidem,
771 1115 791 1136 o
806 1103 1030 1146 Hermogenes,
1046 1104 1127 1136 hanc
1149 1104 1183 1136 in
1209 1115 1258 1136 me
1284 1105 1468 1147 sapientiam
1493 1107 1534 1138 ab
1549 1107 1618 1138 Eu·

157 1156 336 1200 tbyphrone
352 1157 520 1200 Prospaltii
535 1158 599 1189 atto
614 1167 787 1190 emanasse.
808 1157 854 1188 illi
869 1157 1024 1199 siquidem
1051 1157 1158 1189 adstiti
1182 1169 1200 1189 a
1224 1158 1376 1190 matutino
1390 1160 1544 1198 assiduus,
1559 1171 1616 1192 au*—

155 1221 266 1253 resque
279 1211 412 1253 porrexi.
457 1211 550 1243 Patet
564 1211 658 1253 igitur
672 1222 743 1243 euru
757 1211 817 1243 deo
833 1211 959 1253 [Aenum
973 1221 1036 1242 non
1049 1212 1143 1243 modo
1157 1222 1246 1243 aures
1258 1222 1342 1244 meas
1353 1213 1445 1244 beata
1461 1214 1617 1257 sapientia

153 1263 342 1306 implevisse,
370 1275 475 1296 verum
499 1265 592 1296 etiam
621 1265 758 1296 animum
784 1274 968 1306 occupasse.
1012 1265 1064 1296 Sic
1085 1265 1191 1307 itaque
1219 1266 1374 1307 agendum
1401 1267 1544 1305 arbitror,
1574 1273 1611 1299 ut

153 1318 249 1350 hodie
262 1318 388 1360 quidem
403 1324 526 1350 utamur
539 1318 619 1360 ipsa,
631 1323 663 1350 et
677 1319 809 1361 reliqua,
823 1329 894 1360 quae
908 1319 948 1350 ad
965 1319 1093 1350 nomina
1109 1320 1279 1361 pertinent,
1294 1320 1490 1362 indagemus.
1534 1321 1613 1353 Cras

154 1382 239 1409 vero,
253 1372 280 1403 si
303 1373 335 1403 in
360 1373 421 1405 hoc
442 1373 698 1410 consenserimus,
713 1372 905 1404 excutiamus
919 1382 988 1404 eam
1014 1372 1250 1415 expiemusque,
1274 1373 1411 1416 aliquem
1433 1376 1615 1415 perscrutati

151 1425 218 1456 sive
233 1425 423 1457 sacerdotem
438 1435 492 1456 seu
509 1425 691 1467 sophistam,
707 1425 761 1467 qui
787 1435 918 1467 purgare
931 1426 999 1457 haee
1015 1425 1129 1458 valeat.
1151 1425 1251 1469 [897]
1278 1427 1399 1459 Henna.
1424 1428 1528 1459 Probo
1544 1429 1613 1461 haec

150 1478 295 1516 maxime,
310 1479 464 1511 Socrates,
485 1479 688 1511 libentissime
703 1488 837 1521 namque
861 1489 932 1522 quae
955 1479 995 1511 de
1017 1479 1195 1512 nominibus
1221 1485 1338 1512 restant
1365 1482 1516 1515 audirem.
1559 1482 1614 1514 So.

151 1531 204 1564 Ita
219 1542 340 1574 prorsus
361 1533 527 1574 agendum.
574 1532 668 1565 Unde
692 1532 788 1574 igitur
810 1532 1003 1575 potissimum
1030 1534 1255 1565 exordiendum
1278 1534 1419 1576 judieas,
1447 1540 1613 1578 postquam

152 1584 315 1617 scrinulum
330 1587 487 1628 quandam
510 1586 773 1628 praescripsimus:
798 1591 835 1617 ut
857 1596 1091 1627 pernoscamus,
1107 1587 1134 1617 si
1159 1587 1254 1618 etiam
1282 1587 1410 1618 nomina
1431 1588 1522 1619 nobis
1546 1589 1613 1629 ipsa

153 1642 307 1670 testantur
322 1650 385 1670 non
407 1650 481 1671 casu
503 1641 640 1681 quodam
664 1640 747 1672 facta
767 1639 875 1676 fuisse,
893 1650 999 1671 verum
1022 1640 1241 1672 rectitudinem
1264 1641 1400 1683 aliquam
1426 1642 1613 1674 continere?

156 1691 295 1724 Nomina
306 1693 435 1735 quidem
451 1694 576 1725 heroum
592 1699 686 1736 atque
701 1693 860 1725 hominum
875 1704 932 1725 nos
943 1693 1021 1726 sorte
1036 1695 1228 1736 deciperent.
1252 1695 1360 1726 horum
1372 1705 1506 1737 namque
1517 1695 1616 1726 multa

154 1747 325 1779 secundum
337 1753 544 1789 cognomenta
560 1747 708 1789 majorum
726 1748 828 1790 posita
839 1752 924 1789 sunt,
937 1754 970 1780 et
981 1758 1063 1790 saepe
1075 1759 1271 1791 nequaquam
1287 1749 1489 1786 conveniunt,
1504 1760 1613 1791 quem-

152 1801 321 1832 admodum
337 1801 370 1832 in
396 1801 549 1843 principio
571 1801 717 1834 diximus.
761 1801 867 1833 Multa
877 1810 949 1833 vero
964 1803 1003 1833 ad
1019 1807 1125 1833 votum
1141 1802 1281 1834 homines
1306 1803 1435 1834 uomina
1459 1803 1611 1840 tribuunt,

155 1859 190 1886 ut
204 1854 427 1898 Eutychidem,
443 1854 575 1893 Sosiam,
594 1855 819 1897 Theophilum,
843 1855 877 1887 id
902 1862 950 1887 est
977 1867 1169 1898 prosperum,
1193 1861 1392 1895 servatorem,
1408 1857 1469 1888 deo
1493 1867 1612 1895 carum,

152 1908 276 1950 aliaque
287 1909 449 1950 permulta.
492 1909 581 1940 Talia
597 1909 703 1955 itaque
730 1909 995 1951 praetermittenda
1016 1920 1141 1943 censeo.
1163 1910 1279 1941 decens
1300 1910 1383 1941 enim
1405 1916 1611 1942 consentane-

154 1971 269 2004 umque
284 1961 416 1994 maxime
432 1962 563 2004 reperire
584 1973 651 2000 uos,
667 1973 737 2005 quae
762 1963 797 1994 in
811 1964 902 1994 rebus
918 1963 1113 2005 sempiternis
1129 1969 1161 1995 et
1175 1969 1292 1994 naturae
1307 1963 1417 1995 ordine
1432 1965 1611 1996 constitutis

150 2020 234 2047 recte
247 2021 319 2047 sunt
332 2015 447 2058 posita.
466 2025 539 2048 nam
554 2016 637 2048 circa
649 2016 708 2048 ista
721 2016 753 2048 in
774 2017 950 2049 condendis
970 2016 1148 2048 nominibus
1169 2018 1326 2049 studuisse
1350 2018 1482 2050 maxime
1504 2019 1610 2051 decet.

151 2068 246 2100 Forte
260 2079 330 2100 vero
346 2069 482 2111 ipsorum
496 2070 649 2102 nonnulla
664 2071 818 2102 diviniore
833 2071 967 2113 quadam
985 2072 1127 2113 potentia
1152 2082 1246 2114 quam
1267 2072 1402 2103 bumana
1427 2077 1501 2103 sunt
1521 2073 1610 2104 insti-

155 2126 235 2153 tuta.
279 2122 401 2155 Banu.
423 2124 574 2156 Praeclare
602 2125 676 2156 mihi
701 2124 788 2167 loqui
803 2125 930 2165 videris,
955 2136 974 2156 o
998 2125 1153 2158 Socrates.
1195 2125 1252 2157 So.
1274 2125 1392 2157 Nonne
1418 2137 1475 2168 par
1497 2131 1545 2157 est
1570 2128 1610 2158 al)

151 2175 227 2217 ipsis
252 2175 313 2210 diis
335 2176 488 2218 incipere,
513 2178 729 2221 rationemque
756 2178 942 2220 investigare
967 2189 1030 2220 qua
1055 2178 1103 2210 dii
1122 2178 1187 2210 thei
1213 2179 1317 2210 vocati
1345 2180 1440 2210 sunt?
1485 2179 1608 2213 nanu.

149 2229 284 2271 Nempe.
326 2230 383 2262 So.
406 2231 560 2273 Equidem
576 2233 620 2263 ita
634 2232 783 2274 conjicio.
828 2233 984 2264 Videntur
998 2232 1109 2274 utique
1124 2233 1199 2263 mihi
1215 2232 1395 2264 Graecorum
1414 2233 1505 2274 prisci
1529 2233 1606 2264 deos

147 2283 230 2314 solos
245 2289 368 2325 putasse
382 2295 447 2322 eos,
463 2296 541 2327 quos
556 2286 648 2317 etiam
664 2286 710 2317 his
725 2286 916 2328 temporibus
933 2287 1129 2319 barbarorum
1145 2285 1268 2327 plurimi
1279 2285 1477 2326 arbitrantur,
1491 2286 1607 2324 Solem,

146 2336 279 2378 Lunam,
290 2337 427 2381 Terram,
441 2339 566 2380 Stenas,
581 2339 713 2372 coelum.
758 2340 839 2372 Cum
865 2350 939 2381 ergo
966 2341 1032 2371 bzec
1053 2339 1159 2371 omnia
1185 2345 1337 2381 perpetuo
1362 2338 1396 2370 in
1422 2349 1513 2371 cursu
1538 2350 1607 2371 esse

147 2391 378 2432 conspicerent,
393 2393 433 2423 ab
446 2393 504 2425 hac
521 2398 630 2424 natura
647 2393 727 2434 thin,
743 2393 777 2425 id
785 2398 837 2424 est
851 2393 1007 2431 currendi,
1022 2394 1126 2434 meus,
1142 2393 1175 2424 id
1189 2397 1237 2424 est
1260 2393 1350 2430 deos,
1368 2392 1546 2424 nominasse
1563 2393 1608 2424 vi-

153 2444 283 2476 dentur:
306 2445 421 2478 deinde
436 2451 468 2478 ct
482 2445 561 2478 alios
576 2447 870 2485 animadvertentes,
884 2458 993 2479 omnes
1011 2447 1124 2478 eodem
1150 2446 1275 2478 nominc
1290 2456 1498 2487 nuncupasse.
1542 2446 1610 2478 Ha·

149 2496 207 2528 bet
220 2498 304 2538 quod
319 2498 391 2530 dico
404 2499 570 2531 verisimile
582 2500 714 2542 aliquid,
730 2511 829 2537 necue
842 2501 854 2531 ?
899 2500 1022 2533 Hans«.
1045 2499 1151 2530 Habet
1162 2504 1257 2531 certe.
1300 2499 1356 2531 So.
1379 2499 1465 2537 Quid
1478 2501 1610 2542 posthac

152 2549 429 2592 investigandum?
469 2552 617 2592 Constat,
630 2554 671 2585 de
701 2553 896 2585 daemonibus
923 2553 1128 2594 heroibusque
1155 2557 1188 2584 et
1208 2552 1384 2584 hominibus
1407 2554 1608 2594 quaerendum

152 2612 232 2635 esse.
278 2603 399 2636 Euan.
421 2604 472 2636 De
487 2606 681 2638 daemonibus
697 2607 844 2649 primum.
887 2607 946 2641 So.
970 2607 1083 2639 Procul
1100 2606 1210 2644 dubio,
1226 2605 1451 2649 Hermogenes,
1463 2607 1540 2650 quid
1553 2608 1610 2639 sibi

151 2657 219 2688 vult
246 2657 422 2689 daemonum
449 2659 586 2691 nomen?
620 2660 831 2692 animadverte
851 2672 927 2693 num
952 2660 1071 2702 aliquid
1097 2661 1212 2691 dicam.
1256 2659 1379 2693 Hznu.
1411 2660 1476 2692 Dic
1503 2662 1608 2693 modo.

154 2710 212 2743 So.
246 2711 355 2743 Scisue
379 2722 459 2757 quos
487 2712 644 2745 Hesiodus
672 2715 829 2745 daemones
854 2725 922 2746 esse
951 2714 1076 2756 inquit?
1121 2713 1242 2745 Henna.
1265 2712 1352 2745 Non.
1405 2713 1463 2744 So.
1495 2713 1610 2755 Neque

154 2764 261 2807 etiam,
274 2766 358 2807 quod
373 2776 498 2797 aureum
515 2777 613 2808 genus
627 2767 788 2799 bominum
807 2768 910 2811 inquit
934 2768 967 2799 in
991 2767 1146 2810 principio
1169 2767 1345 2799 exstitisse?
1390 2767 1512 2799 Euam.
1537 2767 1609 2797 Hoc

152 2818 299 2860 equidem
315 2819 400 2850 novi.
444 2819 498 2854 so.
520 2820 578 2851 Ait
598 2821 692 2858 enim,
707 2832 745 2852 ex
765 2822 829 2853 hoc
854 2831 966 2863 genere
989 2826 1061 2863 post
1077 2821 1236 2863 praesentis
1251 2821 1323 2852 vitae
1339 2820 1403 2852 sata
1418 2820 1483 2851 fieri
1508 2820 1605 2861 [398]

152 2870 311 2904 daemones
335 2878 472 2911 sanctos,
488 2879 655 2910 terrestres,
672 2875 819 2916 optimos,
833 2875 980 2907 malorum
1005 2876 1183 2917 expulsores
1203 2880 1238 2907 et
1262 2875 1408 2907 custodes
1435 2874 1607 2905 bominum.

157 2924 279 2958 nanu.
302 2926 388 2964 Quid
412 2928 501 2959 tum?
545 2927 602 2961 So.
626 2927 752 2970 Nempe
773 2929 904 2961 arbitror
920 2939 1029 2961 vocare
1045 2930 1130 2960 illum
1147 2940 1272 2960 aureum
1290 2939 1387 2970 genus
1403 2938 1465 2958 non
1480 2937 1516 2957 cx
1533 2936 1606 2957 auro

155 2979 373 3023 constitutum,
387 2981 442 3013 scd
457 2981 575 3014 bonum
591 2986 684 3023 atque
700 2982 893 3024 praeclarum.
915 2983 1000 3026 quod
1018 2983 1090 3014 inde
1105 2982 1253 3024 conjicio.
1277 2992 1374 3023 genus
1396 2984 1531 3012 nostrum
1548 2979 1607 3010 ser·
