1846 3268
187 261 263 299 148
790 258 1055 300 PLATONJS
1592 263 1665 315 [45

185 364 296 406 luisse,
309 363 411 404 nobis¹
426 373 490 406 quo
505 363 538 395 id
551 372 670 406 ageres,
694 363 782 394 omni
797 363 905 396 studio
921 364 1198 396 contendentibus.
1244 365 1301 396 So.
1325 363 1413 402 Quid
1431 373 1503 396 vero
1526 375 1544 396 a
1560 364 1665 403 nobis,

188 429 208 449 o
225 418 316 449 beate
331 418 431 456 Crito,
457 419 534 449 tanti
552 418 636 459 vulgi
648 417 758 459 opinio
784 418 976 449 aestimatur?
1002 418 1209 460 probatissimi
1225 418 1309 450 enim
1326 419 1394 457 viri,
1419 429 1551 461 quorum
1566 419 1666 461 magis

187 472 335 503 habenda
349 471 428 505 ratio
443 478 502 509 est,
517 472 585 504 haec
601 473 644 509 ita
660 476 748 514 gesta
763 481 843 508 esse,
870 477 906 503 ut
927 476 1015 513 gesta
1031 477 1116 509 sunt,
1132 473 1375 506 arbitrabuntur.
1422 473 1486 505 Cn.
1510 473 1662 505 Attamen

187 525 291 567 vides,
317 537 336 557 o
351 526 507 567 Socrates,
530 526 680 568 compelli
707 536 764 557 nos
789 526 970 567 opinionem
994 536 1122 569 quoque
1136 526 1222 569 vulgi
1247 537 1365 560 curare.
1389 528 1556 569 praesentia
1577 527 1662 559 enirn

189 580 258 611 haec
274 581 446 620 declarant,
459 591 550 622 posse
566 580 678 622 vulgus
698 591 764 610 non
790 579 917 611 minima
934 579 1096 618 malorum,
1120 581 1217 612 immo
1233 581 1296 613 fere
1319 581 1465 618 maxima,
1491 582 1517 612 si
1543 581 1613 624 quis
1629 582 1663 612 in

189 634 312 676 populo
327 634 492 666 calumniis
508 634 654 676 agitetur,
675 634 799 666 inferre.
843 634 901 666 So.
925 633 1069 672 Utinam,
1095 645 1116 666 o
1143 635 1242 672 Crito,
1269 641 1377 677 posset
1390 635 1502 678 vulgus
1528 635 1663 667 maxima

188 687 302 720 inferre
319 688 411 726 mala,
427 693 463 720 ut
478 687 616 720 vicissim
631 689 765 720 maxima
778 693 886 730 posset
901 689 996 720 bona.
1021 694 1053 719 et
1069 688 1150 720 bene
1165 689 1293 731 quidem
1309 699 1342 720 se
1359 699 1407 720 res
1419 689 1559 720 haberet.
1582 699 1661 720 neu-

189 747 270 773 trum
286 753 358 773 vero
375 748 502 785 potest3
526 742 646 785 quippe
663 753 734 775 cum
749 753 853 784 neque
869 742 1068 784 prudentem,
1094 753 1197 785 neque
1223 743 1454 785 imprudentem
1471 743 1592 774 efficere
1607 753 1662 774 va-

188 796 265 829 leat.
287 796 409 829 faciunt
424 807 496 828 vero
511 797 689 839 quodlibet,
707 802 869 838 utcunque
883 796 1049 838 contingit.
1095 796 1159 829 Cn.
1185 797 1264 828 Haec
1277 796 1404 839 quidem
1416 796 1460 828 ita
1472 807 1505 828 se
1515 797 1663 828 habeant.

187 849 240 882 Ad
259 850 290 881 id
304 862 388 890 vero,
405 851 560 888 Socrates,
585 851 660 882 mihi
676 851 845 893 responde,
867 861 940 882 num
966 851 1046 883 forte
1070 850 1132 883 mei
1160 856 1395 893 ceterorumque
1418 850 1661 883 necessariorum

190 909 312 935 tuorum
330 895 489 947 respectus
506 910 535 937 te
559 906 684 943 retinet,
710 916 764 946 ne,
782 906 806 937 si
823 905 896 937 hinc
920 905 1064 943 evaseris,
1081 905 1322 937 calumniatores
1336 916 1394 936 nos
1411 912 1520 947 postea
1535 910 1663 943 vexent,

188 958 279 1001 quasi
296 964 326 991 tc
341 959 415 991 hinc
439 959 532 990 furati
556 958 704 990 fuerimus
719 971 726 990 ι
750 970 961 1002 cogamurque
976 957 1039 991 vel·
1050 965 1150 991 totum
1175 959 1408 1002 patrimonium,
1425 959 1474 991 vel
1492 959 1661 1001 permultas

188 1013 340 1054 pecunias
359 1013 512 1051 amittere,
530 1013 580 1044 vei
603 1018 716 1056 praeter
738 1014 807 1046 haec
822 1013 907 1045 aliud
924 1014 1087 1056 quippiam
1106 1013 1183 1056 pati.
1227 1013 1352 1056 Siquid
1371 1013 1433 1046 tale
1456 1013 1560 1054 times,
1583 1011 1665 1056 [45]

188 1078 292 1099 curam
309 1066 466 1109 ejusmodi
482 1076 575 1110 pone.
594 1067 716 1110 justum
738 1077 873 1110 namque
889 1074 950 1105 est,
974 1079 1032 1099 nos
1055 1074 1118 1099 tuae
1143 1068 1252 1100 salutis
1280 1068 1380 1110 gratia
1394 1078 1456 1098 non
1473 1068 1533 1099 hoe
1547 1067 1662 1106 solum,

188 1130 293 1153 verum
309 1122 416 1159 etiam,
433 1122 459 1153 si
475 1123 662 1164 oportuerit,
675 1121 776 1164 majus
792 1123 877 1154 aliud
895 1122 998 1154 subire
1014 1122 1201 1164 periculum.
1246 1122 1367 1154 Verum
1382 1122 1455 1153 mibi
1467 1121 1664 1164 obtempera,

186 1185 291 1218 neque
306 1176 397 1208 aliter
410 1176 519 1209 facias.
561 1177 617 1209 So.
640 1177 682 1209 Et
697 1178 764 1210 hoec
778 1177 926 1220 equidem
953 1182 984 1209 et
1000 1177 1061 1208 alia
1085 1177 1194 1215 multa,
1216 1188 1235 1208 ο
1251 1176 1352 1214 Crito,
1375 1175 1550 1208 considero.
1595 1174 1662 1208 Cn.

187 1231 240 1263 Ne
255 1231 349 1273 igitur
361 1231 429 1263 haec
446 1242 579 1263 vereare.
603 1242 706 1274 neque
721 1232 806 1264 enim
821 1231 952 1263 multum
968 1237 1017 1263 est
1041 1237 1216 1274 argentum,
1239 1231 1326 1275 quod
1353 1231 1515 1273 postulant
1534 1229 1582 1272 hi,
1603 1229 1663 1273 qui

187 1292 310 1317 servare
322 1290 354 1317 te
369 1291 464 1328 atque
479 1285 555 1318 hinc
575 1286 710 1319 educere
726 1286 927 1329 pollicentur.
971 1286 1072 1318 Vides
1095 1291 1260 1329 praeterea,
1285 1297 1380 1329 quarn
1399 1291 1508 1325 tenues
1530 1284 1594 1316 sint
1607 1295 1662 1317 ca-

188 1339 390 1372 lumniatores
416 1340 473 1378 tui,
500 1346 536 1372 ut
558 1351 623 1372 non
638 1351 754 1383 magna
779 1340 818 1372 ad
844 1350 898 1372 eos
924 1340 1096 1382 placandos
1123 1339 1286 1381 largitione
1311 1339 1352 1371 sit
1365 1349 1458 1382 opus.
1499 1337 1572 1370 Tibi
1587 1348 1660 1370 vero

187 1394 332 1435 pecunia:
348 1395 463 1426 adsunt
478 1405 567 1433 mem,
583 1396 623 1426 ad
640 1396 712 1433 hoc,
726 1399 761 1426 ut
778 1395 902 1438 opinor,
917 1395 1118 1427 sufficientes.
1164 1394 1301 1426 Proinde
1316 1394 1342 1425 si
1358 1405 1421 1437 quo
1437 1392 1499 1425 mei
1514 1398 1659 1435 respectu

186 1448 344 1480 adductus
358 1456 422 1480 non
438 1454 530 1491 putas
543 1459 628 1480 meas
645 1448 794 1491 pecunias
809 1448 996 1490 erogandas,
1011 1448 1127 1479 adsunt
1141 1446 1281 1490 hospites
1294 1447 1347 1479 isti
1359 1446 1458 1490 parati
1473 1446 1661 1489 persolvere.

186 1511 319 1544 quorum
337 1512 418 1534 unus
430 1503 526 1535 etiam
547 1503 609 1536 huc
621 1503 728 1535 attulit
743 1503 948 1535 sufficientem
965 1502 1143 1545 pecuniam,
1159 1502 1199 1534 ad
1214 1502 1275 1534 hoc
1288 1502 1394 1544 ipsum
1411 1506 1562 1544 paratam,
1577 1500 1661 1533 Sim-

187 1555 265 1588 mias
277 1555 458 1589 Thebanus.
479 1557 520 1589 ad
540 1557 604 1593 hoc
618 1556 720 1599 ipsum
736 1561 875 1599 promtus
900 1561 996 1588 estet
1020 1556 1135 1595 Cebes,
1159 1555 1276 1599 aliique
1292 1556 1451 1599 permulti.
1495 1556 1661 1595 Quamob-

186 1617 265 1651 rem,
277 1615 313 1642 ut
327 1611 422 1642 modo
436 1611 592 1649 dicebam,
615 1611 695 1643 nihil
711 1611 773 1643 tale
789 1616 922 1653 metuas,
945 1622 1010 1653 quo
1026 1611 1128 1643 minus
1152 1621 1255 1643 serves
1275 1610 1423 1653 teipsum.
1467 1611 1530 1644 Sed
1552 1621 1658 1654 neque

187 1665 282 1696 etiam
298 1664 389 1704 illud,
404 1667 489 1709 quod
507 1666 539 1700 in
550 1665 676 1708 judicio
691 1665 813 1703 dixisti,
840 1670 872 1698 te
894 1670 1076 1703 remoretur,
1090 1666 1117 1697 si
1131 1666 1190 1697 hac
1213 1666 1290 1696 urbe
1305 1666 1417 1707 exires,
1443 1676 1506 1708 quo
1522 1666 1662 1708 teipsum

187 1724 323 1752 verteres
338 1725 370 1752 te
385 1720 515 1753 minime
531 1720 721 1753 habiturum.
744 1720 814 1752 aliis
827 1720 911 1752 enim
927 1720 1031 1752 multis
1046 1720 1079 1752 in
1094 1720 1171 1751 locis
1186 1730 1376 1762 quocunque
1386 1720 1545 1762 profectus
1553 1719 1662 1762 fueris,

188 1779 221 1805 te
244 1774 387 1806 homines
409 1775 537 1807 colent:
561 1785 598 1807 ac
619 1774 645 1807 si
661 1775 739 1807 velis
762 1774 797 1806 in
817 1774 1012 1807 Thessaliam
1033 1779 1065 1807 te
1090 1774 1243 1813 conferre,
1269 1774 1404 1816 reperies
1428 1774 1495 1807 illic
1519 1773 1661 1817 hospites

187 1839 287 1865 meos,
300 1829 356 1871 qui
373 1834 403 1861 te
419 1829 545 1872 plurimi
567 1829 700 1862 libenter
722 1829 927 1862 libentissime
954 1829 1225 1872 complectentur3
1248 1834 1413 1871 tutumque
1437 1829 1583 1871 praesidio
1601 1839 1660 1861 suo

187 1882 269 1914 adeo
281 1883 425 1922 reddent,
443 1888 477 1915 ut
493 1894 586 1916 nemo
599 1884 632 1916 in
646 1884 808 1916 Thessalia
830 1884 886 1916 tibi
908 1883 1054 1926 injuriam
1070 1884 1111 1915 sit
1125 1884 1274 1917 facturus.
1319 1883 1456 1915 Accedit
1477 1884 1517 1915 ad
1533 1884 1614 1922 haec,
1636 1895 1658 1916 ο

186 1937 343 1979 Socrates,
358 1938 443 1980 quod
459 1949 523 1970 rem
539 1939 668 1971 minime
679 1939 798 1981 justam
814 1939 942 1980 aggredi
959 1939 1085 1977 videris,
1098 1938 1135 1976 si,
1150 1949 1222 1971 cum
1237 1938 1343 1970 salvus
1359 1949 1427 1969 esse
1447 1938 1559 1980 possis,
1574 1938 1659 1980 teip-

187 2001 255 2024 sum
272 1991 397 2033 perdas,
413 1992 550 2035 taliaque
561 1998 670 2025 contra
686 1997 717 2025 te
731 1993 834 2025 facere
849 1994 989 2032 studeas,
1013 1993 1117 2036 qualia
1137 1993 1254 2026 inimici
1278 1992 1339 2036 ipsi
1354 1991 1401 2024 tui
1415 1993 1659 2034 contenderent,

187 2046 492 2090 contenderuntque,
510 2053 540 2079 te
554 2048 682 2089 perdere
696 2053 915 2090 properantes.
959 2048 1098 2080 Proinde
1115 2048 1196 2080 filios
1210 2059 1338 2091 quoque
1353 2052 1424 2079 tuos
1439 2048 1571 2090 perdere
1581 2045 1660 2079 mihi

186 2100 311 2134 videris.
333 2111 414 2144 quos
427 2112 499 2134 cum
515 2101 611 2135 liceat
625 2101 683 2134 tibi
698 2103 832 2134 educare
847 2108 943 2145 atque
957 2102 1094 2141 erudire,
1120 2103 1238 2135 deseris
1252 2102 1394 2141 omnino,
1409 2107 1442 2135 et
1456 2107 1608 2144 quantum
1622 2101 1659 2134 in

186 2159 230 2192 te,
246 2165 354 2187 eorum
369 2166 468 2188 mores
483 2156 616 2188 fortunae
631 2157 813 2190 committis.
856 2156 1018 2189 Accident
1033 2168 1106 2189 vero
1118 2158 1163 2189 eis
1178 2157 1396 2195 verisimiliter,
1411 2157 1518 2199 qualia
1531 2156 1657 2189 evenire

188 2209 335 2250 orphanis
357 2216 599 2244 consueverunt.
644 2211 792 2244 Profecto
820 2212 986 2255 oportebat
1010 2222 1076 2243 non
1097 2212 1242 2254 genuisse
1266 2211 1372 2252 filios3
1394 2211 1499 2244 autin
1518 2211 1564 2243 eis
1578 2210 1657 2245 edu·

186 2263 297 2295 caudis
312 2264 555 2309 erudiendisque
571 2265 708 2298 laborem
729 2277 793 2298 non
820 2276 973 2299 recusare⁴
1016 2266 1066 2298 Tu
1083 2277 1154 2299 vero
1177 2267 1255 2300 mihi
1269 2266 1396 2305 videris,
1421 2276 1493 2308 quae
1510 2265 1659 2308 elegisset

186 2316 234 2349 vir
247 2317 353 2360 segnis
368 2329 404 2351 ac
419 2319 518 2362 piger,
533 2330 618 2352 nunc
633 2320 783 2363 elegisse:
807 2321 943 2353 decebat
957 2326 1061 2352 autem
1074 2326 1182 2352 contra
1196 2321 1254 2352 viri
1269 2320 1343 2352 boni
1355 2320 1505 2362 fortisque
1517 2319 1656 2362 eligere3

186 2373 357 2413 praesertim
374 2378 418 2414 te,
435 2384 489 2416 per
504 2384 628 2406 ornnem
646 2375 741 2406 vitam
763 2375 884 2407 virtutis
899 2375 1038 2407 studium
1054 2375 1265 2416 profitentem.
1310 2374 1424 2416 Itaque
1439 2384 1503 2405 non
1525 2383 1654 2416 possum

186 2429 241 2457 tua
255 2432 422 2470 nostraque
438 2427 520 2470 vice,
534 2429 732 2461 familiarium
748 2435 884 2471 tuorum,
899 2440 962 2461 non
978 2430 1172 2466 erubescere,
1189 2429 1318 2467 veritus,
1331 2439 1370 2460 ne
1381 2433 1448 2460 tota
1458 2428 1526 2460 haec
1541 2438 1590 2460 res
1600 2431 1656 2460 tua

184 2479 312 2521 ignavia
325 2482 461 2523 quadarn
477 2488 583 2515 nostra
599 2484 644 2516 sic
664 2489 796 2516 tractata
819 2485 914 2516 fuisse
931 2484 1082 2516 videatur.
1127 2483 1170 2515 Et
1194 2483 1327 2526 primum
1351 2483 1479 2526 quidem
1502 2483 1559 2516 ille
1578 2488 1655 2516 tuno

186 2533 219 2565 in
231 2533 388 2576 judicium
404 2535 573 2578 ingressus,
589 2548 661 2570 cum
677 2539 785 2571 liceret
799 2550 863 2570 non
879 2539 1023 2581 ingredi;
1046 2539 1162 2571 deinde
1177 2538 1368 2570 concertatio
1390 2538 1460 2580 ipsa
1478 2537 1596 2580 judicii
1615 2536 1656 2569 si-

186 2587 301 2619 militer
314 2596 405 2630 acta,
429 2596 461 2622 et
475 2597 630 2624 extremus
645 2593 696 2625 hic
711 2593 794 2636 finis,
808 2599 957 2635 tanquam
973 2592 1137 2625 ridiculum
1154 2592 1317 2635 quiddam,
1342 2603 1397 2634 per
1412 2591 1568 2634 ignaviam
1583 2602 1654 2635 seg-

185 2643 359 2686 nitiemque
373 2651 510 2678 nostram
523 2647 669 2690 effugisse
694 2647 772 2692 [46]
795 2659 854 2680 nos
869 2648 1038 2690 videbitur,
1053 2648 1139 2690 quod
1157 2658 1215 2680 nec
1232 2658 1289 2679 nos
1303 2652 1333 2679 te
1349 2646 1584 2683 servaverimus,
1596 2655 1655 2678 ne-

185 2707 248 2739 que
264 2703 298 2729 tu
311 2698 378 2740 ipse
391 2703 432 2737 te,
450 2711 520 2732 cum
532 2701 566 2733 id
582 2702 647 2734 fieri
663 2703 781 2746 absque
797 2713 909 2745 magna
924 2702 1108 2735 difficultate
1125 2703 1274 2745 potuerit,
1285 2701 1311 2734 si
1327 2701 1376 2734 vel
1391 2712 1499 2743 parum
1513 2701 1548 2734 in
1563 2700 1654 2732 nobis

185 2762 260 2784 usus
275 2752 501 2796 industriaeque
517 2755 640 2790 suisset.
686 2757 766 2789 Haec
778 2758 885 2800 igitur,
901 2769 919 2789 o
935 2757 1089 2795 Socrates,
1101 2758 1277 2795 considera,
1292 2767 1333 2788 ne
1349 2762 1552 2798 praeterquam
1564 2754 1651 2797 quod

185 2806 267 2838 mala
283 2813 367 2849 sunt,
383 2809 478 2840 etiarn
494 2809 642 2842 dedecori
655 2811 710 2842 tibi
727 2813 880 2854 nobisque
895 2811 958 2844 sint
972 2823 980 2844 ε
1006 2813 1059 2843 sed
1076 2812 1132 2843 tibi
1147 2811 1287 2844 consule.
1311 2811 1406 2842 immo
1421 2820 1494 2842 vero
1509 2819 1574 2841 non
1584 2807 1653 2851 jam

185 2861 320 2903 amplius
333 2862 520 2894 consulendi
537 2869 673 2907 tempus,
687 2867 740 2898 sed
752 2867 930 2899 consultum
942 2867 1008 2909 jam
1024 2878 1091 2899 esse
1109 2867 1260 2909 oportuit.
1283 2866 1410 2898 unicum
1427 2873 1500 2896 vero
1524 2862 1654 2896 consili-

186 2926 238 2946 um
254 2920 324 2957 σείς
346 2916 494 2949 videlicet
509 2918 646 2950 venienti
663 2920 721 2952 hac
739 2927 831 2953 nocte
847 2926 961 2953 cuncta
979 2922 1045 2954 hoec
1069 2921 1152 2954 sacta
1177 2932 1245 2953 esse
1267 2927 1422 2963 oportere.
1468 2918 1524 2950 Sin
1546 2923 1651 2950 autern

186 2970 264 3002 ultra
282 2971 447 3010 tardamus,
461 2971 539 3003 nihil
557 2974 683 3006 omnino
702 2975 766 3007 fieri
783 2976 912 3008 ulterius
929 2977 1053 3019 pexerit,
1078 2976 1280 3020 quamobrem
1303 2974 1431 3007 omnino
1449 2973 1525 3006 mihi
1540 2972 1656 3005 adhibe

1685 960 1698 975 l
