1846 3268
174 294 274 346 223]
756 288 1039 329 soPffls'rA.
1564 291 1646 329 343—

178 399 300 432 rudem.
322 398 465 441 intelligo
482 395 640 440 equidem,
665 406 730 427 non
747 402 890 438 oportere
906 396 1007 434 illum,
1022 394 1077 438 qui
1102 394 1149 427 ita
1169 399 1309 434 vocatur,
1322 395 1455 427 inertem
1479 406 1560 438 esse,
1583 396 1639 427 sed

177 458 242 485 arte
256 454 390 496 quadam
414 453 608 484 instructum.
652 450 719 483 Ηο.
743 451 816 488 Qua
844 450 939 492 igitur
961 450 1050 481 arte?
1073 449 1218 492 nunquid
1241 450 1392 481 hactenus
1414 450 1635 492 cognationem

178 507 306 538 istorum
322 511 460 539 mutuam
476 504 710 548 ignorabimus?
754 504 844 536 Tris.
868 504 1034 542 Quorum?
1077 504 1147 537 Ηο.
1170 503 1348 535 Hamatoris
1369 508 1463 546 atque
1478 503 1638 545 sophistae.

174 560 261 593 ΤΚΒ.
286 559 581 598 Quemadmodum?
629 558 697 590 Ho.
718 558 895 590 Venatores
916 558 1045 600 quidam
1060 568 1127 589 esse
1141 557 1219 588 mihi
1245 558 1336 589 ambo
1352 557 1508 589 videntur.
1549 557 1639 589 Tua.

174 614 279 652 Quam
305 615 444 656 praedam
469 614 521 646 hic
546 613 624 645 alter
651 611 852 654 insequitur?
875 612 916 643 de
939 612 1035 643 altero
1059 621 1194 653 namque
1217 611 1362 645 diximus.
1406 611 1474 644 Ηο.
1498 611 1641 644 Praedam

181 667 356 699 universam
376 667 519 699 bifariam
534 666 641 709 partiti
663 676 780 703 sumus,
795 665 830 696 iu
845 670 1004 697 natantem
1019 670 1114 707 atque
1128 665 1329 707 gressibilem.
1372 665 1460 698 Tua.
1483 665 1643 698 Profecto.

179 721 247 754 Ηο.
269 722 313 754 Et
327 722 536 759 venationem,
550 731 622 763 quae
637 720 778 752 natantia
793 719 1006 760 aquatiliaque
1022 718 1229 760 persequitur,
1243 719 1399 761 prosecuti
1414 729 1519 750 sumus
1533 730 1542 750 ι
1569 729 1639 751 eam

180 786 266 813 vero,
281 786 351 818 quae
367 774 548 817 gressibilia,
574 772 838 816 praetermisimus,
854 772 980 814 quodve
1004 771 1167 813 multiplex
1189 776 1283 812 esset,
1302 771 1512 813 adjunximus.
1554 772 1642 804 Tan.

183 829 281 872 [222]
305 828 418 861 Procul
444 828 552 860 dubio.
596 827 663 859 Ho.
687 826 852 858 Hactenus
866 827 1006 856 hamator
1020 829 1053 856 et
1067 825 1207 866 sophista
1222 826 1262 856 ab
1284 830 1349 857 arte
1375 825 1534 857 venatoria
1555 836 1645 868 aeque

183 883 429 925 proficiscuntur.
458 881 545 914 Tun.
567 881 725 913 Videntur
739 890 825 912 sane.
857 879 923 911 Ho.
947 878 1001 910 Ab
1011 879 1192 911 animalium
1202 879 1367 911 venatione
1379 879 1507 922 quidam
1516 879 1550 911 in
1562 889 1646 911 mare

186 937 360 976 descendit,
374 937 566 979 fluminaque
581 940 614 967 et
628 936 725 974 lacus,
740 940 773 967 et
786 935 822 967 in
836 934 884 966 his
898 933 1045 966 animalia
1056 933 1125 976 ipsa
1138 939 1277 965 venatur.
1298 934 1385 967 an..
1409 933 1529 972 Quidni
1543 933 1555 964 ἓ
1578 933 1645 966 Ηο.

192 992 331 1030 Quidam
345 996 450 1023 autem
465 991 498 1022 iu
514 997 607 1022 terras
622 994 655 1021 et
668 989 748 1021 alios
761 989 886 1027 fluvios,
903 989 988 1021 velut
1003 988 1037 1020 in
1052 993 1140 1031 prata
1154 989 1297 1030 quaedam
1305 987 1472 1030 juventute
1487 992 1520 1019 et
1529 987 1647 1019 divitiis

186 1044 390 1082 abundantia,
403 1043 438 1075 in
452 1043 500 1074 his
513 1042 659 1074 animalia
670 1047 862 1085 captaturus.
905 1043 993 1074 Tus.
1016 1042 1089 1080 Quo
1103 1047 1195 1084 pacto
1208 1042 1219 1073 ἓ
1265 1041 1332 1074 Ηο.
1356 1041 1557 1078 Venationis,
1568 1050 1648 1084 ,quae

190 1104 271 1131 terra
285 1098 332 1135 fit,
347 1098 418 1129 duae
434 1097 567 1128 maxime
580 1101 684 1139 partes
707 1101 792 1130 sunt.
836 1096 924 1129 Tur..
946 1096 1057 1135 Qualis
1082 1096 1238 1139 utraque?
1282 1096 1350 1128 Ho.
1373 1096 1447 1128 Una
1461 1094 1648 1127 domestico-

190 1163 278 1193 rum5
301 1151 465 1194 agrestium
491 1151 599 1183 altera.
641 1150 729 1183 Tim.
752 1150 806 1181 An
835 1154 884 1182 est
910 1150 975 1181 ulla
1004 1149 1246 1181 domesticorum
1281 1148 1429 1180 venatio?
1473 1148 1540 1180 Ηο.
1561 1148 1651 1180 Pone

193 1217 264 1249 quae
300 1206 414 1243 dicam,
443 1210 478 1236 ut
507 1205 604 1236 lubet.
637 1209 692 1236 aut
720 1203 804 1236 enim
840 1208 888 1235 est
915 1204 1009 1235 homo
1046 1203 1252 1236 domesticum
1284 1202 1410 1241 animal,
1447 1207 1503 1233 aut
1529 1202 1650 1233 nullum

194 1259 309 1292 animal
337 1264 385 1291 est
413 1259 638 1290 domesticum:
678 1258 728 1289 vel
755 1258 841 1289 aliud
865 1258 1023 1300 quoddam
1054 1261 1259 1295 mansuetum,
1288 1257 1381 1288 homo
1404 1262 1509 1288 autem
1538 1256 1653 1288 animal

194 1314 314 1345 ferum:
337 1313 403 1344 sive
429 1317 607 1344 mansuetus
633 1312 728 1343 homo
745 1311 885 1354 quidem,
899 1312 955 1343 sed
977 1311 1110 1342 hominis
1134 1311 1258 1342 venatio
1281 1310 1378 1343 nulla.
1423 1309 1471 1341 Ex
1494 1310 1542 1342 his
1565 1310 1651 1352 quod

194 1367 293 1409 magis
316 1367 373 1398 tibi
399 1371 561 1403 consonat,
584 1366 617 1397 in
647 1365 811 1407 praeseutia
840 1364 1023 1396 determina.
1065 1364 1152 1397 Tua.
1176 1364 1317 1395 Arbitror
1339 1364 1497 1406 equidem,
1527 1364 1653 1406 hospes,

194 1425 228 1451 et
264 1424 456 1451 mansuetum
494 1425 526 1451 et
562 1419 705 1451 venabile
744 1418 858 1450 animal
895 1429 963 1450 esse
998 1418 1166 1451 hominem.
1214 1418 1280 1450 Ηο.
1303 1417 1474 1461 Duplicem
1504 1423 1654 1461 praeterea

193 1472 431 1505 domesticorum
448 1473 644 1505 venationem
655 1472 830 1504 statuimus.
871 1472 960 1504 Tae.
982 1472 1055 1510 Qua
1067 1472 1209 1504 ratione?
1255 1471 1323 1506 Ηο.
1346 1472 1423 1503 Eam
1438 1482 1508 1514 quae
1519 1472 1650 1503 demon-

194 1526 342 1558 stratione
357 1526 453 1569 cogit,
469 1532 501 1559 et
514 1538 584 1570 quae
600 1526 714 1568 redigit
727 1527 760 1558 in
775 1526 965 1564 servitutem,
981 1527 1179 1569 tyrannidem
1201 1526 1340 1569 insuper,
1355 1531 1388 1558 et
1401 1526 1564 1558 militarem
1578 1536 1655 1569 cap·

194 1580 361 1622 tivitatem,
375 1586 490 1612 cuncta
502 1582 570 1612 haec
585 1581 754 1612 violentam
769 1580 976 1612 communiter
989 1580 1188 1612 venationem
1205 1581 1379 1612 asserimus.
1400 1580 1487 1611 Tua.
1511 1580 1656 1622 Optime.

194 1632 260 1667 Ηο.
284 1634 364 1671 Quae
378 1645 452 1666 vero
463 1634 640 1676 judicando
655 1635 691 1665 fit
707 1635 755 1666 vel
769 1634 989 1666 concionando
1005 1633 1054 1665 vel
1067 1634 1279 1670 conciliando,
1290 1634 1465 1665 summatim
1477 1634 1655 1676 persuasio-

195 1687 244 1718 nis
269 1687 433 1719 artificium
460 1698 689 1730 nuncupamus.
732 1688 820 1720 Tun.
841 1687 955 1720 Recte.
999 1687 1067 1719 Ho.
1090 1687 1195 1728 Hujus
1219 1688 1282 1719 duo
1307 1692 1380 1719 sunt
1401 1698 1525 1730 genera.
1567 1688 1658 1721 Tau.

201 1741 379 1778 Quaenam?
422 1742 490 1774 Ηο.
513 1742 680 1774 Publicum
697 1747 728 1774 et
740 1742 905 1783 privatum.
947 1741 1033 1773 Tmz.
1058 1740 1168 1773 Exstat
1178 1741 1299 1784 species
1313 1746 1456 1784 utraque.
1500 1741 1566 1773 Ηο.
1589 1741 1659 1772 Pri-

202 1799 282 1824 vatae
298 1805 399 1826 rursus
415 1796 622 1837 persuasionis
639 1796 763 1827 venatio
779 1800 834 1827 aut
849 1796 989 1827 mercede
1003 1795 1039 1826 fit
1054 1800 1108 1827 aut
1119 1796 1308 1827 muneribus.
1350 1796 1437 1827 Tar..
1461 1795 1556 1827 Haud
1566 1795 1662 1827 intel·

200 1846 276 1889 ligo.
320 1848 387 1881 Ηο.
409 1849 593 1882 Amatorum
616 1851 812 1882 venationem
838 1860 998 1892 nunquam
1025 1850 1234 1882 considerasse
1259 1850 1384 1881 videris.
1427 1849 1516 1881 THE.
1539 1850 1612 1887 Qua
1626 1849 1660 1880 in

200 1903 257 1933 re?
301 1902 368 1937 Ηο.
393 1903 487 1941 Quod
502 1904 577 1942 illis,
593 1916 672 1947 quos
683 1909 845 1947 ceperunt,
860 1915 989 1936 munera
996 1905 1125 1947 insuper
1135 1905 1294 1936 exhibent.
1338 1904 1426 1935 Tun.
1448 1904 1532 1936 Vera
1544 1914 1661 1935 narras.

202 1956 270 1988 Ηο.
293 1957 371 1989 Haec
396 1959 504 2000 itaque
535 1960 608 1990 artis
637 1960 793 1991 amatoriae
821 1959 944 2001 species
972 1964 1050 1991 esto.
1094 1959 1182 1991 Tne.
1205 1958 1295 1990 Esto.
1339 1958 1405 1990 Ηο.
1429 1958 1492 1990 Sed
1517 1968 1565 1998 ea,
1588 1969 1659 2001 quae

202 2011 346 2043 mercede
361 2011 408 2054 fit,
424 2018 479 2043 aut
491 2018 628 2044 versatur
642 2013 681 2044 ad
698 2013 840 2055 gratiam,
854 2013 1087 2055 voluptatisque
1098 2013 1258 2044 illecebras
1271 2017 1370 2055 parat,
1383 2018 1418 2044 ut
1429 2013 1503 2044 inde
1513 2013 1662 2045 alimenta

203 2074 260 2105 pro
275 2066 416 2097 mercede
432 2067 584 2098 duntaxat
598 2067 757 2109 accipiat;
780 2077 874 2109 quam
897 2067 1109 2098 adulationem
1132 2077 1293 2104 vocamus,
1309 2071 1405 2098 artem
1427 2067 1524 2110 [223]
1548 2066 1663 2110 volup-

205 2121 303 2149 tatum
320 2119 581 2152 machiuatricem.
623 2120 712 2152 THE.
738 2120 844 2152 Certe.
890 2120 955 2151 Ho.
980 2121 1049 2151 Aut
1065 2121 1185 2152 virtutis
1201 2121 1404 2152 ostendendae
1420 2121 1519 2162 gratia
1533 2132 1663 2153 conver-

203 2171 262 2202 sari
285 2181 318 2203 se
333 2172 504 2215 profitetur,
518 2179 550 2205 et
564 2184 618 2215 pro
634 2175 777 2206 mercede
793 2174 942 2216 pecunias
957 2175 1053 2216 exigit
1067 2186 1077 2214 ς
1099 2175 1194 2217 idque
1209 2185 1308 2216 genus
1323 2175 1385 2206 alio
1400 2175 1527 2206 nomine
1542 2186 1665 2207 nuncu-

202 2225 342 2265 pandum
357 2226 492 2258 videtur.
527 2226 615 2259 Tim.
640 2227 786 2264 Quidni?
826 2227 890 2260 Ho.
913 2227 1083 2264 Quonam?
1107 2228 1276 2269 exprimere
1293 2233 1389 2259 tenta.
1421 2228 1508 2260 Tun.
1530 2228 1664 2261 Constat

207 2277 312 2318 plane.
355 2278 532 2320 Sophistam
548 2289 682 2321 namque
693 2279 760 2321 jam
772 2280 922 2322 reperisse
937 2281 1095 2312 videmur:
1113 2289 1145 2312 et
1158 2282 1218 2313 hoc
1233 2292 1346 2313 nomen
1362 2282 1434 2314 huic
1447 2282 1577 2314 maxime
1587 2293 1664 2315 con-

208 2340 315 2372 gruere
331 2331 468 2364 arbitror.
492 2332 558 2366 Ho.
581 2333 628 2365 Ut
642 2344 680 2364 ex
695 2335 754 2365 hac
769 2334 983 2376 disputatione
998 2334 1165 2376 colligitur,
1176 2340 1310 2374 constat,
1324 2347 1344 2367 o
1358 2335 1532 2375 Theaetete,
1545 2337 1666 2379 sophis-

207 2384 299 2416 ticam
314 2386 493 2418 facultatem
510 2386 731 2429 appellandam
758 2398 825 2419 esse
840 2393 948 2430 artem,
962 2399 1032 2430 quae
1049 2389 1082 2420 in
1097 2389 1295 2420 conciliando
1310 2391 1582 2432 comparandoque
1598 2401 1666 2422 ver-

209 2443 304 2475 satur,
316 2440 556 2482 animaliumque
572 2441 777 2483 gressibilium
792 2446 825 2473 et
839 2447 1027 2474 terrenorum
1043 2443 1345 2485 domesticarumque
1355 2443 1480 2475 venatio
1494 2448 1551 2481 est,
1563 2443 1665 2475 horni-

209 2500 284 2522 num
306 2492 451 2525 videlicet
466 2495 584 2536 privata
606 2500 735 2537 captura
750 2495 790 2526 ob
806 2507 1000 2527 nummorum
1015 2498 1189 2528 mercedem
1205 2505 1236 2529 et
1247 2497 1400 2538 juvenum
1424 2498 1557 2529 divitum
1573 2503 1667 2539 atque

210 2545 362 2577 nobilium
389 2548 538 2589 opinione
562 2549 684 2580 virtutis
709 2550 946 2592 disciplinaeque
973 2551 1113 2582 irretitio.
1156 2550 1245 2583 THE.
1267 2551 1395 2583 Prorsus
1418 2552 1463 2582 ita
1486 2551 1667 2585 dicendum.

212 2600 280 2632 Ηο.
306 2600 457 2632 Praeterea
472 2602 530 2634 hoc
546 2603 640 2634 modo
656 2603 898 2637 consideremus.
933 2604 1008 2635 Non
1026 2605 1109 2636 enim
1124 2605 1274 2646 simplicis
1288 2606 1371 2643 artis,
1386 2606 1471 2647 quod
1486 2616 1571 2639 nunc
1581 2617 1667 2648 quae-

210 2654 299 2694 titur,
314 2654 368 2685 sed
386 2655 477 2685 variae
494 2656 660 2698 particeps.
702 2656 826 2688 Etenim
842 2669 879 2689 ex
893 2658 942 2695 iis,
959 2669 1029 2701 quae
1045 2670 1135 2700 supra
1156 2659 1300 2696 diximus,
1318 2670 1372 2701 per
1387 2660 1552 2701 imaginem
1567 2671 1670 2703 quan-

215 2707 287 2738 dam
312 2707 488 2749 conjectare
514 2709 600 2747 licet,
625 2720 689 2741 non
714 2711 809 2752 hujus
835 2712 966 2754 generis,
989 2713 1074 2754 quod
1089 2713 1236 2750 diximus,
1251 2714 1305 2745 sed
1320 2714 1446 2746 alterius
1459 2725 1538 2746 esse.
1579 2715 1668 2748 Tun.

215 2760 317 2803 Cujus
333 2762 450 2803 igitur?
483 2762 549 2794 Ηο.
572 2763 655 2794 Artis
672 2765 823 2806 profecto,
839 2776 908 2806 quae
924 2766 957 2796 in
973 2766 1162 2808 acquirendo
1179 2772 1326 2805 versatur,
1341 2769 1412 2799 duae
1428 2769 1548 2810 species
1563 2769 1667 2800 relatae

217 2821 302 2853 sunt,
317 2816 441 2847 venatio
454 2820 487 2846 et
497 2817 727 2848 commercium.
748 2818 835 2850 Tua.
859 2819 963 2851 Certe.
986 2820 1052 2852 Ηο.
1077 2820 1264 2852 commercii
1278 2832 1350 2853 vero
1362 2823 1432 2853 duae
1443 2827 1515 2853 sunt
1526 2823 1645 2863 species
1658 2834 1667 2855 z

217 2879 280 2900 una
294 2869 327 2899 in
343 2869 517 2911 largitione,
532 2870 627 2901 altera
642 2870 675 2901 in
685 2871 845 2913 emptione
855 2873 1096 2915 venditioneque
1109 2874 1260 2908 consistit.
1283 2875 1371 2908 Tan.
1394 2876 1444 2907 Sic
1456 2880 1503 2907 est
1515 2876 1668 2916 profecto.

219 2922 287 2954 Ηο.
309 2922 387 2954 Eam
413 2912 528 2964 rursus,
542 2933 613 2965 qum
639 2925 679 2955 ad
694 2926 859 2956 emendum
884 2927 1145 2969 vendendumque
1168 2929 1313 2970 pertinet,
1334 2929 1473 2960 bifariam
1489 2928 1671 2961 dividimus.

219 2976 305 3007 ΤιιΕ.
329 2977 402 3014 Quo
418 2978 533 3019 pacto?
578 2978 643 3011 Ηο.
667 2978 732 3016 Qui
747 2990 840 3021 opera
856 2990 911 3020 sua
927 2981 1047 3012 venalia
1061 2982 1147 3019 facit,
1163 2983 1353 3024 propriorum
1371 2982 1512 3013 venditor
1526 2981 1668 3013 nomina-

221 3034 288 3061 tur:
312 3030 367 3072 qui
383 3031 484 3063 aliena
499 3032 618 3076 vendit,
642 3038 856 3066 commutator.
899 3035 985 3068 Tus.
1011 3036 1161 3070 Omnino.
1205 3037 1270 3069 Ho.
1296 3036 1507 3069 Commutatio
1529 3046 1598 3068 vero
1614 3045 1668 3069 aut
