1846 3268
206 240 281 280 118
821 227 1086 270 PLATONIS
1292 269 1294 274 ,
1568 234 1665 286 [147

209 342 294 376 Mihi
309 340 436 386 quidem
452 337 585 369 videtur.
629 331 822 376 Hujusmodi
838 332 931 374 plane
947 331 1049 374 patuit
1059 341 1127 364 csse
1139 341 1247 370 unum,
1259 331 1292 364 in
1309 343 1342 366 se
1355 332 1573 375 ipsoscilicet,
1586 334 1667 366 etin

209 398 272 433 alio
287 408 364 429 esse.
397 392 506 427 Patuit
528 388 680 433 profecto.
711 386 758 418 Ex
774 387 835 419 hoc
850 386 944 428 igitur
969 390 1103 428 constat,
1127 396 1224 418 unum
1242 397 1310 419 esse
1334 398 1354 419 a
1376 397 1409 419 se
1430 387 1500 430 ipso
1523 388 1666 421 alterum·

208 454 356 486 Videtur.
399 449 432 480 Si
447 446 523 489 quid
538 454 609 476 vero
621 443 660 476 ab
675 440 782 483 aliquo
796 441 926 472 alterum
941 445 1001 478 est,
1015 451 1121 472 nonne
1143 440 1182 472 nb
1205 440 1302 473 altero
1317 441 1446 474 alterum
1459 442 1471 473 ἒ
1520 441 1668 475 Necesse.

208 509 417 546 Quaeeunque
438 510 535 532 unum
550 497 678 529 minime
701 500 786 533 sunt,
809 505 886 526 num
899 493 940 526 ab
956 504 1018 527 uno
1034 493 1143 535 altera,
1158 499 1191 526 et
1206 505 1300 526 unum
1317 495 1446 527 alterum
1462 495 1502 527 ab
1522 494 1575 532 iis,
1593 506 1666 538 quae

206 572 271 594 non
286 557 409 591 unum?
432 552 578 593 Quidni?
603 550 682 582 Ideo
710 559 804 581 unum
827 549 867 580 ab
889 548 957 580 aliis
979 547 1124 579 omnibus
1146 548 1276 579 alterum
1298 549 1475 591 apparebit.
1508 549 1663 582 Alterum.

207 614 328 657 Aspice
344 614 503 653 praeterea,
527 616 603 637 num
618 603 748 635 alterum
762 602 878 644 ipsum,
898 606 931 633 et
944 601 1047 644 ipsum
1063 601 1146 633 idem
1162 602 1317 633 contraria
1332 602 1466 634 invicem
1480 602 1556 635 siut.
1601 602 1666 635 Cur

207 668 296 701 non?
340 664 479 697 Voletne
501 669 639 702 unquam
661 657 745 689 idem
766 656 799 687 in
821 656 932 697 altero,
946 655 996 687 vel
1020 655 1148 687 alterum
1163 655 1196 686 in
1212 655 1324 686 eodem
1339 655 1529 688 consistere?
1574 656 1667 688 Nun-

205 733 313 766 quam.
353 719 438 760 Ergo
452 716 480 748 si
495 722 654 756 nunquam
670 711 799 743 alterum
813 710 848 741 in
862 709 973 741 eodem
996 713 1055 746 est,
1080 708 1158 740 nihil
1175 719 1212 740 ex
1228 708 1277 746 iis,
1292 718 1363 750 quae
1379 713 1464 746 sunt,
1478 708 1512 740 in
1526 718 1590 750 quo
1612 720 1669 751 per

205 775 335 819 aliquod
351 778 474 813 tempus
488 770 590 811 ipsum
605 766 736 798 alterum
750 763 802 795 sit.
825 773 898 794 narn
912 763 940 794 si
962 772 1017 804 per
1031 762 1160 803 aliquod
1177 766 1300 803 tempus
1316 761 1356 793 sit
1371 761 1404 793 in
1420 762 1540 804 aliquo,
1563 773 1619 804 per
1633 763 1667 794 id

204 837 328 872 tempus
342 827 377 858 in
392 825 504 857 eodem
518 822 621 864 ipsum
635 819 766 850 alterum
780 816 850 850 erit.
873 827 915 848 an
929 817 1013 848 non?
1049 816 1154 848 Certe.
1188 815 1358 857 Postquam
1371 825 1442 847 vero
1457 825 1617 857 nunquam
1632 816 1668 847 in

204 885 318 917 eodem
331 883 468 918 constat,
481 884 641 917 nunqnam
660 871 801 914 profecto
817 870 852 902 in
868 870 973 912 aliquo
994 880 1113 907 eorum,
1137 879 1208 911 quae
1223 873 1308 906 sunt,
1327 868 1431 910 ipsum
1447 869 1576 902 alterum
1598 869 1669 901 erit.

205 938 291 970 Vera
304 933 395 967 dicis.
438 930 564 962 Idcirco
579 926 684 959 necin
699 925 749 963 iis,
765 934 836 967 quae
850 934 915 956 non
930 929 1003 955 sunt
1017 934 1126 962 unum,
1141 933 1200 954 nec
1214 922 1248 954 in
1264 933 1327 953 uno
1342 922 1400 954 crit
1414 922 1556 955 alterum.
1591 922 1669 954 Non

204 1002 292 1023 sanc.
335 985 496 1028 Sequitur,
510 987 546 1014 ut
560 991 658 1013 unum
673 981 712 1012 ab
728 979 778 1019 iis,
793 988 863 1021 quae
878 988 943 1009 non
958 988 1068 1019 unum,
1084 983 1116 1008 et
1131 987 1201 1019 quae
1215 986 1280 1007 non
1295 986 1392 1007 unum
1408 977 1448 1008 ab
1464 987 1526 1010 uno
1547 987 1602 1018 per
1615 977 1666 1018 ip-

203 1055 274 1078 sum
288 1043 419 1075 alterum
444 1038 541 1069 altera
555 1046 622 1067 esse
643 1038 814 1075 nequeant.
864 1031 1014 1074 Sequitur
1035 1031 1140 1072 plane.
1187 1030 1283 1067 Quod
1307 1029 1369 1062 nisi
1390 1029 1579 1071 participent
1598 1030 1668 1071 ipso

203 1099 314 1135 altero,
329 1095 425 1127 alteru
441 1091 612 1124 secundum
631 1099 665 1120 se
687 1088 756 1129 ipsa.
778 1086 913 1119 invicem
936 1095 1003 1117 esse
1026 1095 1093 1115 non
1120 1088 1280 1126 poterunt.
1323 1082 1371 1115 At
1394 1093 1530 1124 quonam
1550 1083 1670 1125 pacm?

203 1151 304 1195 [147]
327 1147 428 1190 Atqui
442 1146 468 1178 si
482 1155 542 1176 nec
556 1154 590 1175 se
612 1142 700 1185 ipsis,
727 1151 786 1173 nec
809 1141 880 1182 ipso
896 1138 993 1171 altero
1010 1138 1108 1170 altera
1124 1141 1209 1179 sunt,
1224 1136 1321 1168 altera
1341 1147 1408 1170 esse
1428 1136 1563 1169 invicem
1578 1137 1667 1169 nullo

202 1211 298 1249 pacto
312 1205 454 1246 possunt.
499 1197 610 1230 Nullo.
655 1196 810 1229 Praeterea
825 1204 895 1237 quae
916 1203 1014 1224 unum
1032 1202 1096 1223 non
1113 1195 1200 1229 sunt,
1229 1201 1291 1222 uno
1317 1190 1444 1223 minime
1467 1190 1668 1233 participant.

200 1269 307 1302 neque
321 1257 404 1289 enirn
419 1258 525 1286 essent
544 1262 610 1283 non
632 1260 742 1290 unum,
766 1249 820 1280 sed
843 1246 1079 1290 quodammodo
1106 1256 1214 1278 unum.
1259 1245 1388 1278 Verum.
1431 1243 1525 1278 Hanc
1539 1246 1582 1277 ob
1593 1255 1669 1279 cnu-

201 1323 268 1346 sam
288 1321 360 1354 quae
374 1320 439 1341 non
454 1312 528 1340 sunt
542 1316 651 1347 unum,
673 1314 776 1346 neque
802 1302 898 1334 etiam
920 1311 1067 1333 numerus
1086 1305 1173 1333 sunt.
1196 1299 1336 1341 alioquin
1350 1310 1416 1332 non
1429 1298 1556 1343 penitus
1576 1299 1668 1333 unius

202 1370 308 1400 essent
321 1362 472 1407 expertia,
487 1361 512 1393 si
529 1371 620 1403 quem
636 1368 799 1390 numerum
823 1356 974 1388 habeant.
1015 1354 1091 1386 Non
1111 1358 1206 1386 certe.
1247 1353 1301 1386 An
1317 1363 1389 1386 vero
1410 1363 1482 1396 quae
1503 1363 1572 1387 non
1594 1358 1670 1387 suut

203 1431 313 1457 unum,
329 1422 432 1461 partes
453 1416 546 1448 unius
561 1413 657 1446 sunt?
681 1423 722 1444 an
741 1411 787 1443 sic
811 1411 892 1443 forte
914 1420 977 1441 uno
1003 1407 1240 1450 participarent,
1266 1417 1338 1450 quae
1357 1418 1422 1440 non
1448 1412 1523 1440 sunt
1546 1407 1667 1440 unum?

202 1474 445 1515 Participarent.
487 1469 523 1501 Si
546 1469 654 1510 imque
667 1467 729 1498 hoc
748 1465 876 1508 quidem
901 1463 1029 1495 omnino
1045 1473 1142 1494 unum
1166 1467 1227 1503 est,
1250 1461 1305 1493 illa
1319 1472 1391 1494 vero
1406 1472 1472 1494 non
1483 1471 1594 1503 unum,
1607 1471 1668 1494 nec

201 1539 275 1571 pars
288 1537 386 1559 unum
402 1525 462 1557 erit
475 1533 594 1563 eorum,
607 1532 679 1564 quae
691 1530 755 1551 non
770 1529 880 1556 unum,
894 1528 998 1560 neque
1013 1521 1113 1548 totum
1128 1515 1170 1547 nd
1184 1515 1250 1553 illa,
1274 1515 1363 1558 quasi
1377 1515 1445 1557 ipsa
1460 1515 1523 1547 sint
1537 1519 1639 1557 partes
1656 1525 1664 1546 ε

202 1591 307 1623 neque
321 1589 423 1612 rursus
443 1588 514 1620 quae
537 1587 601 1609 non
616 1585 726 1612 unum,
750 1573 844 1605 unius
861 1571 1034 1614 particulae,
1058 1580 1162 1612 neque
1178 1569 1272 1601 etiam
1289 1574 1367 1610 tota,
1380 1568 1469 1611 quasi
1483 1578 1581 1600 unum
1597 1578 1668 1611 pars

200 1635 341 1667 exsistat.
383 1632 417 1664 N
420 1642 461 1662 on
476 1630 628 1673 profecto.
674 1628 822 1660 Ceterum
837 1625 1036 1662 asseruimus,
1051 1634 1122 1666 quae
1137 1633 1241 1665 neque
1258 1627 1338 1664 tota,
1347 1632 1450 1664 neque
1466 1626 1568 1664 partes
1581 1627 1667 1659 sunt,

202 1699 307 1731 neque
322 1687 457 1719 invicem
469 1685 575 1721 altera,
591 1682 702 1714 eadem
718 1680 853 1712 invicem
872 1690 939 1711 esse
961 1679 1086 1710 debere.
1122 1676 1330 1710 Asseruimus.
1360 1675 1547 1709 Fatemume
1563 1675 1668 1717 igitur.

203 1753 314 1783 unum,
329 1751 400 1773 cum
415 1740 461 1771 ita
474 1738 515 1770 ad
531 1748 582 1773 ea.
595 1746 666 1779 quae
682 1745 746 1766 non
760 1743 870 1771 unum,
891 1743 926 1764 se
941 1732 1068 1768 habeat,
1093 1731 1154 1762 illis
1168 1730 1253 1762 idem
1274 1729 1364 1762 esse?
1398 1729 1552 1762 Fatemur.
1583 1728 1668 1771 Ergo

201 1807 313 1834 unum,
337 1798 373 1826 ut
388 1794 524 1834 videtur,
542 1791 673 1823 alterum
687 1788 839 1831 quiddam
862 1792 910 1818 est
925 1787 964 1818 ab
979 1785 1048 1817 aliis
1061 1790 1094 1817 et
1108 1795 1128 1816 a
1142 1795 1175 1816 se
1199 1784 1281 1826 ipso,
1306 1793 1472 1825 rursusque
1486 1782 1546 1815 sibi
1560 1787 1594 1815 et
1606 1782 1668 1817 iuis

201 1851 300 1882 idem.
316 1849 369 1881 Sic
384 1847 464 1878 ratio
480 1845 658 1888 persuadet.
683 1841 849 1883 Numquid
865 1839 965 1872 simile
979 1849 1107 1882 quoque
1121 1843 1154 1870 et
1167 1837 1317 1869 dissimile
1330 1837 1389 1869 sibi
1404 1836 1466 1878 ipsi
1479 1846 1517 1869 ao
1531 1835 1668 1869 ceteris?

202 1902 310 1935 Forte.
354 1901 528 1942 Postquam
551 1898 683 1931 alterum
709 1897 749 1927 ab
768 1895 838 1926 aliis
858 1905 926 1926 esse
947 1892 1063 1936 patuit,
1088 1892 1150 1924 alia
1170 1901 1296 1934 quoque
1318 1891 1358 1922 ab
1383 1890 1438 1922 illo
1452 1890 1551 1924 altera
1565 1895 1668 1923 erunt.

203 1956 291 1993 Quid
307 1953 476 1997 prohibet?
520 1951 575 1983 An
590 1961 654 1982 non
667 1950 712 1981 ita
727 1949 767 1981 ab
782 1948 851 1980 aliis
864 1947 1010 1985 alterurn,
1034 1950 1070 1977 ut
1083 1946 1123 1978 ab
1148 1945 1202 1977 illo
1217 1949 1250 1976 et
1270 1944 1356 1976 alia?
1378 1954 1438 1977 nec
1453 1943 1551 1986 magis
1572 1943 1666 1986 quid-

203 2019 311 2051 quam,
335 2018 438 2049 neque
453 2006 555 2038 minus
568 2006 580 2036 ?
615 2003 762 2042 Quidni?
793 2002 827 2033 Si
846 2012 906 2033 nec
927 1999 1025 2042 magis
1036 2010 1096 2032 nec
1107 1999 1223 2037 minus,
1237 2002 1344 2039 restat,
1359 2002 1395 2028 ut
1405 1997 1555 2031 similiter.
1565 1997 1668 2031 ,Simi-

200 2062 283 2094 liter.
327 2062 425 2093 Porro
440 2060 466 2091 si
481 2059 536 2091 uni
551 2057 696 2100 contigit,
712 2062 748 2088 ut
761 2056 893 2088 alterurn
909 2055 950 2086 sit
964 2055 1003 2085 ab
1019 2054 1101 2091 aliis,
1117 2054 1229 2086 eodem
1246 2053 1352 2091 mode,
1374 2062 1437 2094 quo
1449 2053 1490 2085 ab
1510 2051 1566 2084 illo
1578 2051 1639 2084 alin
1654 2062 1664 2084 ε

201 2126 240 2147 ex
252 2116 313 2147 hoc
327 2114 479 2157 sequitur,
493 2118 530 2145 ut
543 2114 653 2144 eadem
669 2111 810 2144 conditio
827 2109 974 2152 quaedam
989 2113 1053 2139 tam
1071 2107 1138 2147 uni,
1161 2117 1255 2150 quam
1270 2107 1351 2148 aliis,
1362 2110 1533 2148 competat.
1577 2106 1667 2143 Quid

201 2169 274 2200 ais?
297 2169 382 2202 Hoc.
404 2167 654 2210 unumquodque
667 2175 783 2197 nomen
798 2174 908 2195 nonne
932 2173 1022 2194 suum
1045 2162 1140 2192 habet
1163 2160 1396 2202 significatum?
1429 2159 1547 2193 Habet.
1575 2159 1666 2192 Idem

201 2233 275 2254 vero
288 2233 415 2260 nomen,
431 2221 479 2254 vel
496 2220 610 2263 saepius
625 2219 673 2251 vel
690 2218 786 2251 semel
803 2217 997 2260 pronuntias,
1019 2215 1187 2257 Equidem.
1221 2214 1334 2248 Utrum
1345 2214 1473 2256 quando
1483 2213 1578 2247 semel
1594 2223 1666 2256 pro-

201 2276 274 2314 fers,
288 2276 366 2308 illud
383 2275 536 2318 appellas,
562 2274 653 2317 cujus
669 2278 717 2305 est
730 2283 846 2305 nornen
861 2283 869 2302 :
893 2271 1021 2313 quando
1037 2280 1110 2301 vero
1125 2268 1252 2312 saepius,
1278 2279 1343 2300 non
1362 2268 1466 2300 illud?
1490 2278 1530 2300 an
1545 2267 1667 2310 potius,

201 2330 269 2362 sive
284 2330 392 2368 semel,
407 2341 463 2362 seu
479 2339 563 2371 saepe
577 2338 692 2360 nomen
706 2327 792 2359 idern
811 2324 1010 2368 pronunties,
1025 2334 1152 2356 necesse
1164 2328 1222 2361 est,
1238 2329 1270 2354 te
1281 2333 1404 2364 semper
1413 2322 1496 2355 idem
1510 2321 1643 2354 innuere
1653 2319 1671 2351 ἶ

200 2383 292 2415 Idem
304 2394 437 2425 semper.
482 2382 600 2414 Nonne
615 2389 648 2414 et
662 2381 764 2424 ipsum
780 2380 913 2412 alterum
929 2388 1046 2410 nomen
1061 2382 1110 2411 est
1124 2377 1164 2408 ad
1180 2377 1340 2418 proprium
1353 2375 1472 2418 aliquid
1486 2375 1666 2419 significan-

201 2438 277 2470 dum
292 2437 498 2479 impositum?
522 2436 591 2468 Est.
615 2435 752 2474 Quoties
766 2435 862 2476 igitur
876 2443 993 2465 nomen
1006 2433 1068 2464 hoc
1083 2431 1213 2474 profers,
1235 2430 1301 2462 sive
1324 2430 1432 2467 semel,
1457 2430 1523 2462 sive
1538 2429 1667 2472 saepius,

202 2502 268 2523 non
282 2491 323 2522 ad
338 2491 424 2523 aliud
440 2489 545 2530 refers,
561 2500 664 2532 neque
679 2489 766 2521 aliud
781 2488 956 2531 quidquam
970 2486 1126 2527 nominas,
1139 2495 1232 2527 quam
1247 2484 1293 2526 id,
1303 2484 1394 2526 cujus
1408 2484 1469 2516 hoc
1480 2492 1595 2518 nomen
1606 2488 1667 2516 est.

201 2544 353 2576 Necesse.
397 2543 537 2581 Quando
555 2543 665 2584 itaque
688 2542 835 2580 dicimus,
858 2542 990 2573 alterurn
1013 2549 1082 2571 esse
1097 2549 1194 2571 unum
1209 2538 1248 2570 ab
1262 2538 1342 2575 aliis,
1365 2542 1397 2569 et
1418 2537 1473 2570 ills
1486 2537 1526 2569 ab
1541 2547 1604 2569 uno
1619 2535 1666 2569 al-

202 2602 280 2636 tera,
295 2597 342 2629 bis
355 2607 470 2630 nomeu
485 2598 545 2629 hoc
558 2598 695 2629 alterum
711 2595 962 2639 pronuntiantes,
986 2603 1147 2635 nunquam
1161 2592 1200 2623 ad
1216 2591 1303 2624 aliud
1319 2590 1470 2633 quiddam
1483 2589 1665 2632 significu-

202 2651 278 2682 dum
293 2650 482 2692 inducimus,
497 2661 590 2693 quam
606 2655 759 2693 naturam,
773 2649 866 2692 cujus
882 2649 1041 2692 proprium
1057 2657 1171 2679 nomen
1187 2651 1246 2680 est.
1290 2646 1430 2678 Omnino
1444 2644 1583 2688 quidem.
1628 2643 1664 2676 Si

202 2715 277 2747 ergo
291 2715 388 2737 unum
404 2704 534 2736 alterum
549 2710 596 2736 est
611 2705 651 2736 ab
666 2704 747 2743 aliis,
765 2710 798 2737 et
822 2704 884 2736 alia
899 2704 939 2735 ab
955 2713 1019 2734 uno
1033 2702 1142 2742 altera,
1165 2701 1262 2743 [148]
1286 2700 1410 2741 patiens
1425 2699 1503 2731 illud
1517 2698 1602 2731 idem
1617 2696 1664 2729 al-

202 2763 316 2800 terum,
340 2759 426 2801 quod
440 2759 475 2790 in
490 2759 558 2790 aliis
571 2763 632 2797 est,
656 2759 828 2791 secundum
853 2758 944 2796 illud,
967 2767 1032 2789 non
1052 2756 1225 2788 secundum
1243 2755 1329 2786 aliud
1351 2753 1514 2796 quiddam,
1531 2751 1664 2784 alterum

203 2817 253 2844 cst
275 2812 314 2845 ab
340 2812 410 2844 aliis
431 2823 548 2844 unum:
571 2813 783 2855 quodcunque
809 2822 881 2844 vero
906 2812 988 2843 idem
1015 2810 1144 2853 patitur,
1167 2809 1268 2841 simile
1289 2812 1348 2841 est.
1372 2818 1413 2840 an
1439 2806 1527 2843 non?
1549 2805 1662 2838 Immo,

203 2866 383 2898 Secundum
405 2867 489 2909 quod
509 2871 613 2898 autem
637 2878 735 2898 unum
757 2867 864 2904 habet,
885 2871 922 2898 ut
936 2866 976 2897 sit
990 2866 1030 2896 ab
1051 2864 1119 2897 aliis
1141 2864 1284 2900 alterum,
1309 2862 1480 2895 secundum
1502 2861 1563 2893 hoc
1576 2859 1660 2893 idem

205 2919 368 2961 quodlibet
393 2920 522 2955 cuilibet
544 2921 644 2955 simile
664 2926 733 2956 est:
759 2919 924 2964 quodlibet
944 2919 1028 2955 enim
1053 2923 1101 2953 est
1125 2929 1143 2951 a
1168 2917 1309 2960 quolibet
1332 2917 1473 2951 alterum.
1518 2913 1666 2949 Videtur.
