1846 3268
157 306 255 358 394]
739 304 1036 344 cunnus,
1528 311 1604 348 313

146 409 262 441 Nonne
289 409 439 440 Homerus
466 406 619 449 Trojanos
645 406 724 438 viros
747 408 952 450 sapientiores
979 419 1071 451 quam
1096 409 1237 440 mulieres
1260 402 1364 440 eorum
1391 410 1599 443 existimavit?

146 463 266 495 Herm.
288 462 428 494 Arbitror
441 461 600 503 equidem.
645 461 701 492 So,
726 460 920 503 Astyanacta
942 462 1036 504 igitur
1059 462 1172 494 rectius
1193 472 1286 503 quam
1304 462 1526 494 Scamandrum
1543 474 1601 495 no-

150 517 298 549 minatum
309 526 375 548 esse
390 514 523 546 censuit.
568 514 693 546 Hamu-
717 514 873 556 Apparet.
916 515 968 547 So.
991 515 1297 556 Animadvertamus,
1311 526 1404 558 quam
1419 516 1487 558 ipse
1501 517 1600 548 deno-

147 569 323 600 minationis
337 567 429 610 hujus
441 577 563 599 causam
579 567 680 600 affert.
727 567 820 599 Solus
834 569 929 607 enim,
944 569 1059 610 inquit,
1074 570 1236 602 civitatem
1250 570 1328 611 ipsis
1342 573 1465 602 tutatus
1478 574 1602 602 estam-

140 624 253 664 piaque
266 622 390 654 moenia.
433 622 636 663 Quapropter
649 622 752 658 decet,
769 626 804 652 ut
819 621 951 659 videtur,
969 623 1153 664 protectoris
1178 622 1276 654 filium
1302 623 1461 655 nominare
1483 623 1601 666 Astya-

145 682 248 713 nacta,
262 675 294 707 id
309 680 356 707 est
371 686 473 717 regem
489 675 594 714 urbis;
617 675 713 715 urbis,
729 675 869 717 inquam,
884 674 964 717 ejus,
980 685 1073 716 quam
1090 681 1179 718 pater
1195 686 1269 707 suus
1290 677 1433 718 servavit,
1448 682 1483 709 ut
1497 677 1601 720 inquit

143 729 306 761 Homerus.
350 729 471 760 HanM.
495 729 584 760 Idem
609 729 684 760 mihi
711 739 836 770 quoque
852 729 984 760 videtur.
1029 728 1085 760 So.
1108 729 1204 766 Quod
1230 734 1334 760 autem
1361 730 1420 761 hoc
1443 730 1600 763 maxime?

143 794 233 825 porro
247 789 280 814 et
303 783 372 825 ipse
395 783 532 814 nondum
558 782 631 813 satis
650 783 805 824 intellig0‚
828 793 847 813 ο
871 782 1094 824 Hermogene&
1117 787 1152 813 tu
1175 793 1248 814 vero
1275 783 1433 824 percipis?
1477 784 1602 815 Hiran.

143 837 217 868 Non
243 847 296 879 per
319 837 442 869 Jovem.
467 837 564 878 [393]
586 836 641 868 So.
663 835 762 877 Atqui
790 840 823 868 et
847 836 990 873 Hectori,
1007 847 1025 866 ο
1042 837 1123 867 bone
1140 837 1196 874 vir,
1211 847 1325 868 nomen
1352 836 1419 878 ipse
1445 836 1601 868 Homerus

143 890 303 933 imposuit.
357 890 479 922 Ham«.
503 890 739 927 Quamobrem?
782 890 838 922 So.
863 890 1021 927 Quoniam
1041 890 1117 921 mihi
1137 890 1259 921 videtur
1282 890 1315 921 id
1343 900 1457 922 nomen
1483 890 1602 922 Hector

146 944 332 986 Astyanacti
347 955 414 976 esse
437 942 724 986 quamproximum:
749 944 844 975 ferme
868 945 950 975 enim
977 944 1059 975 idem
1086 944 1283 985 significant3
1307 937 1481 986 putantque
1497 943 1603 976 Graeci

146 1002 277 1039 utraque
301 999 369 1029 haec
388 998 513 1028 nomina
541 998 625 1039 regia
649 1008 728 1030 esse.
752 997 968 1039 cujuscunque
983 997 1150 1039 enim-quis
1175 1008 1266 1036 anax,
1281 998 1314 1029 id
1341 1003 1388 1030 est
1411 1009 1461 1029 rex
1484 998 1602 1036 existit,

143 1050 284 1092 ejusdem
299 1055 346 1081 est
359 1055 391 1082 et
406 1051 524 1093 hector,
539 1050 572 1081 id
588 1055 635 1082 est
649 1061 817 1092 possessor.
839 1056 962 1082 constat
986 1051 1081 1089 enim,
1095 1052 1249 1083 dominari
1271 1050 1316 1083 illi
1333 1052 1553 1094 possidereque
1569 1056 1602 1083 et

147 1105 271 1136 habere.
317 1103 371 1135 An
394 1104 472 1135 forte
494 1103 571 1135 nihil
597 1104 653 1135 tibi
679 1104 784 1135 dicere
798 1103 929 1137 videor:
953 1115 1064 1146 meque
1079 1105 1160 1136 fallit
1175 1106 1297 1147 opinio,
1312 1116 1374 1147 qua
1387 1105 1514 1137 Homeri
1531 1115 1601 1136 sena

145 1157 274 1189 tentiam
289 1157 369 1189 circa
386 1157 545 1188 nominum
561 1157 780 1189 rectitudinem
806 1168 863 1189 ceu
892 1169 947 1200 per
963 1158 1092 1200 vestigia
1118 1159 1260 1201 quaedam
1285 1159 1435 1201 attingere
1460 1159 1599 1191 confide-

145 1211 238 1242 bam?
282 1211 404 1244 Hsnm.
430 1211 526 1243 Nullo
542 1212 646 1249 modo,
662 1216 697 1242 ut
711 1212 851 1244 arbitror.
875 1212 952 1243 forte
965 1213 1047 1243 enim
1064 1213 1205 1243 nonnihil
1221 1213 1357 1254 attingis.
1401 1213 1457 1245 So.
1482 1212 1599 1250 Decet,

146 1269 180 1295 ut
196 1265 270 1295 mihi
285 1265 418 1307 videtur,
441 1265 540 1296 leonis
562 1264 659 1295 filium
683 1265 806 1295 leonem
822 1265 963 1297 similiter
978 1266 1147 1303 nominare,
1164 1266 1237 1308 equi
1252 1266 1350 1297 filium
1365 1275 1491 1307 equum.
1516 1266 1599 1297 haud

145 1323 227 1350 certe
242 1319 327 1355 dico,
343 1319 370 1349 si
395 1319 471 1360 quid
497 1323 643 1360 tanquam
674 1324 842 1349 monstrum
866 1330 903 1350 ex
929 1330 1011 1360 equo
1037 1325 1192 1356 nascatur,
1218 1320 1303 1350 aliud
1331 1319 1482 1361 quiddam
1507 1329 1601 1361 quam

144 1382 263 1414 equus:
286 1372 341 1403 sed
367 1371 457 1413 cujus
482 1372 602 1413 generis
629 1373 800 1403 secundum
829 1377 968 1403 naturam
992 1377 1050 1409 est,
1069 1374 1155 1414 quod
1181 1373 1329 1409 nascitur,
1354 1373 1415 1404 hoc
1437 1373 1522 1404 dico.
1566 1372 1601 1404 Si

144 1425 227 1456 enim
243 1426 330 1456 bovis
355 1426 527 1456 secundum
547 1430 687 1456 naturam
711 1425 792 1457 filius
818 1436 933 1467 equum
956 1426 1068 1468 gignit,
1084 1437 1149 1458 non
1163 1426 1279 1458 vitulus
1303 1427 1359 1468 qui
1374 1426 1522 1463 nascitur,
1543 1427 1599 1457 sed

145 1479 249 1520 pullus
263 1478 394 1521 equinus
418 1483 465 1510 est
489 1479 730 1521 nuncupandus,
754 1484 786 1509 et
808 1479 834 1510 si
856 1490 955 1521 equus
980 1485 1090 1521 praetcr
1106 1485 1245 1512 naturam
1261 1480 1362 1523 gignit
1378 1480 1521 1516 vitulum,
1536 1490 1600 1510 non

143 1532 247 1574 pullus
271 1533 404 1574 equinus
425 1533 577 1564 dicendus
602 1538 650 1564 est
676 1533 745 1570 iste,
761 1534 817 1564 sed
840 1533 967 1566 vitulus.
1014 1533 1127 1576 Neque
1153 1534 1247 1565 etiam
1273 1534 1298 1564 si
1324 1544 1360 1565 ex
1385 1533 1512 1564 homine
1539 1534 1601 1564 alia

142 1585 245 1628 proles
259 1596 351 1627 quam
378 1587 513 1617 humana
537 1587 728 1628 producitur,
743 1588 829 1629 quod
854 1588 992 1619 nascitur
1014 1588 1107 1618 homo
1123 1588 1227 1619 vocari
1252 1588 1358 1620 debet.
1381 1587 1529 1629 idemque
1553 1592 1602 1618 est

145 1639 185 1670 de
209 1640 367 1671 arboribus
383 1640 492 1681 deque
515 1641 626 1672 ceteris
649 1641 792 1672 omnibus
813 1640 1032 1682 judicandum.
1075 1641 1193 1673 Probas
1218 1642 1308 1672 haec?
1355 1641 1475 1672 Hanm.
1498 1640 1603 1671 Probo

142 1693 299 1734 equidem.
343 1694 399 1725 So.
422 1693 560 1725 Observa
576 1705 636 1731 me,
653 1705 693 1726 ne
708 1694 783 1736 quid
797 1695 990 1727 defraudem.
1014 1697 1122 1727 eadem
1140 1695 1258 1737 quippe
1271 1694 1406 1735 ratione,
1421 1694 1447 1724 si
1468 1694 1537 1734 quis
1561 1704 1600 1725 ex

142 1757 216 1788 rege
240 1747 388 1784 nascitur,
403 1758 454 1778 rex
474 1752 521 1779 est
542 1748 764 1780 nominandus.
786 1748 820 1779 in
847 1748 915 1781 aliis
932 1759 1004 1780 vero
1029 1754 1062 1780 et
1084 1749 1152 1780 aliis
1177 1748 1308 1791 syllabis
1323 1748 1405 1779 idem
1422 1747 1601 1789 significari,

144 1800 222 1831 nihil
238 1800 386 1832 interest:
411 1811 513 1844 neque
529 1802 633 1841 refert,
656 1802 720 1833 sive
745 1802 877 1833 addatur
893 1802 982 1834 litera
997 1803 1112 1845 aliqua,
1128 1802 1192 1834 sive
1207 1802 1300 1834 etiam
1314 1801 1522 1837 subtrahatur,
1543 1801 1601 1831 do-

143 1865 202 1886 nec
228 1855 362 1886 essentia
381 1855 425 1886 rei
450 1855 632 1896 significatae
658 1856 692 1887 in
717 1856 787 1898 ipso
813 1857 939 1888 nomine
966 1857 1154 1889 dominatur.
1198 1856 1322 1887 HERM.
1345 1855 1410 1892 Qui
1431 1855 1511 1886 istuc
1528 1854 1598 1885 ais?

141 1909 197 1940 So.
221 1907 307 1939 Nihil
324 1908 440 1940 varium
465 1909 682 1951 diversumque
711 1910 805 1941 dico:
828 1920 934 1940 verum
957 1910 999 1941 ita
1024 1915 1059 1941 ut
1079 1911 1111 1941 in
1134 1909 1296 1940 elementis
1312 1909 1377 1940 fieri
1401 1908 1513 1939 cernis.
1536 1908 1596 1939 scis

140 1962 234 1999 enim,
250 1962 334 2003 quod
351 1962 571 1994 elementorum
594 1963 722 1994 nomina
737 1963 881 2000 dicimus,
894 1963 962 2004 ipsa
978 1973 1049 1994 vero
1070 1963 1225 1994 elementa
1240 1971 1450 2004 nequaquam,
1465 1965 1599 2002 quatuor

143 2017 295 2047 duntaxat
307 2016 457 2058 exceptis,
473 2016 593 2048 scilicet
606 2027 635 2053 e,
649 2027 685 2059 y,
702 2017 850 2054 omicron,
866 2027 986 2058 omega.
1008 2017 1119 2049 ceteris
1135 2022 1237 2048 autern
1251 2021 1314 2047 tam
1330 2015 1490 2047 vocalibus
1505 2025 1598 2056 quam

142 2079 205 2101 non
231 2070 389 2102 vocalibus
413 2070 488 2102 alias
513 2071 665 2102 addentes
689 2071 803 2108 litera,
819 2071 945 2102 nomina
970 2070 1202 2108 constituimus,
1218 2075 1311 2112 atque
1336 2069 1380 2100 ita
1408 2068 1601 2110 proferimus.

142 2133 247 2155 verum
262 2134 424 2166 quousque
439 2125 585 2155 elementi
611 2124 709 2166 ipsius
725 2125 785 2156 vim
811 2125 998 2157 declaratam
1025 2125 1196 2162 inserimus,
1213 2122 1374 2163 convenit,
1390 2131 1503 2153 nomen
1518 2121 1599 2152 illud

143 2187 252 2209 vocare
266 2177 366 2218 ipsum
382 2178 465 2219 quod
483 2179 571 2210 nobis
598 2178 754 2220 significet
777 2179 979 2219 elementum,
997 2183 1031 2209 ut
1052 2179 1087 2209 in
1103 2178 1166 2209 vita
1179 2182 1320 2219 apparet,
1337 2176 1389 2206 ubi
1405 2175 1522 2206 additis
1536 2174 1558 2211 i,
1576 2180 1602 2211 t,

142 2241 161 2261 a
175 2230 251 2261 nihil
268 2230 399 2267 obstitit,
415 2230 490 2272 quin
505 2230 626 2272 integro
642 2231 767 2262 nomine
791 2237 901 2263 natura
924 2231 1072 2263 elementi
1094 2231 1177 2262 illius
1194 2230 1419 2266 ostenderetur,
1434 2227 1526 2269 cujus
1541 2238 1601 2258 no-

144 2284 260 2314 minum
276 2288 384 2315 auctor
399 2284 518 2315 voluit:
543 2295 641 2326 usque
657 2286 736 2316 adeo
753 2285 829 2317 scite
846 2286 940 2316 literis
954 2285 1080 2316 nomina
1096 2285 1237 2326 praebuit.
1282 2283 1405 2314 Hem«.
1428 2282 1511 2314 Vera
1521 2281 1600 2312 mihi

143 2337 228 2378 loqui
244 2337 369 2368 videris.
384 2356 387 2359 v
413 2337 470 2369 So.
495 2337 611 2369 Nonne
626 2339 734 2369 eadem
750 2339 789 2369 de
805 2349 876 2381 rege
892 2339 969 2370 ratio
982 2338 1058 2369 erit?
1083 2337 1179 2379 [394]
1204 2337 1261 2368 erit
1277 2336 1385 2378 utique
1395 2346 1432 2366 ex
1446 2344 1518 2376 rege
1533 2346 1598 2376 rex,

142 2402 179 2422 ex
197 2392 277 2422 bono
293 2391 404 2428 bonus,
419 2402 454 2422 ex
472 2392 600 2433 pulchro
617 2393 756 2434 pulcher,
772 2398 804 2423 et·
818 2392 852 2423 in
877 2392 986 2424 ceteris
1009 2392 1153 2422 omnibus
1176 2390 1319 2421 similiter
1333 2399 1370 2420 ex
1386 2388 1528 2430 quolibet
1543 2396 1598 2429 'ge-

141 2455 214 2476 nere
227 2444 357 2475 alterum
371 2445 521 2486 quiddam
537 2445 610 2482 tale,
626 2446 684 2476 nisi
710 2450 879 2477 monstrum
906 2446 971 2483 fiat,
987 2446 1159 2487 eademque
1174 2443 1309 2476 dicenda
1324 2443 1461 2474 nomina.
1506 2441 1600 2473 Vari-

141 2508 192 2529 are
208 2502 310 2529 autem
336 2498 409 2529 licet
431 2508 486 2539 per
507 2499 655 2541 syllabas,
679 2505 714 2530 ut
730 2500 893 2530 videantur
913 2500 1031 2530 homini
1047 2498 1131 2539 rudi,
1145 2508 1216 2540 quae
1232 2501 1305 2528 sunt
1319 2496 1442 2532 eadem,
1457 2505 1525 2526 esse
1550 2494 1599 2524 di-

143 2561 240 2582 versa.
256 2551 517 2591 quemadmodum
534 2553 697 2592 pharmaca
709 2553 897 2583 medicorum
913 2551 1069 2584 coloribus
1083 2557 1116 2583 et
1131 2551 1277 2581 odoribus
1290 2550 1405 2580 variata
1420 2558 1514 2589 sin-pe,
1527 2557 1597 2578 curn

142 2604 252 2635 eadem
267 2603 341 2641 sint,
358 2604 447 2634 nobis
463 2604 584 2635 diversa
598 2605 742 2635 videntur
755 2617 762 2636 :
787 2605 908 2636 medico
923 2610 1040 2642 nutem,
1054 2605 1115 2634 vim
1133 2605 1365 2645 pharmacorum
1377 2601 1599 2638 consideranti,

143 2657 252 2688 eadem
263 2656 455 2697 judicantur,
470 2668 572 2699 neque
587 2668 658 2689 eum
682 2659 895 2689 additamenta
920 2660 1111 2700 perturbant.
1156 2656 1303 2688 Similiter
1326 2655 1418 2696 forte,
1434 2655 1488 2696 qui
1504 2654 1600 2685 estin

143 2710 321 2741 nominibus
335 2710 485 2747 eruditus,
509 2711 570 2742 vim
592 2711 715 2742 illorum
737 2711 927 2754 considerat,
942 2723 1046 2753 neque
1068 2711 1137 2752 ejus
1163 2711 1302 2741 turbatur
1313 2709 1480 2750 judicium,
1497 2708 1601 2749 siqua

143 2764 233 2796 litera
248 2764 355 2794 addita
369 2768 417 2794 est
431 2764 480 2794 vel
497 2769 699 2795 transmutata
712 2764 761 2796 vel
777 2766 916 2807 dempta,
932 2766 980 2796 vel
1000 2766 1033 2796 in
1060 2765 1128 2795 aliis
1151 2762 1247 2795 literis
1261 2774 1298 2795 ac
1313 2762 1416 2794 multis
1430 2762 1539 2792 eadem
1554 2760 1602 2790 vis

143 2816 277 2848 nominis
292 2817 452 2858 reperitur.
476 2822 511 2848 ut
525 2828 562 2848 ea
578 2818 714 2856 nomina,
729 2826 800 2860 quoe
823 2829 917 2860 supra
941 2818 1086 2855 diximus,
1113 2817 1277 2860 Astyanax
1300 2821 1333 2847 et
1347 2815 1480 2851 Hector,
1496 2814 1599 2844 literas

145 2870 273 2901 omniuo
289 2871 425 2901 diversas
437 2876 547 2912 praeter
564 2876 576 2902 t
590 2871 690 2902 solum
705 2872 832 2908 habent,
849 2872 932 2902 idem
948 2877 1053 2903 tamen
1069 2870 1258 2913 significant.
1281 2870 1355 2900 item
1380 2868 1465 2910 quod
1481 2866 1599 2897 Arche-

146 2923 238 2965 polis,
252 2924 283 2954 id
309 2929 356 2955 est
378 2924 524 2966 princeps
551 2925 684 2956 civitatis
709 2925 834 2962 dicitur,
850 2936 942 2966 quam
959 2925 1114 2957 literarum
1130 2924 1379 2956 communionem
1392 2931 1463 2952 cum
1475 2918 1598 2949 duobus

145 2977 351 3019 superioribus
374 2978 489 3010 habet?
512 2979 595 3010 idem
621 2979 823 3011 nihilomiuus
845 2979 948 3011 infert.
973 2980 1131 3021 multaque
1155 2977 1315 3018 suntuna,
1333 2986 1402 3017 quae
1418 2970 1599 3055 ”imizanml

233 3030 320 3063 Plat.
338 3032 392 3063 Tr.
907 3033 935 3066 I.
1439 3029 1458 3058 2
1512 3044 1514 3050 ’
