1832 3256
201 219 298 269 213]
608 190 610 192 ’
851 210 1014 250 LYSIS.
1605 216 1658 254 ³⁷

201 326 252 352 tur
264 319 341 352 mihi
355 318 412 350 tria
427 317 570 360 quaedam
586 324 699 357 genera
713 323 800 346 esse:
829 313 949 350 Unum,
965 313 1082 344 bonum
1096 323 1103 343 :
1134 312 1276 349 alterum,
1294 313 1428 350 malum:
1454 319 1655 356 postremum,

199 375 285 417 quod
299 383 402 415 neque
416 373 533 404 bonum
545 375 604 408 est,
618 380 721 412 neque
735 368 863 401 malum.
880 367 937 399 tibi
951 367 1078 399 autem?
1115 366 1190 399 Mn.
1217 366 1303 398 Mihi
1316 377 1454 410 quoque.
1498 369 1559 401 So.
1582 370 1615 402 N
1617 381 1656 403 ec

200 429 318 459 bonum
341 427 438 467 bono,
461 436 519 457 nec
541 425 657 456 malum
682 424 775 460 malo,
801 433 861 454 nec
884 421 1002 452 bonum
1024 420 1106 452 malo
1129 419 1262 452 amicum
1284 431 1364 462 esse,
1390 423 1654 464 quemadmodum

196 481 276 513 ratio
300 479 441 522 superior
464 478 618 521 perhibet.
641 482 749 515 restat,
770 475 797 507 si
820 475 897 517 quid
923 475 1017 506 alicui
1041 479 1090 507 est
1111 474 1258 517 amicum,
1281 479 1318 506 ut
1339 476 1426 518 quod
1453 487 1512 508 nec
1535 477 1654 509 bonum

196 544 302 576 neque
314 533 429 564 malum
445 537 505 570 est,
519 531 654 563 amicum
670 530 711 561 sit
724 534 780 561 aut
791 529 889 566 bono,
912 533 967 559 aut
990 527 1047 560 tali
1072 527 1166 560 alicui
1180 528 1272 570 quale
1286 528 1390 570 ipsum
1403 534 1463 562 est.
1476 530 1554 561 nihil
1569 530 1653 562 enim

197 588 280 620 malo
305 587 438 619 amicum
465 590 524 618 est.
567 585 642 617 Mn.
673 584 778 616 Certe.
823 583 881 614 So.
910 581 982 614 Nec
1007 586 1112 613 tamen
1137 581 1240 613 simile
1263 581 1366 620 simili,
1393 588 1430 614 ut
1457 584 1552 626 paulo
1580 589 1654 617 ante

194 640 443 673 monstravimus.
487 639 561 671 ΜΕ.
590 638 749 670 Profecto,
794 636 852 668 So.
880 635 956 667 Non
985 635 1080 677 igitur
1104 635 1164 667 erit
1187 635 1236 666 illi
1255 636 1342 677 quod
1366 646 1426 669 nec
1450 637 1567 669 bonum
1592 642 1653 681 est,

194 705 254 727 uec
270 694 396 731 malum,
411 693 545 725 amicum
559 692 594 723 id
617 691 704 734 quod
728 695 762 723 et
782 691 885 733 ipsum
910 689 971 721 tale
986 694 1045 721 est.
1090 689 1163 722 Mn.
1190 688 1266 720 Non
1281 690 1413 723 videtur.
1457 691 1514 723 So.
1543 691 1652 723 Solum

193 747 301 791 itaque
316 748 402 790 quod
418 757 476 779 nec
493 747 610 778 bonurn
631 750 680 777 est
699 755 802 787 neque
827 743 954 781 malum,
977 743 1035 775 soli
1056 743 1140 774 bono
1163 743 1298 775 amicum
1324 743 1391 776 fieri
1413 749 1529 785 potest.
1554 746 1651 788 [21⁷]

194 803 267 836 Mn.
296 801 482 834 Necessario
505 800 594 842 sequi
614 799 748 831 videtur.
793 799 850 830 So.
878 797 1034 838 Nunquid
1057 802 1142 829 recte
1164 807 1183 828 a
1206 797 1309 834 nobis,
1332 808 1351 828 o
1376 798 1476 839 pueri,
1500 798 1533 829 id
1557 799 1652 830 modo

195 855 369 901 expositum
385 855 454 887 est?
471 855 497 886 si
511 865 584 896 ergo
599 864 709 885 sanum
723 863 836 894 corpus
847 852 1091 889 consideremus,
1108 851 1271 883 medicinae
1286 857 1350 883 arte
1365 862 1429 883 non
1443 852 1576 894 indiget,
1591 863 1652 884 nec

193 909 308 942 auxilio
333 919 457 951 prorsus
479 908 566 940 ullo:
597 908 784 941 sufficienter
806 907 890 939 enim
905 917 938 939 se
952 907 1059 938 habet.
1074 906 1159 937 uude
1174 916 1268 937 sanus
1280 917 1372 938 nemo
1388 917 1444 948 per
1456 907 1556 949 ipsam
1572 908 1655 940 sani-

192 968 287 995 tatem
300 962 425 995 medico
439 967 488 995 est
502 962 632 996 amicus.
676 962 751 994 Mn.
778 960 894 992 Nemo.
938 960 995 993 So.
1023 960 1086 992 Sed
1110 965 1275 1002 aegrotans,
1299 964 1336 991 ut
1357 965 1446 1002 puto,
1469 971 1526 1003 per
1547 960 1653 1003 ipsum

191 1018 344 1050 morbum.
387 1017 461 1049 Mn.
492 1016 631 1054 Quidni?
677 1016 735 1048 So.
762 1015 896 1047 Morbus
926 1014 1054 1057 quidem
1085 1014 1219 1046 malum:
1249 1014 1414 1046 medicinae
1441 1025 1512 1046 vero
1541 1015 1654 1057 peritia

192 1072 310 1103 bonum
334 1071 493 1112 quoddam
515 1075 548 1102 et
569 1070 658 1102 utile.
703 1069 779 1102 Mn.
809 1069 861 1101 Sic
876 1074 934 1100 est.
979 1068 1036 1101 So.
1065 1068 1188 1110 Corpus
1203 1079 1241 1099 ex
1263 1077 1301 1099 eo
1327 1068 1414 1110 quod
1439 1079 1563 1111 corpus,
1591 1080 1653 1102 nec

192 1126 310 1156 bonum
326 1130 386 1162 est,
399 1135 459 1156 nec
474 1123 600 1156 malum.
644 1123 718 1156 Mn.
747 1122 878 1155 Verum.
922 1122 979 1154 So.
1008 1121 1139 1163 Cogitur
1153 1127 1257 1153 autem
1267 1132 1380 1164 corpus
1395 1133 1433 1154 ex
1446 1123 1553 1154 morbo
1564 1133 1653 1165 quae-

192 1188 257 1210 rere
285 1183 318 1210 et
346 1188 449 1209 amare
478 1177 643 1210 medelam.
687 1176 763 1208 Mn.
792 1176 948 1218 Apparet.
993 1175 1047 1207 So.
1073 1175 1232 1217 Sequitur,
1258 1176 1343 1218 quod
1367 1186 1427 1207 nec
1449 1176 1566 1207 bonum
1592 1182 1652 1219 est,

191 1242 294 1273 neque
309 1231 435 1270 malum,
452 1230 527 1262 boni
551 1230 686 1262 amicum
709 1235 836 1272 propter
860 1230 934 1261 mali
959 1229 1155 1271 praesentiam
1180 1229 1259 1261 fieri.
1302 1230 1376 1261 ΜΕ.
1405 1229 1550 1263 Videtur.
1594 1231 1652 1265 So.

193 1285 328 1317 Constat
341 1289 445 1316 autem
460 1284 493 1316 id
505 1284 583 1321 fieri,
599 1284 779 1326 priusquam
793 1283 872 1314 illud
887 1284 929 1314 ob
945 1283 1016 1314 mali
1033 1283 1230 1325 praesentiam
1245 1283 1360 1314 malum
1374 1283 1535 1316 efficiatur.
1549 1295 1653 1327 neque

191 1339 275 1371 euim
290 1339 406 1370 malum
421 1338 569 1370 effectum
583 1342 632 1370 est
645 1338 715 1370 loco
731 1337 807 1369 boni
823 1338 908 1379 quod
929 1337 1063 1379 appetit,
1086 1336 1216 1378 cujusve
1241 1338 1376 1368 amicum
1401 1342 1460 1369 est.
1502 1337 1653 1380 Impossi-

189 1393 253 1425 bile
267 1403 403 1435 namque
419 1402 487 1424 esse
501 1391 706 1428 ostendimus,
729 1396 766 1422 ut
790 1391 903 1423 malum
921 1391 1004 1422 bono
1019 1390 1153 1422 amicum
1169 1390 1220 1422 sit.
1262 1390 1336 1422 Mn.
1357 1390 1555 1432 Impossibile
1578 1403 1654 1434 pro-

191 1447 243 1479 cul
258 1446 368 1479 dubio.
412 1446 469 1477 SO.
493 1445 754 1483 Animadvertite,
770 1455 890 1487 quaeso,
910 1445 997 1487 quod
1016 1444 1101 1477 dico.
1146 1444 1297 1475 nonnulla
1319 1444 1439 1486 quippe
1461 1455 1563 1476 assero
1578 1446 1654 1478 talia

190 1500 268 1538 fieri,
282 1500 375 1542 quale
389 1499 423 1530 id
437 1501 522 1541 quod
538 1498 599 1530 illis
615 1499 726 1530 adest:
752 1499 906 1530 nonnulla
928 1498 1069 1531 minime.
1114 1498 1245 1540 perinde
1265 1509 1301 1530 ac
1316 1500 1340 1529 si
1355 1499 1425 1540 quis
1438 1499 1534 1531 vellet
1548 1500 1653 1532 colore

190 1555 327 1596 quodam
341 1553 460 1595 aliquid
476 1553 699 1595 supertingere,
716 1553 840 1584 adesset
854 1553 991 1594 quodam
1008 1553 1101 1584 modo
1113 1552 1242 1584 infectio
1257 1545 1408 1584 colorato.
1453 1553 1525 1584 Mn.
1547 1553 1652 1586 Ades-

189 1613 247 1639 set.
289 1608 347 1640 So.
369 1606 485 1638 Nonne
501 1611 575 1638 tunc
597 1617 724 1648 quoque
745 1607 808 1637 tale
828 1606 1000 1638 coloratum
1017 1611 1078 1647 est,
1095 1606 1187 1648 quale
1213 1607 1316 1648 ipsum
1339 1617 1406 1638 esse
1429 1607 1532 1639 solet?
1576 1608 1652 1642 Mn.

188 1661 284 1693 Haud
297 1661 451 1703 intelligo.
495 1661 551 1693 So.
572 1660 625 1691 Sic
640 1660 720 1691 forte
735 1658 902 1701 intelliges.
925 1659 951 1691 si
973 1659 1043 1702 quis
1058 1670 1165 1691 comas
1181 1664 1260 1697 tuas,
1282 1670 1353 1702 quae
1375 1660 1465 1691 flavae
1487 1666 1573 1704 sunt,
1597 1673 1650 1695 ce-

189 1725 275 1747 russa
290 1714 454 1751 fucaverit,
478 1719 581 1744 utrum
598 1712 677 1744 albae
692 1713 791 1744 fiant?
815 1724 855 1744 an
878 1713 983 1754 potius
1005 1713 1194 1744 videantur?
1239 1713 1312 1744 Mn.
1336 1713 1548 1747 Videbuntur.
1592 1717 1650 1750 So.

189 1768 403 1800 Veruntamen
419 1767 532 1798 albedo
548 1766 613 1798 illis
628 1766 739 1798 aderit.
783 1766 857 1798 Mn.
880 1766 1006 1798 Aderit.
1050 1766 1105 1798 So.
1128 1766 1238 1798 Nihilo
1254 1766 1350 1808 magis
1368 1772 1473 1800 tamen
1494 1769 1573 1801 albae
1595 1771 1653 1802 ad-

188 1823 249 1854 huc
263 1827 377 1853 eruntz
401 1825 433 1853 et
455 1825 605 1862 praesente
625 1821 762 1852 caudore
782 1831 885 1862 neque
906 1819 1052 1852 candidae
1078 1825 1180 1858 erunt,
1200 1830 1305 1867 neque
1319 1821 1428 1862 nigrae.
1473 1822 1547 1854 ΜΕ.
1569 1823 1654 1856 Vera

185 1876 331 1917 loqueris.
376 1875 432 1906 So.
453 1875 516 1906 Sed
532 1874 659 1916 quando
675 1879 836 1905 senectute
852 1880 1036 1915 canescunt,
1052 1879 1140 1916 tunc,
1161 1885 1180 1905 o
1202 1874 1314 1912 amice,
1338 1874 1417 1906 tales
1444 1875 1535 1918 fiunt,
1558 1881 1652 1919 quale

185 1930 219 1961 id
236 1930 320 1972 quod
336 1929 477 1966 advenit,
494 1929 565 1960 cani
580 1928 695 1960 coloris
712 1929 879 1970 praesentia
894 1939 992 1962 canae.
1035 1928 1108 1962 ΜΕ.
1132 1928 1275 1966 Quidni?
1321 1929 1377 1961 So.
1401 1929 1472 1962 Hoc
1492 1930 1570 1963 illud
1591 1939 1652 1973 est,

185 1984 271 2026 quod
284 1984 498 2026 quaesiveram,
519 1982 672 2024 Nunquid
690 1993 782 2014 omne
797 1983 850 2014 cui
872 1982 935 2014 tale
957 1982 1075 2025 aliquid
1093 1983 1194 2020 adest,
1219 1982 1384 2014 confestim
1406 1984 1468 2015 tale
1490 1990 1523 2016 et
1547 1986 1651 2028 ipsum

185 2039 320 2069 evadat:
343 2047 384 2068 an
399 2037 504 2079 potius
519 2036 544 2067 si
561 2041 644 2068 certo
665 2037 758 2067 modo
773 2037 874 2074 adest,
894 2037 955 2068 tale
976 2037 1050 2077 fiat;
1073 2037 1161 2068 aliter
1186 2037 1326 2070 minime.
1371 2037 1445 2069 ME.
1468 2038 1540 2071 Hoc
1556 2042 1651 2073 modo

185 2091 303 2133 potius.
348 2092 404 2122 So.
449 2090 570 2122 Eadem
587 2090 712 2121 ratione
733 2091 818 2132 quod
842 2101 900 2122 nec
916 2091 1033 2122 bonum
1050 2095 1109 2129 est,
1136 2101 1197 2122 nec
1214 2090 1341 2127 malum,
1366 2093 1556 2135 quandoque
1572 2106 1652 2136 prae-

187 2150 274 2176 sente
290 2145 370 2176 malo
385 2145 526 2175 nondum
542 2149 590 2176 est
606 2143 734 2184 malum,
748 2154 972 2186 nonnunquam
990 2145 1115 2176 malum.
1161 2145 1232 2175 ME.
1267 2144 1417 2178 Omnino.
1464 2146 1517 2179 Sc.
1541 2148 1651 2185 Quan-

187 2200 230 2230 do
247 2199 386 2230 nondum
403 2198 518 2229 malum
533 2203 582 2230 est
596 2203 749 2240 praesente
764 2198 858 2236 malo,
876 2200 1042 2241 praesentia
1057 2200 1124 2230 haec
1142 2199 1256 2230 bonum
1273 2204 1420 2240 appetere
1436 2201 1540 2242 cogit:
1571 2213 1652 2244 prae.

185 2253 284 2284 sentia
301 2263 383 2289 vero,
408 2262 479 2295 quae
501 2252 615 2283 malum
636 2252 750 2290 reddit,
778 2257 811 2284 et
835 2252 1012 2295 appetitum
1039 2246 1116 2285 Boni
1139 2258 1172 2284 et
1193 2252 1361 2284 amicitiam
1388 2253 1500 2294 rejicit.
1545 2266 1650 2298 neque

184 2307 269 2339 enim
284 2307 412 2338 ulterius
427 2310 569 2338 neutrum
584 2310 643 2348 est,
657 2306 713 2337 sed
728 2306 855 2338 malum.
889 2307 986 2349 [218]
1024 2307 1167 2338 Amicum
1186 2317 1274 2344 vero,
1289 2307 1405 2338 malum
1421 2308 1516 2346 bono,
1539 2314 1571 2340 et
1592 2310 1648 2342 bo-

185 2371 259 2391 num
274 2360 356 2391 malo
370 2371 438 2392 esse
452 2370 514 2391 non
531 2364 646 2402 potest.
689 2360 764 2391 Mn.
786 2360 861 2391 Non
876 2366 971 2392 certe.
1016 2361 1072 2393 So.
1096 2361 1148 2392 Ob
1175 2361 1255 2392 hanc
1282 2361 1389 2403 utique
1412 2371 1536 2393 causam
1563 2364 1648 2407 sapi-

185 2419 274 2446 entes
281 2414 450 2445 dicendum
465 2414 550 2444 haud
567 2413 693 2444 ulterius
708 2414 936 2456 philosophari,
952 2415 1016 2446 sive
1032 2414 1090 2454 dii,
1105 2415 1170 2446 sive
1188 2415 1330 2446 homines
1340 2415 1395 2446 isti
1410 2415 1472 2446 siut
1486 2427 1494 2447 :
1519 2427 1578 2449 nec
1593 2430 1648 2451 eos

186 2467 292 2508 etiam,
308 2468 362 2509 qui
377 2468 456 2499 adeo
471 2468 609 2509 corrupti
623 2468 662 2498 ab
677 2468 855 2509 ignorantia
870 2474 956 2506 sunt,
971 2473 1006 2500 ut
1019 2468 1152 2511 improbi
1172 2469 1233 2499 sint
1248 2469 1364 2500 effecti.
1393 2469 1512 2500 nullum
1528 2471 1648 2514 quippe

186 2521 301 2551 malum
317 2526 350 2552 et
368 2521 494 2562 penitus
518 2521 713 2562 ignorantem
735 2522 964 2563 philosophari.
1009 2522 1145 2554 Restant
1161 2522 1256 2563 igitur
1269 2523 1326 2560 illi,
1343 2523 1456 2564 quibus
1472 2524 1585 2555 malum
1602 2526 1647 2563 id,

185 2574 360 2615 ignorantia
384 2573 504 2605 scilicet
528 2575 710 2612 adest,·nec
736 2579 839 2607 tamen
861 2577 954 2607 rudes
977 2576 1102 2618 penitus
1124 2576 1365 2618 ignorantesque
1389 2582 1473 2616 sunt,
1499 2578 1594 2610 immo
1616 2585 1650 2611 et

187 2637 272 2659 suam
288 2627 493 2669 ignorantiam
515 2634 710 2669 agnoscunt:
736 2630 777 2660 ob
798 2640 893 2672 quam
908 2630 1212 2661 animadversionem
1239 2630 1511 2672 philosophantur,
1538 2632 1568 2662 id
1590 2638 1649 2673 est,

188 2681 371 2722 sapientiam
387 2685 503 2717 amant,
518 2682 657 2712 nondum
672 2683 748 2714 boni
761 2688 816 2714 aut
831 2683 917 2716 mali.
962 2684 1036 2715 mali
1059 2684 1144 2715 enim
1154 2694 1355 2726 nequaquam
1377 2684 1649 2726 philosophantur,

185 2731 244 2766 nec
259 2735 334 2766 boni
348 2734 453 2766 etiam.
497 2745 568 2765 nam
590 2745 648 2766 nec
676 2736 863 2768 contrarium
887 2737 1053 2774 contrario,
1077 2748 1180 2779 neque
1200 2738 1291 2768 simili
1317 2737 1428 2778 simile,
1451 2748 1543 2779 supra
1558 2740 1649 2771 nobis

189 2788 323 2820 amicum
345 2788 503 2831 apparuit.
525 2789 755 2820 recordamini?
797 2790 872 2823 Mn.
899 2802 939 2822 ET
965 2791 1026 2822 LY.
1049 2789 1264 2822 Recordamur
1289 2801 1374 2822 sane.
1417 2791 1471 2822 So.
1496 2791 1648 2833 Omnino,

188 2853 207 2872 ο
224 2842 314 2884 Lysis
327 2847 422 2884 atque
439 2842 630 2884 Menexene,
644 2842 721 2884 quid
737 2843 869 2876 amicum
885 2845 936 2881 sit,
957 2853 988 2876 et
1003 2845 1080 2886 quid
1101 2855 1179 2886 non,
1203 2845 1388 2877 invenimus.
1431 2845 1463 2875 id
1479 2845 1561 2875 enirn
1584 2851 1646 2876 tam

189 2896 269 2928 eirca
295 2897 443 2939 animam,
467 2907 560 2939 quam
577 2897 657 2929 cirea
674 2907 784 2939 corpus
810 2909 904 2940 supra
925 2898 1155 2932 conclusimus:
1179 2900 1263 2941 quod
1291 2910 1347 2931 nec
1371 2899 1485 2929 bonum
1507 2904 1565 2937 est,
1588 2909 1647 2931 nec
