1846 3268
210 290 291 327 434
817 287 1080 327 PLATONIS
1607 292 1678 345 [69

213 393 268 426 So.
295 393 380 431 Quid
397 398 499 424 autem
513 393 524 423 ,θ
548 393 602 434 qui
619 392 698 423 inter
714 401 766 422 cos
783 390 932 422 moderati
947 390 1104 429 dicuntur,
1121 402 1225 425 nonne
1252 392 1343 424 simili
1366 393 1502 435 quodam
1519 397 1612 435 paeto
1627 394 1676 426 sf-

214 447 291 479 fecti
317 452 402 484 sunt,
416 446 658 488 intemperantia
673 444 820 476 videlicet
845 444 979 486 quadam
1003 446 1190 487 temperati?
1213 457 1400 490 quamquam
1421 446 1614 489 impossibile
1639 445 1677 478 id

213 511 282 532 esse
297 501 442 534 dicimus.
487 499 710 532 Verumtamen
727 498 787 529 illis
803 498 907 530 evenit
921 498 1047 530 affectio
1062 500 1204 541 quaedarn
1221 500 1293 533 huic
1306 501 1469 543 similis,in
1480 500 1556 534 istac
1566 510 1675 532 eorum

213 553 307 586 satua'
315 554 531 596 temperantia.
555 553 700 585 timentes
715 552 812 590 enim,
828 563 867 584 ne
883 551 953 584 aliis
967 558 1093 584 careant
1105 554 1331 597 voluptatibus,
1344 565 1459 597 easque
1474 559 1674 597 appetentes,

214 618 233 640 a
247 609 356 640 ceteris
370 608 539 644 abstinent,
557 607 596 638 ab
611 607 678 638 aliis
693 606 829 648 superati
843 617 858 651 ς.
875 605 934 637 etsi
949 610 1063 637 vocant
1076 606 1348 649 intemperantiam
1361 619 1381 640 a
1404 609 1480 651 [69]
1503 607 1677 651 voluptati·

213 663 271 694 bns
287 662 433 704 superari.
455 666 666 693 verumtamen
681 660 797 693 accidit
811 660 870 698 eis,
885 665 919 691 ut
934 659 1071 702 superati
1094 670 1113 691 a
1128 660 1342 703 voluptatibus
1365 662 1440 694 alias
1455 665 1603 704 superent
1616 671 1674 694 vo·-

212 717 362 758 lnptates.
405 714 476 747 Jam
492 725 564 746 vero
579 715 610 746 id
628 715 673 746 illi
690 714 791 746 simile
805 718 864 755 est,
879 714 964 756 quod
987 714 1081 745 modo
1104 714 1278 753 dicebatur,
1292 714 1412 748 scilicet
1425 715 1562 758 quodam
1578 715 1672 747 modo

213 780 268 812 per
280 768 554 810 intemperantiam
578 768 646 800 fieri
669 773 868 810 temperatos.
913 768 991 799 Sm.
1015 768 1280 812 Simile-quidem.
1325 769 1382 803 So.
1405 768 1672 802 Animadverten-

211 824 286 854 dum
303 828 360 859 est,
376 833 395 854 o
407 823 498 855 beate
511 822 651 860 Simmia,
667 832 707 853 ne
722 822 789 854 haec
805 821 1046 864 haudquaquam
1061 826 1145 854 recta
1160 822 1201 853 sit
1214 823 1253 854 ad
1266 823 1409 854 virtutem
1421 822 1483 862 via,
1494 822 1672 866 voluptates

210 877 359 909 videlicet
370 877 596 919 voluptatibus,
612 876 735 908 dolores
751 875 922 913 doloribus,
938 880 971 907 et
984 881 1100 908 metum
1117 881 1214 914 metu,
1230 880 1262 908 et
1273 875 1372 918 majus
1384 876 1508 918 minori,
1522 880 1672 919 tanquam

211 942 370 968 nummoS,
387 923 579 962 commutare
594 941 602 961 :
628 930 682 962 sed
698 930 751 961 ille
766 929 919 960 duntaxat
931 933 1032 961 rectus
1043 929 1083 960 sit
1098 939 1254 967 nummus,
1269 930 1359 972 cujus
1375 930 1472 972 gratia
1485 930 1553 962 baec
1566 924 1673 963 omnia

209 989 354 1026 oporteat
368 985 551 1016 commutari
565 988 660 1026 atque
680 983 866 1020 venundari,
881 983 1002 1015 scilicet
1024 983 1180 1025 sapientia
1204 983 1269 1016 sive
1285 983 1469 1025 prudentia:
1492 993 1548 1026 pro
1563 993 1626 1026 qua
1640 987 1674 1016 et

210 1049 281 1070 cum
297 1048 360 1080 qua
375 1037 483 1069 omnia
499 1043 606 1079 empta
621 1048 658 1070 ac
675 1037 803 1068 vendita
816 1047 920 1068 revera
936 1037 975 1069 sit
990 1042 1022 1069 et
1037 1037 1189 1069 fortitudo
1204 1043 1236 1070 et
1261 1037 1466 1080 temperantia
1479 1041 1514 1070 et
1532 1037 1672 1080 justitia,

208 1102 244 1124 ac
261 1091 436 1123 summatim
453 1101 525 1122 vera
541 1091 635 1122 virtus
651 1101 723 1122 cum
738 1090 892 1132 sapientia
906 1090 971 1130 sive
989 1091 1176 1133 prudentia:
1200 1096 1233 1124 et
1243 1091 1464 1124 accedentibus
1475 1095 1509 1123 et
1521 1091 1672 1124 receden-

206 1145 290 1176 tibus
306 1145 518 1187 voluptatibus
535 1150 566 1176 et
580 1144 740 1176 timoribus
755 1144 927 1186 ceterisque
942 1145 1062 1186 generis
1078 1145 1230 1187 ejusdem.
1275 1146 1331 1177 Sin
1355 1150 1462 1178 autem
1482 1156 1502 1178 a
1515 1145 1672 1187 sapientia¹

207 1204 369 1241 segregata
384 1199 519 1231 invicem
535 1204 776 1236 commutantur,
791 1199 988 1230 adumbratio
1004 1199 1148 1241 quaedam
1164 1199 1203 1230 sit
1217 1199 1372 1242 ejusmodi
1389 1199 1494 1236 virtus,
1511 1209 1548 1231 ac
1563 1206 1670 1231 revera

206 1253 336 1290 servilis,
352 1253 428 1284 nihil
445 1253 509 1284 sani
523 1254 649 1295 verique
666 1254 828 1296 possidens
843 1264 851 1286 ε
876 1253 998 1284 virtutis
1013 1258 1118 1284 autem
1133 1254 1245 1285 veritas
1268 1254 1300 1285 in
1323 1254 1433 1285 horum
1453 1252 1591 1286 omnium
1605 1263 1669 1296 pu·-

205 1306 379 1339 rificatione
394 1317 499 1339 revera
514 1307 665 1339 consistat
681 1319 690 1339 ε
714 1313 746 1339 et
761 1308 967 1350 temperantia
982 1314 1014 1339 et
1025 1307 1149 1349 justitia
1161 1313 1194 1339 et
1208 1307 1372 1344 fortitudo,
1387 1312 1421 1339 et
1434 1307 1588 1349 sapientia
1596 1307 1670 1349 ipsa.

205 1360 246 1391 sit
261 1360 434 1402 purificatio
447 1361 601 1403 quaedam.
646 1361 858 1399 Quamobrem
873 1361 917 1398 hi,
931 1361 987 1403 qui
1004 1361 1151 1404 mysteria
1173 1361 1263 1393 nobis
1285 1361 1526 1400 constituerunt,
1539 1360 1668 1394 minime

205 1414 430 1445 contemnendi
447 1414 608 1454 videntum
631 1416 686 1446 sed
710 1408 815 1446 revera
835 1414 959 1456 jamdiu
983 1414 1106 1446 occulte
1131 1425 1190 1446 nos
1213 1415 1393 1453 admonere,
1406 1415 1587 1457 quicunque
1600 1424 1667 1447 non

204 1467 348 1509 expiatus
362 1478 464 1510 neque
479 1468 621 1500 initiatus
637 1467 781 1510 migrabit
805 1469 844 1500 ad
866 1468 994 1506 inferos,
1009 1479 1080 1500 eum
1099 1468 1206 1510 jacere
1228 1469 1261 1500 in
1285 1468 1372 1500 luto:
1396 1468 1577 1510 quicunque
1593 1478 1666 1501 vero

206 1526 357 1563 purgatus
373 1526 467 1564 atque
483 1521 623 1554 initiatus
639 1522 713 1554 illuc
729 1523 905 1564 accesserit,
916 1533 987 1555 cum
1003 1523 1063 1554 diis
1072 1523 1223 1555 habitare.
1246 1523 1334 1554 aiunt
1343 1523 1438 1561 enim,
1453 1522 1508 1565 qui
1519 1522 1668 1566 mysteria

202 1579 349 1612 tractant,
374 1575 506 1607 ministri
530 1576 649 1608 Bacchi
676 1577 810 1608 ferentes
830 1577 944 1610 ferulas
972 1575 1213 1619 narthecopbori
1239 1575 1367 1618 quidem
1378 1576 1546 1618 ,feruligeri
1575 1576 1667 1608 multi

204 1634 288 1666 sunt,
305 1629 426 1661 Bacchi
442 1640 514 1661 vero
540 1631 646 1672 pauci.
692 1630 738 1662 Hi
753 1641 838 1669 vero,
858 1636 895 1663 ut
916 1631 1062 1673 equidem
1087 1631 1210 1673 opinor,
1224 1641 1289 1662 non
1315 1629 1369 1662 alii
1393 1634 1479 1670 sunt,
1493 1639 1587 1672 quam
1611 1629 1667 1672 qui

202 1687 286 1715 recte
302 1683 514 1725 philosophati
528 1689 611 1718 sunt.
633 1694 764 1726 quorum
779 1684 906 1727 quidem
922 1684 954 1716 in
970 1695 1097 1716 numero
1113 1695 1180 1716 esse
1197 1695 1258 1727 me,
1276 1695 1379 1727 neque
1400 1683 1578 1716 inferiorem
1593 1683 1665 1726 qui-

202 1737 273 1769 dem
290 1737 376 1768 omni
402 1737 508 1768 studio
534 1747 590 1779 pro
605 1738 720 1770 viribus
742 1743 872 1770 conatus
895 1749 985 1779 sum;
1010 1749 1051 1770 an
1066 1749 1139 1770 vero
1163 1743 1246 1770 recte
1269 1737 1483 1770 contenderim
1505 1736 1665 1779 aliquidve

201 1791 399 1833 profecerim,
415 1802 486 1823 cum
501 1791 575 1824 illuc
588 1792 832 1834 pervenerimus,
846 1798 931 1824 certo
957 1792 1102 1830 sciemus,
1117 1792 1143 1823 si
1165 1792 1244 1823 deus
1259 1791 1403 1830 voluerit,
1418 1789 1515 1833 paulo
1530 1795 1614 1832 post,
1629 1795 1666 1824 nt

201 1845 277 1876 mihi
294 1845 427 1878 videtur.
473 1845 552 1877 Haec
567 1845 660 1888 igitur
674 1856 743 1877 mea
758 1845 916 1878 excusatio
932 1849 991 1883 est,
1006 1856 1025 1876 o
1049 1845 1177 1876 Simmia
1197 1849 1231 1877 et
1245 1855 1264 1876 o
1281 1841 1394 1882 Cebes,
1409 1853 1504 1886 quam
1517 1843 1667 1877 videlicet

200 1900 242 1930 ob
258 1909 396 1936 causam,
411 1910 482 1931 cnm
498 1911 551 1931 vos
566 1910 695 1942 eosque,
711 1901 765 1942 qui
778 1900 829 1931 hic
845 1905 928 1936 sunt,
945 1899 1089 1931 dominos
1104 1899 1289 1941 relinquam,
1305 1897 1414 1929 merito
1435 1907 1500 1929 non
1522 1907 1604 1939 aejgre
1617 1895 1665 1929 se-

197 1963 264 1984 ram
279 1963 384 1996 neque
399 1953 569 1995 perturber,
590 1964 680 1996 spero
695 1954 791 1991 enirn,
808 1964 856 1985 me
869 1958 904 1985 et
915 1953 981 1985 illic
997 1964 1061 1984 non
1085 1954 1198 1994 minus,
1212 1962 1305 1995 quam
1328 1951 1392 1990 bic,
1405 1951 1506 1983 bonos
1519 1950 1665 1982 dominos

199 2006 379 2048 amicosque
394 2006 604 2038 inventurum.
647 2007 747 2037 Multi
762 2017 834 2038 vero
858 2007 889 2038 id
913 2006 1041 2038 minime
1064 2007 1206 2038 credunt.
1251 2005 1285 2037 Si
1308 2004 1404 2047 igitur
1425 2004 1568 2037 defensio
1592 2014 1664 2036 mea

198 2061 287 2092 vobis
302 2060 400 2102 magis
413 2070 507 2102 quam
524 2060 772 2092 Atheniensibus
790 2060 952 2102 judicibus
968 2060 1132 2102 persuasit,
1155 2061 1235 2092 bene
1248 2070 1281 2091 se
1290 2069 1337 2092 res
1349 2059 1455 2090 habet.
1497 2057 1579 2091 cum
1593 2058 1663 2091 haec

197 2114 340 2147 Socrates
355 2113 495 2151 dixisset,
510 2114 683 2156 suscipiens
698 2124 870 2145 sermonem
884 2114 985 2145 Cebes
998 2113 1042 2145 sic
1058 2113 1172 2155 inquit,
1188 2113 1302 2146 Cetera
1316 2112 1457 2155 quidem,
1472 2122 1492 2144 ο
1505 2112 1662 2151 Socrates,

196 2173 281 2201 recte
297 2167 382 2200 dicta
399 2167 562 2199 videntur:
585 2172 736 2209 quantum
752 2178 825 2199 vero
850 2168 890 2199 ad
915 2167 1015 2209 ipsam
1043 2167 1178 2199 animam
1203 2167 1279 2210 [70]
1303 2166 1543 2209 spectat,valde
1561 2165 1662 2198 ambi-

197 2227 277 2264 gunt
292 2221 446 2259 homines,
473 2232 513 2253 ne
537 2221 640 2253 anima
663 2232 681 2253 a
703 2232 832 2263 corpore
857 2226 998 2264 separata
1012 2232 1166 2264 nusquam
1180 2222 1220 2253 sit
1235 2221 1375 2259 ulterius,
1390 2220 1445 2252 sed
1460 2231 1499 2252 ea
1511 2219 1581 2263 ipsa
1595 2220 1660 2259 die,

197 2286 261 2318 qua
274 2276 368 2307 homo
379 2281 510 2307 mortem
526 2276 648 2313 obierit,
664 2276 795 2308 intereat
811 2276 976 2318 statimque
993 2275 1135 2318 sejuncta
1162 2286 1181 2307 a
1205 2285 1334 2318 corpore
1349 2275 1546 2312 dissolvatur,
1560 2278 1657 2317 atque

195 2329 355 2367 exhalans,
371 2329 461 2371 quasi
474 2334 586 2361 ventus
602 2335 655 2361 aut
680 2330 796 2367 fumus,
810 2329 979 2372 dissipetur
1003 2334 1098 2371 atque
1120 2334 1297 2365 evanescat,
1312 2338 1415 2370 neque
1431 2337 1561 2370 usquam
1577 2327 1659 2359 ulte·

195 2383 258 2415 rius
274 2383 402 2415 omnino
418 2383 458 2414 sit
472 2383 602 2425 aliquid.
648 2384 795 2415 Profecto
812 2384 837 2415 si
852 2388 934 2415 esset
947 2383 1063 2415 alicubi
1077 2383 1209 2415 collecta
1222 2383 1258 2414 in
1281 2382 1492 2424 semetipsam,
1507 2385 1540 2412 et
1554 2381 1594 2412 ab
1609 2380 1657 2412 his

197 2437 298 2474 malis,
313 2447 383 2478 quae
398 2442 432 2469 tu
455 2438 549 2468 modo
572 2438 726 2475 narrabas,
743 2438 883 2475 liberata,
898 2437 996 2469 multa
1021 2437 1164 2468 nimirum
1186 2437 1330 2478 bonaque
1354 2445 1425 2477 spes
1447 2439 1542 2476 esset,
1555 2445 1575 2466 ο
1597 2434 1658 2466 So-

194 2496 306 2531 crates,
320 2501 403 2529 vera,
417 2501 489 2533 quae
511 2491 650 2533 dicebas,
665 2491 741 2523 fore.
785 2491 931 2523 Ceterum
954 2492 993 2522 ad
1019 2491 1053 2522 id
1076 2491 1205 2522 fortasse
1229 2490 1427 2532 persuasione
1451 2488 1576 2530 fideque
1590 2497 1656 2519 non

194 2555 290 2587 parva
305 2555 385 2586 opus
399 2550 459 2582 est,
473 2549 509 2576 ut
523 2546 677 2588 credatur,
692 2555 852 2587 superesse
863 2545 996 2576 animam
1008 2549 1078 2587 post
1089 2543 1248 2576 interitum
1258 2543 1404 2582 hominis,
1414 2547 1508 2585 atque
1518 2541 1656 2583 aliquam

194 2598 259 2629 vim
282 2598 586 2641 intelligentiamque
611 2600 735 2631 habere.
779 2600 837 2632 So.
859 2599 954 2638 Vera,
970 2610 989 2631 o
1015 2599 1130 2637 Cebes,
1145 2598 1291 2640 loqueris.
1336 2597 1452 2629 Verum
1467 2595 1545 2639 quid
1558 2605 1655 2638 agen·

195 2652 270 2682 dum
286 2661 393 2683 censes
406 2652 418 2683 ?
441 2662 481 2684 an
497 2652 575 2684 forte
591 2653 630 2684 de
641 2653 689 2685 his
697 2653 776 2695 ipsis
791 2653 1066 2689 confabulandum,
1087 2658 1188 2684 utrum
1203 2651 1248 2684 ita
1263 2653 1327 2684 fore
1341 2661 1381 2683 an
1392 2651 1482 2683 aliter
1493 2649 1656 2693 probabile

192 2704 254 2736 sit?
300 2705 360 2738 Ca.
383 2704 531 2737 Libenter
546 2707 691 2748 equidem
707 2708 844 2740 audirem
870 2708 910 2739 de
933 2707 980 2739 his
1004 2708 1108 2745 rebus,
1130 2706 1206 2749 quid
1234 2707 1362 2740 sentias.
1406 2705 1463 2737 So.
1485 2703 1655 2737 Neminem

191 2759 322 2791 arbitror
336 2760 403 2791 haec
415 2760 607 2798 audientem,
624 2771 683 2793 nec
694 2761 720 2793 si
734 2763 892 2794 comoedus
908 2761 1036 2804 quidem
1052 2760 1103 2799 sit,
1119 2771 1186 2792 osse
1201 2761 1357 2792 dicturum
1371 2757 1483 2801 nugari
1494 2767 1578 2791 nunc
1590 2767 1653 2796 me,

190 2822 229 2845 ac
244 2813 284 2844 de
300 2812 413 2855 quibus
427 2813 552 2845 minime
566 2819 709 2856 oporteat
723 2817 816 2848 verba
829 2816 942 2849 facere.
987 2816 1020 2847 Si
1036 2825 1110 2857 ergo
1124 2814 1230 2857 placet
1244 2819 1431 2856 oportetque
1445 2811 1655 2853 considerare,

191 2867 224 2897 id
241 2867 300 2899 hoc
317 2873 410 2910 pacto
433 2868 680 2906 consideremus,
694 2875 796 2901 utrum
813 2870 960 2902 videlicet
981 2870 1066 2912 apud
1089 2869 1205 2900 inferos
1227 2869 1290 2900 sint
1310 2872 1500 2900 mortuorum
1525 2863 1651 2902 anim,

192 2931 305 2954 necne.
350 2921 450 2954 Vetus
464 2922 590 2965 quidem
605 2923 656 2955 hic
669 2929 769 2956 exstat
792 2935 903 2961 sermo,
929 2923 1019 2966 cujus
1042 2934 1191 2956 memores
1205 2932 1322 2963 sumus,
1337 2921 1421 2955 abire
1436 2918 1563 2962 quidem
1575 2916 1652 2950 illuc

190 2975 307 3008 animas
318 2975 547 3017 defunctorum,
562 2987 725 3020 rursusque
738 2979 797 3011 huc
811 2979 921 3011 reverti
937 2978 1064 3021 fierique
1079 2989 1117 3010 ex
1132 2978 1272 3010 mortuis.
1317 2974 1416 3018 Atqui
1429 2973 1456 3006 si
1470 2973 1530 3006 hoc
1545 2980 1652 3006 verum
