1846 3268
223 215 272 253 62
819 215 1087 257 PLAToNJs
1129 219 1130 222 ¹
1593 222 1691 275 [349

334 277 343 290 V

222 318 350 359 passim·
359 320 510 362 perquirit
538 318 688 363 aliquem,
718 321 845 363 quicum
875 322 1098 360 communicet,
1135 323 1365 365 approbetque,
1397 325 1503 366 quoad
1538 324 1691 357 inveniam

222 371 432 410 Quamobrem
447 375 516 417 ipse
532 386 618 408 nunc
633 381 737 407 tecum
754 375 915 413 libentius,
929 387 1022 418 quam
1038 387 1109 408 cum
1125 377 1186 408 alio
1212 378 1322 419 quovis
1346 379 1487 420 disputo,
1510 379 1691 410 existimans

222 432 253 458 te
269 429 388 470 optime
404 431 543 461 omnium
565 430 810 473 dijudicaturum
826 436 858 461 et
873 431 912 461 de
929 431 997 462 aliis
1022 431 1178 471 omnibus,
1206 442 1277 473 quae
1292 433 1330 464 ad
1349 434 1439 475 probi
1456 434 1511 464 viri
1531 433 1688 475 judicium

220 487 378 524 spectant,
393 488 426 515 et
438 484 479 516 de
495 485 541 516 his
558 485 699 521 maxime,
716 495 786 527 quae
803 484 869 526 ipse
885 485 1074 526 quaerebam,
1100 485 1247 518 videlicet
1270 488 1310 518 de
1327 488 1449 519 virtute.
1495 487 1578 518 Nam
1594 499 1688 530 quem

221 536 345 574 melius,
358 548 453 579 quam
469 544 499 570 te
516 539 548 570 id
563 539 716 570 facturum
733 549 854 580 sperem
872 539 884 570 ?
907 550 1021 581 nempe
1039 539 1178 582 plerique
1194 540 1247 571 alii
1264 541 1352 582 probi
1368 542 1494 583 quidem
1521 542 1581 584 ipsi
1604 547 1688 580 sunt,

221 591 276 621 sed
303 590 381 622 alios
404 593 481 623 tales
502 593 624 625 efficere
639 599 812 636 nequeunt.
842 593 906 627 ,Tu
934 600 1037 626 autem
1060 605 1124 625 non
1145 595 1239 625 modo
1255 595 1369 626 virtute
1390 597 1555 637 praeditum
1575 607 1642 628 esse
1657 602 1689 628 te

221 644 324 685 ducis,
339 656 444 677 verum
465 647 559 678 etiam
585 653 704 679 ceteros
727 648 868 679 homines
895 649 1006 679 eadem
1032 653 1211 679 ornaturum
1237 654 1267 680 te
1293 650 1474 691 polliceris:
1499 655 1594 692 atque
1609 651 1690 682 adeo

220 703 275 729 tuo
292 699 419 741 ingenio
433 701 569 733 confisus
583 713 628 739 es,
646 708 680 733 ut
694 703 805 734 ceteris
826 703 970 733 omnibus
986 703 1267 745 dissimulantibus,
1294 703 1378 734 solus
1401 704 1471 746 ipse
1495 709 1591 735 artem
1606 705 1688 736 lianc

222 752 406 794 profitearis),
423 755 519 798 [349]
537 762 631 798 teque
647 757 749 799 palam
767 767 821 799 per
836 767 944 788 omnes
959 757 1088 788 Graecos
1104 757 1287 799 sophistam,
1303 758 1393 799 qnasi
1409 758 1537 801 publico
1551 759 1690 801 quodam

221 808 392 850 praeconio,
415 810 580 852 praedices,
602 811 754 843 doctrinae
770 821 953 853 morumque
969 811 1160 853 magistrum,
1185 817 1218 843 et
1242 812 1357 854 primns
1371 813 1555 845 ,mercedem
1570 812 1694 844 artificii

220 860 310 893 istius
324 873 486 905 exposcas.
530 865 626 902 Quod
643 865 738 907 igitur
752 866 868 906 obstat,
883 866 959 908 quin
970 866 1037 908 ipse
1049 877 1112 908 prae
1123 866 1234 898 ceteris
1246 867 1285 897 ad
1302 867 1408 898 harum
1424 877 1523 898 rerum
1534 866 1691 908 judicium

221 915 263 947 sis
280 917 482 949 advocandus
498 919 813 963 interrogandusque,
836 924 869 951 et
883 926 987 952 tecum
1003 921 1264 963 communicanda
1279 921 1342 952 sint
1356 921 1485 953 onmia?
1530 921 1619 952 Nihil
1635 931 1692 963 pe-

221 969 306 1001 nitus
322 971 436 1004 obstat.
481 972 581 1015 Atqui
597 979 629 1005 et
653 974 720 1016 ipse
742 985 827 1006 nunc
850 974 916 1016 illa,
939 975 980 1006 de
1003 974 1118 1016 quibus
1128 967 1133 976 '¹
1143 975 1242 1016 primo
1264 975 1462 1017 interrogavi,
1478 975 1574 1018 cupio
1589 986 1692 1006 rursus

222 1025 334 1065 partim
351 1026 406 1057 abs
421 1031 452 1058 te
468 1027 543 1059 milti
558 1027 591 1059 in
606 1034 742 1060 mentem
757 1030 876 1066 reduci,
893 1029 1003 1071 partim
1019 1029 1176 1060 communi
1188 1028 1313 1071 judicio
1328 1029 1453 1061 discuti.
1498 1028 1574 1060 Erat
1588 1035 1693 1061 autem

223 1077 306 1119 talis,
319 1085 356 1111 ut
371 1081 510 1120 arbitror,
527 1083 659 1124 quaestio
674 1095 680 1114 :
705 1083 817 1116 Utrum
835 1084 1003 1126 sapientia,
1028 1084 1248 1126 temperantia,
1264 1083 1429 1121 fortitudo,
1450 1083 1588 1126 justitia,
1603 1093 1694 1115 sane-

224 1132 309 1171 ῑὶῑᾶδι
324 1135 463 1178 quinque
478 1137 605 1168 nomina
619 1137 762 1180 ejusdem
779 1138 823 1170 rei
838 1139 912 1175 sint,
929 1149 968 1169 an
987 1139 1155 1181 unicuique
1171 1139 1279 1169 borum
1290 1137 1450 1169 nominum
1461 1137 1559 1169 subsit
1571 1138 1695 1180 propria

224 1188 370 1229 quaedam
385 1191 533 1229 essentia,
548 1197 582 1223 et
596 1203 643 1224 res
658 1193 804 1234 quaedam
820 1194 882 1224 vim
901 1193 1056 1235 propriam
1070 1193 1201 1234 habens,
1216 1193 1296 1224 adeo
1313 1198 1348 1223 ut
1363 1203 1425 1223 non
1438 1193 1478 1224 sit
1490 1202 1585 1223 uuum
1601 1193 1695 1235 quale

224 1247 272 1273 est
287 1243 384 1277 aliud.
426 1244 547 1278 ‘Dixisti
563 1252 651 1284 tunc,
666 1258 863 1290 nequaquam
878 1249 970 1279 unius
982 1248 1026 1279 rei
1042 1259 1110 1279 esse
1125 1249 1190 1279 haec
1207 1247 1344 1284 nomina,
1360 1247 1415 1278 sed
1431 1246 1552 1289 singula
1568 1247 1695 1279 nomina

225 1297 317 1329 rebus
340 1298 472 1341 singulis
493 1301 646 1334 adhiberi.
669 1302 746 1345 quin
770 1302 866 1334 etiam
892 1309 994 1344 partos
1019 1313 1127 1334 omnes
1151 1303 1206 1333 has
1239 1313 1308 1334 esse
1333 1302 1475 1333 virtutis:
1510 1302 1593 1332 haud
1619 1311 1694 1333 sane

226 1352 369 1394 perinde,
386 1359 420 1384 ut
434 1355 619 1398 aur’rpartes
640 1356 722 1388 inter
745 1368 777 1388 se
800 1357 959 1399 totiusque
979 1357 1177 1396 consimiles3
1200 1357 1254 1388 sed
1271 1364 1306 1387 ut
1322 1356 1424 1387 vultus
1440 1361 1545 1398 partes
1559 1355 1694 1388 invicem

226 1406 386 1449 totiusque
402 1408 580 1448 dissimiles,
604 1411 800 1454 propriisque
817 1412 968 1443 discretas
984 1411 1146 1453 potentiis.
1169 1411 1196 1442 si
1210 1412 1276 1443 liaec
1290 1411 1416 1451 iterum,
1438 1416 1472 1441 ut
1493 1420 1598 1452 supra,
1618 1420 1696 1442 con-

228 1460 344 1503 firmas,
359 1464 519 1505 exprime:
544 1466 592 1497 sin
605 1466 696 1498 aliter
709 1467 804 1498 modo
820 1466 928 1504 sentis,
950 1467 1010 1498 hoc
1031 1467 1184 1498 discerne·
1229 1465 1384 1507 Equidem
1405 1465 1461 1496 tibi
1482 1465 1559 1496 nihil
1582 1465 1614 1496 in
1635 1475 1697 1497 ser-

228 1516 374 1548 monibus
389 1518 565 1560 imputabo,
589 1521 615 1551 si
638 1531 723 1553 nunc
744 1521 836 1553 aliter
859 1521 956 1553 dicas.
979 1531 1082 1563 neque
1103 1520 1185 1552 enim
1211 1521 1346 1557 mirarer,
1362 1519 1386 1550 si
1403 1519 1456 1550 illa
1471 1525 1547 1551 tunc
1562 1519 1698 1551 Socratis

228 1571 374 1603 tentandi
396 1573 496 1613 gratia
514 1574 639 1607 dixeris.
685 1576 795 1609 Pnor.
820 1575 899 1607 Haec
923 1575 1028 1611 omnia
1050 1582 1152 1617 partes
1172 1575 1293 1606 virtutis
1314 1585 1381 1605 esse
1406 1574 1490 1610 dico,
1517 1585 1554 1604 ex
1583 1573 1697 1616 quibus

229 1632 364 1666 quatuor
375 1628 449 1658 satis
464 1628 597 1661 invicem
610 1631 786 1662 consimiles
801 1636 884 1662 sunt.
907 1631 1058 1661 fortitudo
1074 1635 1177 1660 autem
1194 1629 1286 1670 longe
1301 1629 1340 1659 ab
1355 1628 1423 1660 aliis
1437 1628 1554 1661 differt.
1599 1628 1696 1666 Quod

230 1685 334 1725 autern
352 1692 422 1714 vere
438 1682 559 1726 loquar,
575 1685 659 1717 hunc
673 1685 705 1716 in
720 1686 846 1716 modum
862 1695 1045 1726 cognoscem
1089 1684 1242 1725 Reperies
1258 1682 1425 1726 nonnullos
1439 1682 1583 1714 immines
1596 1681 1698 1724 injus-

233 1734 380 1773 tissimos,
396 1738 642 1782 profanis-simos,
663 1740 1010 1782 intemperantissimos,
1029 1738 1286 1780 imperitissimos,
1313 1737 1367 1779 qui
1387 1742 1490 1768 tamen
1510 1736 1622 1768 ceteris
1637 1736 1698 1767 for-

231 1789 366 1822 titudine
382 1797 542 1833 praestant.
587 1794 642 1826 So.
664 1794 821 1837 Attende,
837 1795 971 1826 amabo:
995 1793 1258 1825 considerandum
1275 1797 1323 1823 est
1342 1792 1426 1834 quod
1449 1790 1540 1822 dicis.
1585 1790 1697 1822 Utrum

231 1843 338 1884 fortes,
353 1846 505 1878 audentes
520 1859 623 1886 vocas,
649 1860 690 1880 an
714 1849 792 1880 alios
809 1849 984 1891 quosdam?
1031 1848 1139 1880 Pno'r.
1161 1847 1261 1878 Immo
1283 1846 1376 1878 etiam
1399 1847 1438 1877 ad
1459 1856 1495 1877 ea
1513 1845 1700 1887 praecipites,

232 1908 251 1929 a
276 1899 390 1940 quibus
415 1900 538 1942 plurimi
561 1903 764 1935 deterrentur.
810 1905 866 1935 So.
890 1903 959 1946 Age
980 1903 1099 1944 itaque,
1125 1901 1269 1932 virtutem
1299 1901 1463 1931 honestum
1491 1899 1639 1941 quiddam
1666 1904 1700 1931 et

232 1953 395 1994 pulchrum
409 1957 530 1996 asseris,
542 1968 673 2000 eamque
690 1964 726 1990 ut
742 1958 904 2001 pulchrum
919 1958 1036 2000 aliquid
1053 1957 1169 1988 doces?
1196 1955 1292 1998 [350]
1317 1955 1424 1987 Pno-r.
1452 1953 1697 1985 Pulcherrimum

233 2008 393 2050 equidem,
418 2010 478 2041 nisi
498 2012 578 2044 forte
597 2013 733 2046 insanio.
780 2014 834 2045 So.
859 2013 970 2045 Utrum
996 2012 1089 2055 hujus
1109 2011 1258 2054 quiddam
1274 2017 1364 2052 turpe
1380 2016 1438 2047 est,
1461 2009 1610 2052 quiddam
1627 2009 1698 2051 pul-

231 2062 339 2093 chrum
357 2063 368 2093 ?
391 2074 430 2094 an
449 2065 611 2106 pulchrum
627 2072 726 2098 totum
742 2068 753 2099 ?
799 2068 909 2099 Ρκοτ.
931 2067 1161 2108 Totum,quam
1171 2064 1303 2096 maxime
1315 2075 1382 2095 esse
1399 2070 1512 2105 potest,
1525 2063 1701 2105 pulchrum.

235 2118 292 2149 So.
315 2118 424 2150 Scisne
447 2120 501 2162 qui
524 2122 672 2152 audacter
694 2122 725 2152 in
751 2122 853 2163 puteis
872 2121 1004 2153 natant?
1051 2121 1158 2152 Pno‘r.
1181 2119 1282 2150 Immo
1302 2129 1396 2149 vero:
1420 2124 1576 2150 natan-res
1601 2119 1698 2152 enim.

235 2172 291 2203 So.
315 2172 426 2205 Utrum
450 2175 524 2216 quia
546 2181 653 2207 natare
671 2177 785 2214 sciunt,
811 2188 851 2207 an
878 2178 918 2208 ob
945 2176 1054 2206 aliud?
1100 2175 1210 2206 Pnor.
1242 2174 1325 2211 Quia
1353 2179 1458 2205 natare
1483 2173 1598 2206 sciunt.
1643 2174 1699 2206 So.

235 2227 373 2264 Quinam
390 2239 427 2258 ex
444 2229 533 2270 equis
550 2231 680 2262 maxime
696 2242 835 2272 pugnare
850 2231 991 2262 audent?
1015 2235 1117 2261 utrum
1144 2227 1279 2270 equites,
1302 2238 1340 2258 an
1366 2227 1518 2269 equestris
1539 2229 1701 2260 industriae

236 2282 352 2312 rudes?
398 2283 507 2315 Pnor.
530 2285 672 2326 Equites.
717 2286 772 2317 So.
798 2285 934 2323 Quinam
948 2285 1057 2326 clipeis
1073 2283 1221 2315 audacter
1243 2283 1406 2324 pugnant?
1430 2282 1634 2323 clipeiseriue,
1658 2293 1698 2313 an

234 2335 312 2367 alii?
358 2336 467 2370 Pnor.
491 2338 550 2370 Isti
563 2340 689 2381 quidem
707 2351 715 2372 ι
741 2345 774 2371 et
788 2340 819 2370 in
836 2339 946 2371 ceteris
961 2339 1117 2373 omnibus,
1139 2337 1164 2368 si
1180 2338 1261 2368 istud
1278 2337 1402 2378 quaeris,
1417 2337 1599 2368 audaciores
1613 2342 1698 2373 sunt,

234 2390 291 2432 qni
314 2391 430 2426 sciunt,
454 2403 547 2434 quam
570 2394 624 2435 qui
644 2395 811 2425 nesciunt:
832 2395 991 2435 iidemque
1014 2392 1155 2423 homines
1179 2397 1342 2432 postquam
1365 2390 1554 2427 didicerunt,
1580 2391 1699 2421 audent.

236 2445 467 2487 vehementius,
483 2458 575 2488 quam
592 2459 661 2479 cum
679 2449 874 2490 ignorabant.
919 2448 976 2480 So.
1001 2446 1157 2479 Vidistine
1170 2455 1306 2487 unquam
1319 2443 1441 2486 aliquos
1449 2445 1559 2475 horum
1574 2444 1699 2486 ignaros

237 2498 388 2536 omnium,
403 2501 442 2531 ad
460 2502 526 2533 haec
541 2503 645 2533 omnia
662 2509 764 2534 tamen
781 2503 957 2534 audentes?
1005 2502 1112 2533 Pno'r.
1134 2500 1209 2532 Vidi
1233 2499 1379 2541 equidem
1404 2504 1438 2530 et
1455 2499 1591 2530 audaces
1611 2509 1698 2530 max-

236 2552 310 2584 ime.
355 2553 409 2586 So.
433 2554 597 2597 Numquid
611 2558 746 2589 audaces
761 2557 812 2589 isti
823 2558 918 2589 fortes
932 2559 1027 2588 sunt?
1073 2555 1180 2587 Pno’r.
1203 2554 1308 2596 Turpe
1331 2554 1482 2595 quiddam
1504 2558 1588 2586 esset
1612 2554 1702 2585 forti-

240 2608 340 2638 tudo:
365 2610 622 2651 quandoquidem
648 2613 783 2643 audaces
805 2613 856 2643 isti
880 2612 986 2643 furiosi
1007 2616 1090 2643 sunt.
1135 2610 1192 2641 So.
1215 2609 1267 2640 An
1282 2619 1347 2639 non
1362 2608 1442 2639 dit-is
1456 2608 1550 2639 fortes
1563 2609 1699 2640 audaces

237 2663 322 2704 ipsos
338 2664 430 2694 esse?
476 2664 586 2698 Prior.
610 2665 688 2697 Dixi
700 2667 859 2708 equidem,
870 2673 903 2699 et
913 2667 998 2698 dico.
1042 2666 1099 2697 Sc.
1124 2663 1239 2695 Nonne
1252 2664 1314 2700 isti,
1331 2664 1386 2705 qui
1401 2663 1445 2694 sic
1461 2663 1590 2699 audent,
1606 2661 1700 2692 fortes

240 2717 367 2758 quidem
379 2718 517 2755 minime,
527 2721 583 2750 sed
594 2720 731 2752 furentes
743 2727 895 2763 apparent
908 2722 920 2752 ?
936 2728 968 2753 et
975 2731 1068 2763 supra
1080 2730 1181 2751 rursus
1192 2717 1412 2761 sapientissimi
1423 2715 1699 2750 illiundentissimi

238 2772 328 2803 nobis
338 2779 550 2814 apparuerunt
562 2774 573 2805 ?
589 2780 622 2806 et
635 2775 710 2817 quia
720 2776 948 2813 audentissimi,
957 2776 1031 2807 ideo
1043 2773 1238 2807 etfortissimi
1251 2786 1258 2804 :
1275 2779 1368 2815 atque
1380 2773 1427 2804 ita
1435 2771 1606 2803 secundum
1619 2771 1700 2802 hanc

240 2826 393 2858 rationem
412 2827 566 2869 sapientia
583 2829 651 2870 ipsa
663 2830 814 2861 fortitudo
830 2831 931 2862 esset?
976 2830 1086 2862 Pam.
1108 2829 1204 2860 Haud
1220 2829 1294 2859 satis
1309 2825 1488 2866 recordaris,
1502 2835 1522 2856 ο
1543 2825 1700 2866 Socrates;

243 2891 315 2922 quae
328 2881 505 2924 dixisupra,
521 2883 639 2925 tibique
655 2885 812 2927 respondi.
850 2885 1006 2927 Equidem
1020 2885 1230 2926 interrogatus
1238 2883 1292 2914 abs
1306 2887 1347 2919 te,
1361 2887 1460 2912 utrum
1470 2879 1565 2911 fortes
1579 2880 1634 2910 viri
1645 2888 1701 2910 au-

244 2935 356 2967 dentes
367 2942 484 2976 essent,
501 2939 647 2976 consensi
660 2950 666 2970 :
693 2945 794 2971 utrum
810 2950 881 2971 vero
893 2945 926 2970 ct
937 2939 1088 2971 audentes
1099 2939 1194 2971 sortes
1207 2942 1322 2976 essent,
1337 2946 1401 2968 non
1412 2934 1595 2979 quaesivisti.
1617 2936 1702 2978 quod
