1846 3268
234 271 310 309 188
828 264 1093 305 PLATONIS
1604 271 1701 322 [449

233 377 306 406 sunt
321 373 375 405 alii
390 374 517 404 aliarum
534 372 623 405 aliter
638 383 645 402 :
671 370 858 411 optimarum
875 379 947 400 vero
964 369 1075 410 optimi
1089 381 1097 399 ι
1123 379 1253 412 quornm
1271 381 1306 401 ex
1335 380 1462 402 numero
1484 371 1534 403 hic
1558 376 1606 404 est
1620 372 1703 404 Gor-

233 427 312 468 gias,
324 432 388 458 arte
405 425 611 468 pulcherrima
626 423 787 466 pras-ditus.
833 423 891 454 So.
915 422 1069 455 Praeclare
1082 423 1224 464 quidem,
1239 434 1258 455 ο
1275 423 1537 466 Gorgia,videtur
1554 424 1650 456 Polus
1663 425 1704 456 ad

232 481 384 511 orandum
416 485 552 522 paratus.
575 484 781 510 veruntamen
810 477 895 519 quod
926 476 1069 518 promisit
1097 475 1336 519 Cliaerephonti,
1361 489 1425 509 non
1451 484 1564 510 servat.
1608 478 1702 510 Gon·

233 534 298 566 Cur
314 545 390 571 non,
405 545 425 565 o
439 534 583 565 Socrates
600 533 611 564 ἓ
656 533 713 564 So.
737 531 788 562 Ad
804 530 1080 572 interrogationem
1096 531 1225 572 quidem
1241 542 1305 562 non
1321 533 1396 563 satis
1411 531 1613 574 respondisse
1628 532 1705 563 mihi

236 589 371 620 videtur.
417 587 509 619 Gon.
534 586 579 618 At
598 592 631 618 tu
657 586 780 622 iterum,
796 585 823 616 si
838 585 901 622 vis,
923 588 1007 626 pete.
1051 584 1108 617 So.
1133 585 1168 616 Si
1195 590 1240 622 tu,
1258 585 1388 628 Gorgia,
1415 587 1603 628 respondere
1630 585 1706 616 mihi

234 642 342 679 velles,
359 652 377 672 a
393 646 423 672 te
439 641 510 683 ipso
528 640 677 672 libentius
701 649 884 681 quaererem.
911 649 1005 680 quam
1031 649 1050 669 n
1077 638 1171 670 Polo.
1195 644 1320 671 constat
1343 640 1438 678 enim,
1454 640 1567 672 Polum
1597 650 1652 682 per
1665 650 1704 671 ea

234 706 306 738 quae
321 696 418 727 modo
434 695 608 736 respondit,
622 693 784 725 rhetoricae
802 693 899 735 magis
914 703 1008 734 quam
1030 692 1204 724 disserendi
1220 693 1279 724 arti
1294 704 1420 735 operam
1435 694 1572 726 dedisse.
1618 693 1704 725 Por..

235 751 301 782 Cnr
315 749 361 789 id,
376 760 395 780 o
410 750 567 791 Socrates,
582 748 627 779 ais
640 748 652 779 ἓ
698 747 753 781 So.
777 747 863 785 Quia
878 757 949 778 cum
965 747 1187 788 interrogasset
1202 747 1414 790 Chaerephon,
1437 747 1527 790 cujus
1549 748 1623 779 artis
1648 758 1705 789 pe-

233 805 310 835 ritus
321 809 403 835 esset
416 803 562 845 Gorgias,
578 801 711 833 laudasti
727 806 760 832 tu
774 801 914 842 quidem,
929 812 949 831 o
963 800 1057 838 Pole,
1073 800 1142 842 ejus
1157 807 1267 839 artem,
1291 802 1381 843 quasi
1401 801 1472 844 quis
1495 812 1564 834 eam
1580 802 1703 844 vitupe-

235 863 353 890 rasset:
377 868 448 901 quae
472 868 543 888 vero
568 856 622 888 illa
647 857 698 893 sit,
713 866 776 886 non
804 855 1006 896 respondisti.
1051 855 1136 888 Por„
1160 855 1277 887 Nonne
1301 855 1540 897 pulcherrimam
1564 867 1632 888 esse
1659 866 1706 888 re-

235 911 373 954 spondi?
419 912 473 944 So.
498 911 627 942 Prorsus
647 909 784 951 quidem.
808 909 863 939 sed
889 919 994 946 nemo,
1020 908 1123 950 qualis
1143 909 1183 940 sit
1209 920 1259 944 ars,
1281 908 1421 951 Gorgiae,
1441 911 1624 952 quaerebat5
1648 912 1703 942 sed

234 975 381 1008 quaenam
396 965 447 1002 sit,
462 971 495 996 et
509 974 602 1006 quem
619 968 764 1005 oporteat
779 962 883 994 vocari
898 961 1047 1004 Gorgiam
1063 974 1071 993 ε
1095 964 1361 1004 quemadmodum
1388 970 1419 995 te
1444 965 1528 1006 prius
1552 965 1705 1006 quodam-

235 1020 330 1050 modo
359 1020 531 1050 instruebat
557 1018 770 1059 Clraerephon,
800 1026 837 1048 ac
865 1021 899 1047 tu
929 1016 974 1047 illi
1012 1016 1110 1059 [449]
1145 1018 1225 1048 bene
1256 1018 1452 1059 breviterque
1481 1019 1705 1060 respondebas.

235 1073 332 1105 Nunc
348 1084 420 1115 crgo
437 1073 547 1103 eadem
564 1072 684 1103 ratione
700 1071 798 1108 dicas,
814 1081 959 1113 quaenam
974 1081 1034 1108 ars,
1050 1076 1084 1102 et
1099 1082 1192 1113 quem
1219 1071 1368 1113 Gorgiam
1392 1072 1487 1103 simus
1502 1072 1705 1114 appellaturi.

234 1128 336 1162 Immo
353 1138 424 1158 vero
439 1132 485 1164 tu,
503 1126 633 1168 Gorgia,
650 1125 740 1157 nobis
755 1125 899 1163 ostende,
914 1136 1007 1168 quem
1023 1125 1178 1157 nominari
1195 1131 1225 1157 te
1241 1126 1365 1168 deceat,
1380 1130 1413 1157 et
1434 1125 1525 1168 cujus
1539 1125 1610 1158 artis
1627 1127 1708 1168 peri-

237 1187 316 1213 tum.
361 1181 451 1212 Gon.
476 1181 701 1218 Rlletoricae,o
717 1180 871 1212 Socrates.
916 1180 973 1212 So.
997 1179 1169 1212 Rhetoreru
1195 1190 1269 1222 ergo
1294 1185 1326 1212 te
1349 1180 1510 1222 appellare
1529 1181 1706 1223 debemus?

237 1232 329 1267 (3011ss
354 1235 396 1266 Et
413 1236 529 1266 bonum
549 1235 691 1278 quidem,
714 1235 739 1266 si
756 1245 817 1276 me,
839 1235 926 1277 quod
955 1234 1103 1276 profiteor
1127 1246 1207 1271 esse,
1229 1240 1262 1266 ut
1286 1235 1330 1266 ait
1356 1234 1524 1278 Homerus,
1545 1235 1706 1268 nominare

235 1290 322 1321 velis.
367 1291 423 1322 So.
449 1289 532 1321 Volo
548 1290 708 1332 equidem.
754 1290 848 1321 Gon.
872 1289 1010 1320 Nomina
1035 1299 1122 1331 ergo,
1168 1289 1224 1320 So.
1248 1288 1302 1320 An
1329 1289 1470 1322 dicemus
1484 1289 1563 1322 alios
1578 1300 1705 1332 quoqne

235 1349 266 1375 te
292 1344 394 1376 facere
422 1344 534 1386 posse?
582 1344 673 1375 Gon.
699 1343 778 1374 Haec
806 1343 954 1385 equidem
977 1353 1043 1373 non
1070 1342 1155 1384 apud
1174 1353 1228 1374 vos
1252 1342 1365 1380 solum,
1382 1354 1486 1374 verum
1507 1343 1602 1374 etiam
1618 1345 1704 1386 apud

235 1409 290 1429 vos
306 1399 418 1436 solum,
438 1409 543 1430 verum
569 1398 663 1429 etiarn
687 1398 772 1438 apud
789 1407 896 1428 omnes
912 1396 1074 1438 profiteor.
1120 1396 1177 1427 So.
1201 1396 1263 1427 Sed
1287 1397 1430 1438 nunquid
1448 1396 1556 1435 velles,
1573 1396 1704 1439 Gorgia,

234 1453 500 1495 quemadmodum
527 1452 702 1494 incepimus
718 1451 966 1493 disputationem
995 1461 1153 1493 peragere,
1179 1451 1289 1493 partim
1316 1451 1443 1493 quidem
1470 1451 1706 1492 interrogando,

236 1508 347 1548 partim
362 1508 455 1539 etiam
470 1507 701 1549 respondendo,
725 1505 935 1548 prolixitatem
950 1506 1036 1536 illam
1053 1506 1230 1546 verborum,
1253 1517 1316 1548 qua
1333 1507 1380 1537 uti
1396 1500 1657 1548 coeperat'Polus,
1672 1505 1706 1536 in

234 1561 319 1593 aliud
336 1567 459 1604 tempus
477 1562 655 1593 reservans?
704 1561 821 1592 Verum
837 1562 924 1602 quod
947 1560 1025 1591 mihi
1040 1560 1216 1603 promiseris
1233 1561 1396 1592 observato
1411 1571 1420 1592 :
1445 1559 1584 1602 velisque
1601 1560 1640 1591 ad
1656 1559 1706 1590 in-

235 1622 390 1658 terrogata
413 1627 506 1658 qnam
532 1616 710 1648 brevissime
736 1615 938 1657 respondere.
983 1614 1075 1647 Gon.
1097 1616 1179 1646 Sunt
1204 1616 1345 1657 quidem,
1371 1627 1390 1646 o
1405 1615 1561 1656 Socrates,
1576 1625 1706 1656 respon-

235 1671 338 1702 siones
361 1673 517 1713 qnaedam,
541 1681 618 1713 quas
644 1670 838 1712 longioribus
854 1670 955 1701 verbis
981 1680 1108 1701 necesse
1132 1675 1180 1701 est
1205 1670 1293 1702 fieri:
1317 1670 1456 1701 conabor
1481 1674 1585 1700 tamen
1612 1679 1705 1710 quam

236 1725 416 1757 brevissime
432 1725 633 1767 respondere.
655 1735 770 1766 nempe
787 1724 845 1754 boc
861 1724 963 1765 ipsum
978 1734 1073 1754 unum
1090 1729 1138 1755 est
1152 1734 1188 1754 ex
1214 1723 1260 1754 his
1275 1734 1346 1765 quae
1363 1722 1520 1765 profiteor,
1536 1722 1655 1754 nullum
1672 1722 1707 1754 in

236 1779 427 1810 brevioribus
451 1778 551 1810 verbis
577 1789 670 1821 quam
695 1789 744 1810 me
770 1778 882 1809 eadem
897 1778 1067 1820 explicare.
1114 1778 1170 1810 So.
1194 1777 1265 1809 Hac
1286 1777 1372 1815 mihi,
1399 1777 1530 1820 Gorgia,
1557 1787 1637 1818 opus
1661 1782 1710 1808 est

234 1833 408 1873 brevitate;
431 1840 463 1865 et
478 1834 559 1865 lianc
576 1833 653 1864 mihi
669 1834 864 1864 demonstres
881 1843 957 1864 oro:
983 1833 1109 1874 copiam
1134 1843 1207 1864 vero
1233 1833 1264 1862 in
1291 1838 1415 1874 tempus
1439 1831 1524 1863 aliud
1542 1837 1706 1864 reservato.

235 1885 327 1919 Gon.
351 1886 475 1919 Faciam
493 1886 654 1928 equidem,
672 1891 706 1917 ut
721 1885 879 1917 neminem
894 1885 982 1917 dicas
995 1896 1134 1927 unquam
1149 1890 1180 1916 te
1196 1884 1353 1917 audivisse
1369 1896 1418 1917 me
1434 1885 1615 1918 breviorem.
1651 1885 1709 1917 So.

235 1939 306 1982 Age
317 1940 397 1983 jam,
419 1941 580 1972 rlietoricae
603 1941 676 1971 artis
693 1945 722 1971 te
737 1940 851 1971 habere
866 1940 1030 1971 scientiam
1046 1939 1138 1980 dicis,
1156 1939 1297 1982 aliosque
1322 1950 1414 1982 posse
1429 1940 1566 1971 rhetores
1580 1939 1682 1970 facere
1696 1951 1703 1970 ε

234 1995 304 2039 ipsa
320 2005 392 2027 vero
405 1995 559 2026 rhetorica
573 1995 656 2026 circa
672 1994 792 2036 aliquid
805 1999 956 2034 versatur,
970 1993 1067 2025 veluti
1078 1994 1209 2025 textoria
1225 1994 1308 2026 circa
1321 1994 1452 2025 vestium
1464 1992 1708 2026 confectionem.

235 2050 367 2081 nonne?
413 2049 504 2080 Gon.
528 2049 589 2082 Ita.
635 2049 692 2080 So.
716 2048 834 2079 Nonne
861 2053 894 2080 et
915 2047 1035 2080 musica
1059 2049 1142 2079 circa
1158 2048 1302 2079 melodiae
1319 2047 1566 2088 perfectionem?
1613 2047 1706 2081 Gon.

235 2104 301 2136 Sic.
346 2104 400 2136 So.
427 2104 486 2135 Per
502 2104 628 2139 Jovem,
644 2114 662 2133 o
680 2102 813 2143 Gorgia,
829 2102 1048 2144 responsiones
1065 2103 1112 2133 hae
1129 2109 1191 2133 tnae
1207 2113 1256 2134 me
1272 2102 1363 2134 valde
1389 2102 1563 2142 oblectant,
1578 2102 1707 2145 quando

234 2169 328 2201 quam
344 2157 532 2189 brevissimis
547 2156 701 2189 absolvas.
750 2156 841 2189 Gon.
864 2156 978 2198 Spero,
1003 2167 1022 2188 ο
1045 2156 1201 2194 Socrates,
1219 2167 1266 2188 me
1284 2156 1340 2187 tibi
1356 2157 1386 2187 in
1404 2157 1464 2188 hoc
1481 2157 1520 2187 ad
1538 2162 1643 2188 votum
1659 2167 1708 2188 sa·

234 2212 441 2244 tisfacturum.
488 2212 545 2242 So.
567 2210 670 2242 Recte
698 2211 754 2242 ais.
800 2209 872 2252 Age
897 2215 929 2242 et
955 2211 996 2242 de
1017 2210 1170 2242 rhetorica
1190 2211 1330 2242 similiter
1355 2210 1430 2242 mihi
1446 2213 1614 2254 responde,
1629 2222 1708 2254 quo-

235 2264 376 2298 rumnam
400 2266 533 2297 scicntia
557 2264 607 2297 sit.
655 2264 747 2297 Gon.
771 2265 968 2296 Sermonum.
1014 2265 1071 2297 So.
1109 2264 1273 2306 Qualium,
1301 2276 1319 2295 o
1350 2263 1480 2307 Gorgia,
1507 2265 1709 2297 sermonum?

236 2331 310 2352 nuru
327 2331 446 2357 eorum,
462 2320 517 2363 qui
544 2319 717 2350 ostendunt
743 2330 805 2360 qua
829 2319 947 2350 ratione
973 2319 1097 2350 vivendi
1120 2324 1307 2360 aegrotantes
1331 2319 1550 2355 convalescere.
1565 2317 1708 2362 possint?

236 2373 328 2418 Gon.
351 2373 438 2404 Non.
484 2374 541 2405 So.
564 2373 639 2404 Non
666 2373 761 2415 igitur
789 2373 870 2404 circa
907 2383 1064 2404 sermones
1100 2384 1209 2404 omnes
1240 2379 1376 2404 versatur
1403 2373 1567 2404 rhetorica.
1613 2373 1707 2404 Gon.

234 2426 460 2471 Nequaquam.
506 2427 562 2459 So.
589 2427 803 2458 Veruntamen
829 2426 912 2458 circa
934 2438 989 2457 eos
1016 2437 1173 2457 sermones
1195 2427 1249 2468 qui
1271 2427 1400 2458 dicendi
1422 2426 1603 2458 facultatem
1630 2437 1707 2469 prae-

235 2486 329 2513 stant.
375 2481 467 2513 Gon.
492 2480 728 2512 Proculdubio.
773 2481 829 2512 So.
853 2480 1007 2522 Nunquid
1023 2480 1178 2511 rhetorica
1193 2481 1223 2510 in
1240 2480 1354 2522 quibus
1377 2480 1517 2518 dicendi,
1534 2480 1565 2511 in
1589 2480 1706 2512 eisdem

234 2541 265 2567 et
281 2535 478 2577 intelligendi
495 2535 557 2566 vim
574 2535 716 2578 praebet?
760 2534 854 2567 Gon.
880 2534 1003 2572 Quidni
1017 2534 1028 2564 ?
1075 2534 1131 2565 So.
1156 2533 1272 2566 Nonne
1288 2534 1458 2572 medicina,
1475 2535 1515 2566 de
1530 2545 1594 2577 qua
1611 2535 1704 2566 ruodo

235 2589 429 2627 dicebamus.
454 2588 551 2632 [450]
577 2589 673 2620 efficit
688 2593 723 2620 ut
738 2589 778 2620 de
795 2588 1012 2631 aegrotantium
1029 2588 1191 2620 curatione
1207 2594 1239 2619 et
1255 2588 1442 2630 intelligere,
1458 2593 1491 2619 et
1505 2588 1591 2631 loqui
1607 2588 1712 2631 possi-⁴

234 2643 324 2674 mus?
371 2642 461 2675 Gon.
486 2642 623 2674 Necesse
649 2648 708 2676 est.
753 2643 810 2675 So.
833 2643 875 2674 Et
901 2642 1058 2674 medicina
1084 2642 1191 2684 igitur,
1216 2649 1251 2674 ut
1270 2648 1413 2684 apparet,
1439 2642 1522 2675 circa
1549 2653 1706 2674 sermones

235 2701 384 2729 versatur.
431 2696 522 2729 Gon.
547 2696 599 2728 Sic
623 2702 682 2728 cst.
728 2696 786 2730 So.
811 2697 874 2728 Eos
901 2696 1061 2734 videlicet,
1084 2697 1139 2737 qui
1168 2697 1208 2728 ad
1242 2698 1366 2728 morbos
1397 2696 1569 2739 pertinent.
1613 2695 1706 2728 Gon.

233 2751 388 2784 Maxime.
434 2750 490 2780 So.
514 2749 630 2781 Nonne
657 2756 689 2782 et
705 2751 902 2794 gymnastica
917 2751 999 2783 circa
1014 2761 1170 2782 sermones
1186 2756 1232 2782 est
1248 2752 1287 2782 de
1306 2751 1391 2782 bona
1407 2749 1525 2782 malave
1541 2761 1706 2792 corporum

234 2804 442 2837 habitudine?
488 2804 580 2836 Gon.
605 2805 711 2836 Certe.
755 2806 812 2836 So.
836 2805 935 2847 Atqui
958 2812 990 2836 et
1013 2805 1083 2836 alia»,
1110 2811 1201 2841 artes,
1227 2817 1245 2837 o
1263 2804 1394 2847 Gorgia,
1410 2805 1520 2836 eadem
1537 2803 1656 2835 ra‘tione
1672 2815 1705 2835 se

233 2860 362 2890 habent.
385 2850 533 2901 quaelibet
548 2856 630 2890 enim
647 2870 752 2890 earum
768 2865 905 2891 versatur
931 2860 1014 2892 circa
1037 2870 1193 2891 sermones
1208 2871 1275 2901 eos,
1288 2859 1341 2901 qni
1363 2870 1402 2890 ea
1417 2858 1457 2890 de
1474 2869 1517 2896 re,
1542 2856 1634 2899 cujus
1658 2869 1707 2889 ars

233 2913 304 2954 ipsa
317 2907 376 2955 est,
390 2913 554 2943 habentur.
602 2912 695 2945 Gon.
719 2913 874 2956 Apparet.
919 2915 975 2946 So.
1000 2914 1064 2946 Cu'r
1086 2925 1159 2956 ergo
1182 2909 1261 2946 artes
1277 2914 1354 2945 alias
1370 2924 1432 2944 non
1448 2912 1590 2955 appellus
1602 2912 1707 2944 rheto-

234 2967 324 3007 neas,
339 2978 410 3000 curu
431 2967 512 3000 circa
529 2977 685 3000 sermones
702 2967 787 3000 sint?
813 2968 837 2999 si
851 2967 979 3012 quidem
996 2969 1076 3001 lianc
1094 2969 1194 3012 ipsam
1211 2968 1351 3012 appellas
1367 2966 1564 3006 rhetoricam,
1579 2977 1649 3010 qua:
1666 2967 1705 3000 sit
