1846 3268
209 284 287 322 322
813 277 1082 317 PLATONIS
1594 280 1692 332 [410

208 386 266 417 So.
289 384 448 423 Quoniam
476 394 539 426 proe
565 394 598 414 se
623 381 742 424 aliquid
769 381 829 413 fert
857 381 1028 429 antiquius,
1051 381 1138 424 quod
1162 380 1215 414 ille
1231 391 1332 424 nuper
1346 381 1437 422 dixit,
1453 383 1540 425 quod
1554 381 1648 415 Luna
1669 393 1689 415 n

209 439 284 472 Sole
300 439 405 471 lumen
422 438 535 471 haurit.
568 436 692 468 Henm.
715 435 790 473 Quo
806 440 899 477 paeto
914 435 925 466 ?
957 435 1012 467 So.
1036 435 1124 466 selas
1141 435 1223 466 idern
1241 440 1303 477 est,
1317 436 1402 477 quod
1420 435 1538 470 lumen.
1568 435 1691 471 flunt—0

211 494 316 527 Idem.
362 493 418 526 So.
442 493 563 524 Lumen
579 492 639 523 hoc
655 496 808 532 perpetuo
823 489 906 521 eima
922 489 1028 520 lunam
1050 500 1133 521 neon
1149 494 1182 521 et
1197 490 1301 521 henon
1316 495 1375 529 est,
1398 490 1432 522 id
1446 495 1495 522 est
1514 501 1631 523 novum
1653 502 1692 525 ne

212 553 316 586 vetus,
332 548 358 580 si
373 547 468 578 modo
484 545 693 587 Anaxagorici
707 555 780 576 vera
795 545 988 586 loquuntur:
1014 554 1087 575 nam
1103 543 1354 576 circumlustrans
1378 555 1447 576 eam
1472 544 1623 578 continue
1644 555 1692 578 re-

212 607 359 634 novatur.
385 607 473 632 vetus
489 605 594 632 autem
610 604 658 631 est
673 597 787 630 mensis
816 597 966 640 praeteriti
994 597 1112 629 lumen.
1157 597 1282 630 Hmm.
1305 598 1435 640 Utique.
1479 599 1535 631 So.
1565 598 1691 630 Lunam

213 656 342 698 quidem
359 655 527 687 selanaeam
543 653 635 686 multi
649 652 826 686 nominant.
871 652 996 685 Herm.
1019 652 1125 685 Certe.
1170 652 1227 684 So.
1251 652 1409 690 Quoniam
1427 663 1498 684 vero
1514 653 1619 685 lumen
1635 663 1694 685 no-

213 721 287 741 vum
302 719 339 741 ac
354 714 444 742 vetus
460 719 582 751 semper
596 709 703 744 habet,
719 706 830 739 merito
847 706 954 738 vocari
965 707 1093 738 deberet
1105 707 1335 739 selaenneoaia.
1352 717 1436 738 nnnc
1447 711 1552 739 autem
1564 707 1692 740 conciso

213 763 370 796 vocabulo
397 763 533 795 selanaea
558 767 697 794 vocatur.
744 761 871 793 Ham«.
892 760 1168 804 Dithyrambicum
1196 771 1312 793 nomen
1336 762 1396 793 hoc
1411 766 1469 799 est,
1495 772 1514 792 o
1537 761 1694 798 Socrates,

215 828 324 850 verum
341 828 444 858 mena,
458 817 490 849 id
507 822 555 850 est
570 826 722 854 mensem,
737 821 771 848 et
793 821 874 847 astra
889 816 1048 858 quomodo
1065 816 1276 858 interpretaris
1291 816 1303 847 ἓ
1347 816 1404 849 So.
1426 815 1551 847 Mensis
1566 815 1694 858 quidem

217 872 295 904 mies
311 877 395 904 recte
411 872 451 904 ab
469 871 629 907 miusthae,
642 880 661 901 a
676 870 860 907 minuendo,
872 869 944 912 jure
955 875 1200 912 nuncuparetur.
1243 869 1338 901 Astra
1352 881 1424 902 vero
1438 875 1588 913 astrapes,
1598 871 1633 903 id
1648 875 1697 903 est

214 925 442 958 coruscationis
468 929 713 967 cognomentum
740 924 871 956 habent.
893 929 1017 966 astrape
1044 928 1162 965 autem,
1187 924 1262 967 quia
1287 936 1350 966 opa
1374 926 1567 967 anastrephi,
1585 925 1620 957 id
1636 931 1699 964 est,

214 979 316 1011 visum
332 980 372 1011 ad
400 990 433 1011 se
449 979 616 1018 convertit,
639 983 807 1020 anastrope
828 978 893 1010 dici
915 978 1054 1010 deberet.
1076 989 1162 1010 nunc
1185 979 1381 1010 concinniori
1406 980 1557 1011 vocabulo
1572 985 1696 1022 astrape

215 1033 409 1065 nominatur.
453 1033 580 1065 Herm.
603 1032 699 1065 Unde
729 1042 847 1064 nomen
877 1032 971 1063 trahit
999 1043 1060 1074 pyr
1089 1037 1122 1063 et
1151 1032 1267 1074 hydor,
1296 1032 1327 1063 id
1355 1038 1403 1064 est
1427 1033 1508 1074 ignis
1530 1038 1564 1065 et
1591 1033 1696 1077 aqua?

216 1087 274 1119 So.
298 1086 434 1129 Ambigo
463 1087 633 1130 equidem:
669 1086 856 1128 videturque
887 1090 943 1117 aut
973 1086 1069 1117 Musa
1092 1096 1141 1117 me
1169 1086 1407 1129 Eutlryphronis
1429 1087 1614 1130 deseruisse,
1641 1094 1697 1121 aut

215 1141 277 1173 hoc
294 1141 426 1172 arduum
442 1140 593 1183 quiddam
619 1150 698 1172 esse.
721 1141 848 1172 adverte
871 1140 1017 1182 obsecr0,
1029 1150 1093 1182 quo
1118 1140 1298 1182 confugiam
1314 1141 1345 1172 in
1366 1141 1524 1180 omnibus,
1546 1153 1699 1184 quaecuu-

215 1206 278 1238 que
291 1195 414 1229 dubito.
459 1195 582 1228 Herm.
605 1195 778 1233 Quonam?
824 1194 881 1226 So.
904 1193 1020 1225 Dicam
1035 1193 1106 1226 tibi.
1129 1194 1190 1226 scis
1205 1194 1273 1236 ipse
1298 1205 1362 1237 qua
1377 1195 1496 1228 ratione
1517 1206 1579 1239 pyr
1592 1197 1696 1230 norni-

215 1250 333 1281 natur?
390 1249 514 1282 Hznu.
547 1249 623 1280 Non
649 1248 764 1280 hercle.
819 1248 876 1280 So.
910 1247 995 1279 Vide
1021 1248 1097 1290 quid
1122 1249 1163 1279 de
1190 1249 1251 1280 hoc
1280 1248 1429 1291 suspicer.
1485 1250 1575 1283 Reor
1605 1251 1699 1295 equi-

218 1304 306 1346 dem,
336 1305 435 1336 multa
462 1305 592 1335 nomina
624 1303 752 1335 Graecos
787 1314 806 1334 a
830 1302 990 1340 Barbaris,
1014 1313 1068 1334 eos
1092 1303 1260 1344 praesertim
1284 1304 1336 1345 qui
1362 1305 1420 1336 sub
1444 1305 1590 1338 Barbaria
1612 1312 1699 1345 sunt,

217 1358 375 1391 habuisse.
421 1358 546 1390 Hnnm.
581 1358 737 1396 Quorsum
768 1357 861 1389 haec?
906 1357 963 1389 So.
998 1357 1030 1388 Si
1060 1357 1131 1398 quis
1161 1362 1276 1390 rectam
1303 1358 1432 1390 istorum
1460 1359 1695 1402 impositionem

216 1413 393 1445 secundum
410 1411 554 1445 Graecam
580 1423 690 1444 vocem
714 1417 844 1454 quaerat,
860 1421 925 1442 non
950 1411 1123 1443 secundum
1148 1422 1216 1443 eam
1239 1422 1302 1454 qua
1325 1418 1374 1444 est
1394 1423 1508 1444 nomen
1523 1413 1701 1452 inventum,

217 1467 364 1499 nimirum
381 1467 531 1508 ambiget.
577 1466 701 1497 Hmuu.
725 1465 904 1498 Verisimile
920 1466 952 1496 id
969 1466 1109 1508 quidem.
1135 1465 1232 1508 [410]
1255 1467 1311 1500 So.
1334 1466 1419 1499 Vide
1441 1467 1559 1510 itaque,
1581 1479 1624 1500 ne
1639 1479 1699 1501 no·

217 1532 290 1553 men
306 1522 367 1553 hoc
392 1531 454 1564 pyr
469 1520 661 1552 barbaricum
678 1519 730 1552 sit.
754 1530 858 1562 neque
873 1520 957 1551 euim
973 1520 1066 1552 facile
1089 1525 1136 1552 est
1149 1521 1232 1552 istud
1248 1521 1367 1553 Graecae
1391 1521 1506 1564 linguae
1520 1532 1698 1555 accommo-

218 1575 305 1612 dare,
321 1579 510 1617 constatque
525 1574 571 1605 ita
586 1575 645 1606 hoc
663 1573 820 1616 Phrygios
838 1575 1001 1606 nominare
1025 1585 1134 1616 parum
1159 1575 1236 1617 quid
1252 1576 1470 1608 declinantes:
1495 1581 1528 1608 et
1549 1577 1653 1620 hydor
1667 1583 1702 1610 et

220 1639 332 1671 cynas,
348 1629 379 1660 id
397 1633 445 1660 est
459 1639 564 1665 canes,
575 1621 704 1671 ¹aliaque
721 1628 886 1670 permulta.
930 1628 1056 1662 HERM.
1081 1628 1167 1661 Vera
1181 1630 1248 1661 haec
1275 1634 1358 1662 sunt.
1403 1630 1460 1663 So.
1483 1630 1566 1673 Ergo
1585 1631 1698 1665 distra-

218 1683 293 1715 here
308 1683 368 1714 ista
382 1683 461 1714 nihil
477 1687 614 1725 oportet,
630 1683 887 1725 quandoquidem
902 1683 943 1715 de
958 1682 1036 1725 ipsis
1056 1682 1135 1715 nihil
1150 1683 1254 1716 dicere
1270 1684 1434 1727 quisquam
1449 1690 1565 1727 potest.
1608 1686 1699 1725 Qua-

217 1742 347 1780 propter
360 1737 489 1769 nomina
503 1737 556 1768 illa
570 1737 653 1779 ignis
670 1742 700 1769 et
716 1748 806 1780 aquae
821 1738 904 1770 hunc
920 1737 952 1768 in
969 1738 1096 1770 modurn
1111 1737 1231 1781 rejicio.
1255 1738 1322 1770 Aer
1337 1744 1441 1771 autem
1457 1739 1501 1772 sic
1516 1745 1564 1772 est
1579 1740 1696 1780 dictus.

219 1791 449 1834 Hermogenes,
464 1791 539 1834 quia
556 1803 627 1834 quae
643 1791 727 1824 circa
742 1797 852 1824 terram
876 1798 950 1823 sunt
964 1792 1029 1830 aeri,
1050 1793 1083 1824 id
1100 1797 1148 1824 est
1162 1793 1285 1824 elevat:
1309 1793 1359 1825 vel
1383 1793 1457 1836 quia
1471 1795 1501 1826 ai
1515 1795 1552 1833 ri,
1568 1796 1628 1828 hoc
1650 1800 1701 1828 eat

220 1856 346 1889 semper
360 1846 451 1877 fluit:
476 1846 526 1878 vel
552 1846 627 1887 quia
652 1845 722 1888 ejus
736 1846 822 1878 fluxu
842 1845 968 1888 spiritus
985 1846 1174 1879 concitatur.
1198 1847 1303 1888 poetae
1327 1847 1447 1890 quippe
1473 1849 1600 1881 flamina
1621 1855 1699 1882 zetas

219 1905 420 1942 nuncupant.
457 1900 538 1932 forte
565 1900 663 1942 igitur
689 1900 743 1933 aet
767 1900 883 1932 dicitur
906 1901 997 1943 quasi
1021 1906 1289 1943 pneumatorrum,
1316 1908 1471 1942 aetorrum,
1492 1903 1524 1936 id
1541 1909 1589 1936 est
1610 1903 1702 1948 spiri-

219 1958 271 1985 tus
287 1954 388 1985 fluens
403 1954 453 1986 vel
479 1954 580 1986 fluens
609 1955 735 1987 flamen.
781 1955 948 1987 AEtherem
973 1960 1124 1997 praeterea
1149 1957 1194 1988 sic
1216 1957 1438 1998 exponendum
1459 1958 1598 1996 arbitror,
1619 1969 1700 2002 quo-

218 2007 304 2039 niam
321 2007 350 2039 ai
366 2009 413 2039 tbi
428 2008 510 2043 circa
526 2019 597 2040 aera
613 2020 702 2050 reon,
718 2009 750 2040 id
767 2014 815 2040 est
829 2020 953 2051 semper
966 2010 1061 2041 currit
1076 2010 1160 2042 circa
1169 2020 1271 2044 aerem
1285 2010 1399 2054 fluens,
1421 2011 1568 2054 quocirca
1578 2012 1700 2046 aitheer

217 2060 281 2092 dici
298 2066 416 2104 posset.
462 2061 512 2094 Ge
529 2067 646 2100 autem,
659 2063 694 2095 id
710 2067 760 2094 est
775 2067 865 2100 terra,
881 2063 1004 2105 planius
1020 2073 1144 2095 sensum
1160 2064 1316 2105 exprimit,
1331 2065 1355 2096 si
1373 2065 1453 2097 Gaea
1471 2066 1605 2100 dicatur.
1628 2079 1698 2110 εει

217 2116 301 2147 enim
319 2121 402 2148 recte
417 2117 569 2159 genetira,
585 2117 616 2148 id
633 2122 681 2149 est
695 2118 829 2160 genitrix
853 2118 916 2151 dici
932 2122 1047 2160 potest,
1063 2123 1100 2150 ut
1115 2119 1159 2150 ait
1174 2118 1341 2152 Homerus.
1364 2130 1435 2151 nam
1460 2122 1548 2163 quod
1570 2122 1701 2164 gegaasi

216 2170 344 2211 dicitur,
372 2171 512 2213 genitum
539 2181 608 2203 esse
634 2171 750 2214 inquit.
794 2173 881 2211 Quid
907 2178 1002 2204 restat
1025 2173 1202 2216 deinceps?
1247 2174 1370 2206 Herm.
1394 2175 1461 2207 Ver
1487 2180 1521 2207 et
1542 2185 1655 2214 annus,
1677 2187 1699 2209 ο

217 2225 374 2258 Socrates.
418 2225 476 2258 So.
499 2225 595 2257 Horae
611 2226 753 2268 quidem,
768 2227 800 2259 id
825 2232 873 2259 est
895 2228 978 2259 veris
998 2232 1155 2271 tempora,
1176 2228 1277 2271 prisca
1291 2233 1324 2261 et
1338 2229 1449 2262 Attica
1463 2240 1541 2263 voce
1557 2230 1697 2265 dicenda

216 2283 302 2321 sunt,
317 2279 346 2311 si
362 2279 406 2310 vis
423 2280 509 2321 quod
520 2280 713 2313 conveniens
728 2286 789 2320 est,
803 2292 1005 2324 cognoscere.
1029 2283 1113 2314 lrorae
1129 2294 1266 2326 namque
1281 2289 1443 2326 vocantur,
1459 2285 1533 2327 quia
1547 2284 1696 2329 horizusi,

215 2334 250 2365 id
277 2338 326 2366 est
352 2334 520 2366 terminant
545 2334 680 2368 hiemem
703 2342 800 2379 atque
823 2342 963 2370 aestatem
987 2343 1160 2381 ventosque
1186 2344 1218 2370 et
1240 2339 1358 2371 fructus
1373 2350 1410 2371 ex
1426 2344 1509 2372 terr!
1518 2345 1697 2375 nascentes.

217 2387 373 2419 Eniautos
395 2393 501 2420 autem
524 2394 557 2420 et
579 2393 659 2432 etos,
679 2390 715 2422 id
737 2397 785 2423 est
810 2402 924 2430 annus,
950 2392 1034 2424 idem
1057 2403 1125 2424 esse
1145 2392 1279 2426 videtur.
1325 2393 1420 2431 Quod
1435 2393 1568 2426 enimin
1589 2394 1696 2428 lumen

217 2441 355 2474 vicissim
371 2442 492 2481 educit,
507 2453 707 2487 quaeeunque
722 2451 894 2478 nascuntur
907 2446 1050 2490 fiuntque
1065 2458 1103 2479 ex
1118 2452 1209 2486 terra,
1224 2448 1390 2490 ipsumque
1412 2448 1446 2480 in
1461 2448 1564 2491 seipso
1579 2449 1699 2481 exami-

215 2501 271 2528 nat
287 2501 317 2528 et
333 2495 494 2538 discernit,
510 2508 612 2530 annus
628 2505 677 2531 est
690 2511 698 2530 :
722 2505 755 2532 et
770 2505 806 2532 ut
821 2511 914 2543 supra
927 2501 1017 2533 Jovis
1033 2512 1149 2533 nomen
1164 2502 1299 2534 diximus
1313 2503 1344 2534 in
1361 2503 1424 2534 duo
1436 2508 1569 2546 sectum,
1580 2503 1695 2547 aliqui·

214 2550 273 2582 bus
288 2549 384 2588 Zena.
401 2552 441 2583 ab
456 2551 526 2583 aliis
542 2552 607 2584 Dia
623 2554 726 2586 vocari
740 2566 750 2594 ς
764 2554 810 2586 ita
824 2561 857 2587 et
871 2566 987 2587 annum
999 2554 1127 2598 quidem
1140 2556 1290 2588 eniauton
1304 2562 1430 2598 vocant,
1441 2556 1558 2599 quiain
1568 2557 1696 2600 seipso;

214 2604 345 2648 quidam
360 2609 441 2642 etos,
453 2606 527 2647 quia
542 2607 712 2640 examinat.
734 2609 857 2652 integra
872 2621 944 2642 vero
961 2610 1060 2642 oratio
1075 2615 1134 2649 est,
1147 2611 1250 2654 ipsum
1262 2612 1348 2654 quod
1361 2612 1393 2643 in
1405 2622 1438 2643 se
1448 2611 1518 2654 ipso
1527 2612 1697 2647 examinat.

215 2659 312 2692 Unde
327 2670 365 2692 ex
381 2660 523 2692 oratione
539 2671 603 2693 una
617 2662 747 2697 nomina
762 2663 826 2696 duo
843 2664 960 2697 selecta
981 2670 1066 2698 sunt.
1089 2666 1175 2708 quod
1196 2666 1279 2698 enirn
1295 2666 1384 2698 simul
1401 2665 1530 2708 dicitur,
1575 2688 1584 2698 .
1627 2687 1638 2698 .
1683 2689 1696 2700 .

372 2736 381 2745 .
428 2737 437 2751 ‚
454 2713 487 2745 id
504 2719 552 2746 est
578 2715 613 2747 in
638 2717 741 2760 seipso
769 2718 962 2758 examinans,
985 2719 1170 2752 distinctum
1195 2720 1311 2752 dicitur
1332 2720 1479 2752 eniautos
1499 2725 1532 2753 et
1556 2724 1636 2758 etos,
1659 2720 1696 2752 id

217 2771 267 2799 est
289 2777 402 2799 annus.
450 2767 573 2800 Herm.
596 2770 640 2801 At
666 2782 751 2810 vero,
778 2783 798 2804 0
824 2772 981 2816 Socrates,
1005 2773 1073 2816 jam
1100 2774 1194 2816 longe
1224 2774 1427 2816 progrederis.
1473 2774 1531 2807 So.
1552 2773 1696 2816 Longius

221 2820 369 2863 equidem
397 2819 431 2854 in
455 2821 655 2865 philosophia
684 2824 792 2859 videor
819 2827 953 2871 evagari.
997 2828 1121 2867 Hemn-
1144 2829 1232 2867 Quin
1257 2828 1364 2861 immo.
1407 2828 1464 2862 So.
1486 2827 1578 2860 Forte
1599 2827 1700 2870 magis

219 2875 391 2908 concedes.
413 2876 512 2919 [411]
537 2876 661 2910 Humu-
682 2879 798 2913 Verum
814 2887 888 2924 post
901 2883 983 2915 hanc
1005 2883 1141 2926 speciem
1157 2883 1363 2916 libentissime
1377 2881 1618 2925 contemplarer,
1630 2892 1697 2926 quo

219 2929 342 2961 ratione
358 2934 441 2961 recte
458 2930 586 2962 nomina
601 2931 660 2964 ista
677 2935 824 2975 praeclara
839 2936 987 2969 virtutum
1005 2938 1067 2969 sint
1082 2937 1245 2980 imposita:
1271 2942 1307 2969 ut
1319 2936 1494 2979 phronesis,
1513 2935 1545 2968 id
1560 2941 1609 2968 est
1623 2946 1698 2979 pru·

222 2983 348 3027 demin,
361 2984 484 3027 synesis
499 2985 723 3030 intelligentia,
740 2990 922 3035 dicaeosyne
936 2992 1070 3035 justitia,
1086 3003 1122 3025 ac
1132 2993 1251 3035 reliqua
1263 2990 1356 3034 liujus
1368 2989 1490 3034 generis
1502 2990 1617 3024 omniu.
1640 2990 1702 3024 So.

224 3037 320 3070 Haud
348 3041 615 3075 contemnendum
643 3053 741 3087 genus
764 3045 925 3079 nominum
949 3046 1092 3089 suscitas,
1118 3058 1136 3078 o
1163 3046 1274 3078 amice.
1297 3051 1519 3084 verumtamen,
1535 3046 1699 3088 postquam
