1846 3268
181 268 279 322 3'07]
723 268 1113 309 EUTHYDEMUS.
1574 272 1650 310 307

176 374 306 406 aionem
320 375 400 406 hanc
415 373 588 415 divulgent,
604 372 689 414 quod
706 372 822 403 nullius
838 373 928 414 pretii
944 374 1018 414 sint,
1033 371 1100 404 sine
1116 371 1323 404 controversia
1335 372 1498 414 sapientiae
1512 372 1642 414 gloriam

176 439 212 460 se
236 429 319 470 apud
335 437 442 460 omnes
457 437 604 459 summam
621 431 840 468 reportaturos.
863 436 930 457 esse
954 437 1088 468 namque
1102 437 1134 457 se
1149 436 1180 457 re
1202 436 1270 457 vera
1294 426 1561 468 sapientissimos:
1586 428 1642 458 sed

175 482 210 513 in
236 482 363 524 privatis
389 480 592 518 sermonibus,
616 491 688 512 cum
713 480 906 522 Euthydcmi
930 485 1097 511 sectatores
1118 480 1331 521 adversantur,
1346 479 1500 522 impediri.
1544 481 1641 518 Quod

173 546 248 568 vero
263 536 418 577 sapientes
432 535 505 575 sint,
527 546 565 566 ex
579 545 617 566 eo
633 539 878 566 consentaneum
902 534 1000 565 videri
1016 534 1136 571 volunt,
1153 534 1237 575 quod
1255 534 1328 564 satis
1344 534 1480 565 habeant
1495 530 1635 576 phisoso-

175 588 270 630 phiae,
296 589 370 620 satis
393 588 486 620 etiam
513 588 614 620 civilis
640 587 769 630 peritiae,
792 593 824 619 et
838 593 989 630 quantum
1006 593 1130 630 oportet
1152 588 1214 618 sint
1230 589 1388 630 utriusque
1405 588 1585 630 partieipeS,
1607 594 1642 619 et

172 648 260 674 extra
274 642 467 674 turbulentos
489 643 626 675 civilium
643 642 838 684 negotiorum
863 642 1014 673 tumultus
1032 641 1137 683 positi,
1154 641 1316 683 sapientire
1332 642 1483 673 fructibus
1493 641 1638 683 jucunde

172 697 323 728 fruantur.
368 697 432 729 Cn.
454 697 607 739 Nunquid
634 697 739 729 dicere
763 696 895 738 aliquid,
911 707 930 727 o
952 695 1106 732 Socrates,
1131 695 1189 726 tibi
1208 695 1264 726 viri
1290 696 1342 726 isti
1363 696 1530 727 videntur?
1580 696 1639 730 So·

174 749 394 793 Nequaquam.
438 751 501 783 Ca.
524 751 738 783 Veruntamen
765 751 873 781 horum
902 751 1061 781 hominum
1089 759 1190 780 sermo
1209 749 1303 780 habet
1326 750 1444 791 aliquid
1461 750 1638 782 verisimile.

173 805 231 838 So.
255 805 372 847 Habet,
386 810 422 836 ut
437 805 526 842 dicis,
541 816 559 836 o
572 805 673 842 Crito,
684 803 984 835 verisimilitudinem
998 803 1105 846 potius
1116 813 1210 844 quam
1224 803 1394 834 veritatem.
1409 804 1505 846 [306]
1522 804 1638 846 Neque

171 859 264 891 facile
279 859 340 890 illis
356 859 532 901 persuaderi
548 863 664 901 potest,
680 859 766 900 quod
782 863 815 890 et
830 858 973 889 homines
990 862 1023 890 et
1045 862 1148 889 cetera
1163 857 1279 898 omnia,
1293 867 1490 899 quaecunque
1505 858 1637 888 duorum

168 913 364 955 quorundam
381 914 483 944 media
497 918 571 945 sunt
585 918 617 945 et
628 918 829 955 utrorumque
846 912 1046 954 participant,
1060 912 1104 942 ita
1119 921 1152 943 se
1164 912 1314 948 habeant,
1323 911 1408 952 quod
1422 921 1493 952 quae
1505 922 1540 942 ex
1555 911 1636 942 malo

170 971 206 998 et
220 967 303 998 bono
319 972 402 1004 sunt,
419 968 478 999 hoc
492 967 618 1009 quidem
635 967 776 1007 meliora,
796 966 853 998 ilio
869 966 1023 998 deteriora
1039 965 1117 996 liunt
1131 978 1139 997 ε
1162 976 1233 1007 quae
1257 975 1327 996 vero
1351 977 1389 997 ex
1404 966 1526 997 duobus
1549 966 1639 997 bonis

172 1030 236 1050 non
252 1021 291 1051 ad
306 1021 390 1052 idem
407 1021 667 1057 conducentibus,
685 1021 823 1063 utrisque
839 1020 993 1052 deteriora
1008 1020 1048 1051 ad
1065 1030 1144 1061 opus
1160 1019 1238 1050 illud
1255 1020 1479 1061 peragendum,
1493 1020 1532 1051 ad
1549 1020 1637 1062 quod

171 1078 316 1115 spectant
329 1080 456 1117 utraque
469 1075 520 1106 illa
531 1075 643 1117 quibus
658 1075 693 1105 fit
707 1075 905 1116 compositio.
928 1074 1009 1112 Quae
1025 1079 1129 1105 autem
1141 1084 1179 1105 ex
1195 1074 1318 1105 duobus
1333 1073 1422 1105 malis
1435 1079 1508 1105 sunt
1517 1073 1635 1105 consti-

172 1133 255 1170 tuta,
267 1139 330 1159 non
343 1129 382 1160 ad
392 1129 473 1160 idem
482 1130 771 1166 tendentibus,‚haec
783 1129 848 1160 sola
857 1128 982 1160 meliora
990 1133 1063 1159 sunt
1070 1128 1208 1170 utrisque
1219 1127 1422 1169 illisquorum
1431 1127 1632 1170 participant.

170 1181 206 1212 Si
220 1191 293 1223 ergo
308 1182 506 1224 philosophia
521 1183 603 1214 bona
617 1187 665 1213 est
679 1187 711 1214 et
727 1182 826 1213 civilis
841 1183 923 1214 actio
939 1183 1034 1219 bona,
1049 1182 1104 1213 sed
1121 1182 1160 1212 ad
1176 1181 1260 1213 aliud
1278 1187 1374 1223 atque
1398 1181 1485 1213 aliud
1499 1185 1632 1223 utraque

167 1235 346 1273 eonferens,
361 1242 395 1267 et
407 1236 439 1267 hi
455 1240 653 1278 utrorumque
668 1237 777 1268 horum
794 1236 962 1278 participes
978 1241 1178 1277 utrorumque
1194 1235 1225 1266 in
1249 1235 1353 1267 medio
1370 1240 1444 1266 sunt.
1457 1234 1634 1271 constituti,

166 1288 479 1322 vrrihilvcoucludent:
503 1301 574 1321 nam
592 1291 729 1332 utrisque
743 1291 912 1322 deteriores
928 1295 1010 1322 sunt.
1056 1290 1110 1321 Sin
1134 1295 1238 1320 autem
1263 1299 1359 1320 unum
1381 1290 1509 1331 quidem
1525 1289 1633 1321 horum

169 1344 299 1385 bonum,
315 1344 428 1376 malum
444 1355 517 1376 vero
532 1338 674 1386 alterum,
690 1346 750 1377 hoc
765 1345 891 1387 quidem
908 1344 1061 1380 meliores,
1077 1343 1132 1375 illo
1147 1344 1328 1375 deteriores.
1363 1343 1458 1380 Quod
1475 1342 1501 1374 si
1517 1347 1635 1374 utrum-

164 1406 232 1440 que
246 1398 372 1435 malum,
389 1398 434 1430 ita
447 1399 571 1430 demum
587 1409 659 1430 vera
674 1399 826 1440 dicerent,
845 1399 934 1430 aliter
949 1409 1021 1430 vero
1038 1408 1248 1439 nequaquam.
1294 1396 1408 1439 Neque
1424 1407 1497 1429 vero
1509 1396 1634 1428 conses-

165 1461 255 1483 surus
269 1451 339 1484 illos
353 1453 494 1495 arbitror,
517 1453 598 1485 mala
614 1464 680 1485 esse
703 1459 847 1496 utraque,
872 1463 977 1495 neque
1001 1463 1096 1484 unum
1123 1452 1251 1494 quidem
1277 1453 1405 1488 bonum,
1421 1452 1537 1483 malum
1562 1461 1635 1483 vero

166 1506 308 1538 ultorem.
351 1508 407 1539 sed
446 1509 585 1549 profecto
623 1513 825 1550 utrorumque
849 1507 893 1539 .hi
924 1507 1092 1550 participes
1122 1507 1261 1548 utrisque
1288 1506 1459 1548 ineptiores
1496 1510 1570 1537 sunt
1592 1504 1634 1537 ad

164 1559 259 1602 illud,
275 1561 414 1603 ati-quod
431 1562 631 1604 philosophia
645 1568 678 1594 ct
692 1563 793 1594 civilis
809 1562 892 1594 actio
908 1562 1044 1604 pertinet
1059 1573 1067 1593 z
1090 1566 1122 1593 et
1137 1571 1208 1592 cum
1232 1560 1355 1592 tertium
1374 1561 1477 1592 locum
1494 1565 1637 1597 teneant,

167 1615 303 1656 primum
329 1625 477 1657 usurpare
501 1627 565 1647 non
592 1616 750 1648 dubitant.
794 1616 1027 1658 Ignoscendum
1051 1614 1179 1657 quidem
1205 1614 1327 1646 illorum
1342 1613 1510 1651 desiderio,
1531 1620 1636 1656 neque

166 1666 394 1710 indignandum
409 1682 418 1700 t
442 1670 520 1701 tales
545 1675 648 1702 tamen
672 1681 740 1702 esse
764 1670 928 1707 censendi,
954 1669 1062 1712 quales
1087 1674 1120 1700 et
1143 1674 1225 1700 sunt.
1269 1668 1352 1699 Nam
1381 1677 1636 1710 unumquemque

164 1721 296 1764 diligere
309 1723 470 1764 debemus,
485 1723 540 1764 qui
565 1724 657 1755 modo
683 1723 858 1765 prudentiae
874 1723 1031 1765 particeps
1053 1722 1172 1764 aliquid
1198 1722 1278 1753 dicit
1303 1727 1335 1753 et
1350 1721 1479 1753 viriliter
1503 1722 1637 1763 peragit.

165 1776 231 1808 Cn.
254 1775 420 1819 Equidem,
437 1788 455 1808 o
471 1777 625 1814 Socrates,
645 1783 681 1808 ut
695 1788 778 1819 saepe
795 1783 896 1809 tecum
919 1777 1040 1819 loquor,
1064 1777 1202 1819 ambigo,
1225 1786 1287 1817 qua
1304 1775 1423 1807 ratione
1439 1775 1521 1806 filios
1544 1785 1631 1807 meos

163 1829 308 1862 educem-
365 1831 475 1863 Minor
509 1831 637 1873 quidem
674 1835 749 1862 natu
787 1831 921 1862 tenerior
950 1836 998 1862 est
1033 1830 1135 1861 adhuc
1173 1839 1265 1871 quam
1296 1829 1401 1870 exigat
1434 1828 1603 1870 disciplina
1617 1840 1625 1858 :

164 1882 345 1919 Critobulus
359 1889 467 1916 autem·
479 1885 604 1916 adultus
617 1883 753 1926 estjam,
768 1889 801 1915 et
816 1884 922 1926 aliquo
934 1883 1070 1926 indiget,
1087 1894 1149 1926 quo
1161 1883 1320 1925 dirigatur.
1359 1882 1516 1920 Quotiens
1527 1887 1631 1914 tecum

167 1937 289 1979 loquor,
304 1938 349 1969 ita
363 1949 486 1980 prorsus
502 1938 628 1975 afficior,
657 1944 692 1969 ut
707 1938 879 1970 existimem
894 1938 1049 1970 insaniam
1074 1949 1154 1979 csse,
1170 1937 1302 1968 filiorum
1318 1936 1418 1979 gratia
1432 1936 1635 1969 contendisse

165 1992 265 2032 primo
283 1992 574 2035 circa›conjugium,
603 1998 638 2024 ut
653 2003 690 2025 ex
708 1998 804 2024 matre
821 1993 1056 2035 generosissima
1069 1997 1284 2029 nascerentur,
1308 1991 1425 2022 deiude
1440 1996 1475 2022 ut
1497 1990 1636 2032 amplum

163 2044 226 2077 iuis
242 2045 461 2087 patrimonium
476 2047 700 2090 relinqueretur
715 2059 722 2078 :
746 2047 868 2078 illorum
886 2053 990 2079 autem
1006 2047 1226 2078 educationem
1242 2045 1412 2088 negligere.
1435 2045 1553 2077 Verum
1564 2054 1636 2076 cum

162 2101 203 2130 ud
219 2110 274 2131 eos
287 2101 433 2142 respicio,
449 2101 502 2143 qui
517 2102 638 2134 erudire
653 2101 796 2132 homines
818 2101 1016 2143 profitentur,
1041 2102 1232 2132 absterrent:
1261 2100 1400 2142 mihique
1422 2098 1637 2131 consideranti

163 2154 377 2196 unusquisque
392 2155 513 2187 illorum
530 2155 623 2197 longe
638 2157 677 2187 ab
691 2166 730 2187 ea
744 2165 788 2197 re,
800 2166 894 2197 quam
911 2156 1073 2198 praedicat,
1089 2155 1211 2186 alienus
1227 2165 1293 2185 esse
1317 2153 1415 2195 [307]
1439 2153 1577 2187 videtur.
1600 2158 1634 2184 et

167 2213 203 2239 ut
217 2217 321 2240 verum
346 2208 404 2240 tibi
420 2209 529 2250 fatear,
542 2220 605 2240 non
621 2210 722 2241 habeo
737 2220 800 2252 quo
817 2214 910 2251 pacto
937 2209 1033 2240 filium
1062 2219 1163 2240 meum
1179 2209 1220 2239 ad
1247 2206 1478 2250 philosophiam
1493 2206 1636 2238 exhorter

166 2266 201 2293 et
216 2272 393 2303 provocem.
417 2262 474 2295 So.
498 2262 527 2294 Ο
543 2262 642 2295 amice
657 2263 757 2301 Crito,
773 2273 814 2294 an
829 2263 964 2305 ignoras,
980 2263 1012 2294 in
1028 2263 1138 2305 quovis
1153 2262 1258 2293 studio
1274 2260 1351 2292 viles
1365 2266 1398 2292 et
1410 2260 1525 2292 nullius
1540 2260 1634 2303 pretii

170 2315 313 2347 homines
328 2316 499 2358 permultos
513 2328 602 2349 esse:
626 2318 739 2360 probos
760 2329 832 2350 vero
848 2328 989 2360 paucos;
1012 2327 1128 2360 eosque
1152 2316 1286 2347 maximo
1302 2315 1332 2346 in
1349 2315 1452 2358 pretio
1476 2314 1636 2346 habendos

162 2369 254 2400 esse?
270 2368 386 2401 Nonne
402 2370 460 2402 tibi
471 2371 594 2403 videtur
610 2372 773 2414 pulchrum
789 2371 940 2413 quiddam
955 2382 1023 2403 esse
1039 2371 1246 2414 gymnastica‚
1262 2375 1446 2406 mercatura,
1460 2368 1628 2404 rhetorica,

165 2433 212 2454 res
241 2423 404 2455 militaris?
449 2425 514 2456 Ca.
538 2425 623 2460 Mihi
646 2431 741 2458 certe.
787 2426 844 2457 So.
869 2425 985 2456 Nonne
1012 2425 1099 2456 vides
1126 2425 1159 2455 in
1183 2433 1372 2466 unaquaque
1387 2424 1494 2455 harum
1517 2423 1632 2454 artium

165 2476 280 2508 multos
291 2478 331 2508 ad
344 2488 425 2520 opus
440 2480 684 2522 unumquodque
700 2480 825 2522 ineptos
839 2485 872 2512 et
886 2479 1097 2512 deridendos?
1121 2479 1186 2511 Ca.
1208 2478 1260 2509 Ita
1273 2483 1322 2509 est
1335 2488 1343 2510 ε
1367 2488 1404 2509 ac
1417 2486 1489 2509 vera
1503 2477 1633 2509 nimium

166 2531 316 2574 loqueris.
360 2532 418 2563 So.
440 2533 524 2575 Ergo
537 2535 598 2566 hac
613 2535 654 2566 de
669 2545 763 2566 causa
784 2534 930 2566 studiane
945 2534 1046 2577 fugies
1072 2533 1189 2571 omnia,
1213 2539 1246 2564 et
1261 2532 1315 2564 illa
1337 2532 1401 2563 filio
1417 2531 1637 2564 dissuadebis?

168 2587 236 2619 Ca.
260 2586 355 2617 Haud
384 2587 488 2625 decet,
512 2598 532 2618 ο
557 2589 712 2622 Socrates.
757 2589 815 2620 So.
839 2590 925 2621 Cave
950 2599 1036 2630 ergo,
1061 2599 1100 2619 ne
1123 2588 1208 2629 quod
1233 2587 1378 2623 dedecet,
1400 2595 1485 2628 agas,
1501 2598 1519 2617 o
1537 2585 1637 2618 Crito.

167 2640 267 2672 Mitte
293 2650 395 2672 curam
412 2641 506 2679 hanc,
522 2647 623 2672 utrum
641 2642 715 2673 boni
740 2643 803 2673 sint
816 2642 958 2674 homines
983 2641 1192 2684 philosophias
1218 2640 1361 2678 studiosi,
1387 2641 1435 2672 vel
1453 2639 1547 2671 mali:
1572 2650 1636 2670 rem

166 2694 238 2726 &ero
253 2694 354 2736 ipsam
369 2694 535 2736 diligenter
549 2696 704 2729 examina.
750 2696 784 2728 Si
799 2696 969 2738 inquirenti
984 2706 1031 2727 res
1054 2706 1149 2738 prava
1164 2688 1330 2732 videbitur,
1346 2699 1410 2725 non
1425 2694 1525 2725 solum
1542 2693 1636 2730 filios,

164 2749 219 2780 sed
237 2759 345 2779 omnes
359 2749 498 2780 homines
514 2749 693 2782 absterreto.
717 2750 764 2781 sin
781 2755 885 2781 autem
903 2750 958 2781 tibi
975 2749 1061 2789 talis,
1074 2749 1175 2791 qualis
1189 2744 1385 2793 et'n'rihissffi
1399 2757 1432 2780 ur
1440 2754 1497 2790 sat,
1507 2756 1635 2790 sequere

167 2808 237 2836 eam
252 2803 391 2841 viriliter,
408 2807 440 2834 et
455 2813 577 2845 exerce,
601 2808 694 2846 atque
708 2804 747 2836 ad
760 2804 846 2836 idem
862 2804 998 2836 studium
1014 2802 1095 2835 filios
1111 2803 1284 2835 cohortare.
