1846 3268
206 280 305 330 542]
909 275 975 314 10.
1595 277 1664 316 161

203 384 279 425 quid
295 393 342 414 ars
366 381 542 414 recitatoris
562 380 671 411 eadem
696 383 756 415 est,
781 388 852 421 quae
878 382 912 408 et
935 377 1129 418 imperatoris
1154 378 1328 409 exercitus?
1375 378 1426 409 Io.
1451 379 1663 421 intelligerem

201 435 362 478 equidem,
383 436 410 467 si
425 445 503 476 opus
518 439 611 470 esset,
636 443 706 474 quae
721 432 941 473 imperatorem
964 431 1052 473 loqui
1067 432 1171 463 decet.
1217 431 1274 464 So,
1299 430 1392 463 Forte
1406 438 1438 464 ct
1458 433 1664 474 imperatoriae

202 490 360 522 facultatis
377 489 496 532 peritus
511 499 556 526 es,
572 488 644 519 Ion.
688 486 770 518 Nam
792 486 818 517 si
841 486 991 528 equestri,
1014 491 1047 516 et
1068 486 1270 518 citharoedica
1294 486 1384 517 simul
1412 486 1580 528 disciplina
1595 488 1665 528 pol·

202 545 292 581 leres,
308 544 377 575 illos
392 543 444 585 qui
468 543 558 580 bene,
585 547 616 572 et
639 541 694 583 qui
717 541 798 572 male
824 541 978 582 equitant,
1006 550 1221 581 cognosceres.
1267 539 1309 571 Et
1327 541 1351 571 si
1379 545 1410 571 te
1430 539 1670 581 interrogarem,

202 609 220 630 o
237 598 308 635 Ion,
324 602 426 629 utrum
441 602 506 628 arte
525 597 673 638 equestri,
698 606 738 626 an
760 600 825 627 arte
841 595 1005 628 citharoetli
1030 594 1102 625 illos
1121 595 1178 636 qui
1202 595 1290 628 bene,
1304 595 1460 637 equitant,
1486 595 1662 637 cognoscis,

200 653 276 694 quid
293 651 367 682 mihi
390 651 616 693 responderes?
661 650 714 681 Io.
738 650 815 682 Arte
834 650 982 691 equestri.
1028 649 1083 680 So.
1108 648 1204 686 Quod
1227 648 1252 679 si
1277 659 1331 680 eos
1352 649 1407 691 qui
1433 650 1514 680 bene
1537 650 1664 691 pulsant

198 707 358 743 citharam,
374 715 591 746 cognoscereS,
615 703 808 736 confitereris
834 704 904 735 illos
925 714 990 734 non
1016 702 1165 745 equestri,
1193 704 1248 734 sed
1273 703 1475 734 citharoedica
1493 704 1663 745 disciplina

198 760 410 802 cognoscere?
454 759 506 791 Io.
530 759 644 790 Procul
672 758 780 789 dubio.
827 759 882 791 So.
908 758 989 789 Cum
1018 768 1089 788 vero
1112 768 1183 798 quae
1209 757 1248 787 ad
1273 757 1489 799 imperatorem
1506 763 1663 799 spectant,

197 814 366 856 intelligas,
390 819 491 844 utrum
512 813 720 855 imperatoria,
747 823 788 843 an
814 813 992 843 recitatoria
1016 811 1077 842 ista
1098 811 1215 843 calles?
1261 811 1312 843 Io.
1338 811 1430 842 Nihil
1451 812 1527 843 mihi
1551 812 1662 843 referre

197 868 330 899 videtur.
375 868 431 901 So.
455 867 624 905 Quomodo
648 867 726 898 nihil
752 866 850 908 [541]
874 866 987 898 referre
1007 865 1108 897 dicis?
1131 865 1374 907 imperatoriam,
1396 871 1429 897 et
1454 866 1660 897 recitatoriam

196 928 305 963 artem,
321 933 466 959 unamne‚
492 932 532 952 an
556 922 634 952 duas
659 921 774 963 ponis?
820 920 873 953 Io.
898 920 971 952 Una
988 920 1063 951 mihi
1086 921 1220 952 videtur.
1267 921 1322 952 So.
1347 920 1539 962 Quicunque
1565 920 1660 962 igitur

195 967 296 1008 bonus
318 982 366 1009 est
391 977 546 1013 recitator,
575 976 669 1007 etiarn
704 976 805 1006 bonus
840 975 1010 1016 imperator
1038 975 1122 1006 erit?
1169 975 1217 1006 Io.
1241 975 1284 1005 Et
1314 975 1445 1006 maxime
1474 974 1615 1020 quidem,
1639 985 1658 1005 o

195 1032 350 1063 Socrates.
393 1031 450 1064 So'.
473 1030 560 1062 Num
586 1031 618 1061 ei
642 1030 697 1072 qui
722 1030 876 1062 exercitus
898 1030 1066 1070 imperator
1089 1034 1138 1060 est
1163 1029 1312 1070 optimus,>
1331 1029 1420 1061 'idem
1445 1029 1594 1060 recitator.
1611 1033 1664 1060 est·

198 1086 319 1117 bonus?
364 1085 416 1118 10.
447 1084 670 1126 Nequaquam.
730 1085 787 1115 So.
818 1083 904 1115 Illud
930 1089 1034 1115 tamen
1062 1082 1214 1121 admittis,
1237 1084 1322 1125 quod
1348 1083 1489 1125 quisquis
1513 1083 1659 1114 recitator

197 1139 298 1171 bonus
313 1144 375 1177 est,
397 1140 498 1171 bonus
522 1145 570 1170 est
589 1139 768 1180 imperator.
813 1138 862 1171 Io.
886 1138 1002 1172 Valde.
1047 1139 1104 1170 So.
1127 1138 1246 1170 Nonne
1270 1138 1452 1170 Graecorum
1471 1138 1611 1180 optimus
1625 1148 1660 1169 es

193 1193 363 1225 recitator?
407 1193 455 1226 Io.
479 1193 590 1231 Plane,
611 1203 630 1223 o
656 1193 811 1225 Socrates.
856 1193 912 1224 So.
950 1192 1106 1235 Nunquid
1128 1192 1310 1224 Grzecorum
1333 1192 1472 1234 optimus
1496 1203 1530 1224 es
1555 1192 1659 1234 impe-

194 1249 302 1279 rator?
346 1248 399 1280 Io.
423 1247 528 1285 Certe,
554 1258 573 1278 o
602 1248 757 1280 Socrates.
780 1248 847 1279 haec
872 1247 956 1278 enim
981 1247 1013 1278 in
1039 1247 1170 1278 Homeri
1194 1247 1319 1287 scriptis
1343 1246 1451 1279 didici.
1497 1247 1556 1277 So.
1593 1247 1658 1280 Cur

193 1301 290 1342 igitur
314 1312 369 1343 per
387 1302 477 1340 deos,
503 1313 574 1334 cum
590 1302 630 1333 sis
651 1302 790 1343 optimus
806 1300 987 1333 Graecorum
1012 1301 1152 1332 omnium
1177 1301 1242 1332 dux
1262 1302 1428 1337 exercitus,
1455 1301 1660 1343 optimusque

192 1355 350 1397 recitator,
363 1355 477 1398 passim
493 1355 631 1388 carmina
652 1355 832 1393 modularis,
848 1355 963 1387 militas
978 1361 1083 1387 autem
1099 1356 1276 1398 nusquam?
1299 1355 1443 1398 nunquid
1459 1355 1517 1387 tibi
1533 1355 1658 1387 videtur

191 1409 337 1442 recitator
351 1420 444 1442 aurea
459 1421 576 1442 corona
591 1411 756 1442 decoratus
771 1410 937 1452 plurimum
953 1410 1022 1441 usui
1036 1421 1103 1442 esse
1117 1409 1247 1447 Graecis,
1267 1410 1436 1452 imperator
1450 1414 1555 1441 autem
1570 1410 1660 1441 nullo

189 1464 309 1506 pacto?
354 1465 407 1498 Io.
431 1464 559 1503 Nostra,
585 1475 604 1495 o
627 1465 781 1502 Socrates,
808 1464 920 1496 civitas
936 1470 1045 1496 vestrae
1065 1465 1183 1502 subest,
1198 1475 1218 1496 a
1234 1464 1385 1506 vobisque
1404 1465 1605 1506 gubernatur,
1627 1470 1660 1496 et

190 1518 308 1551 idcirco
334 1519 519 1561 imperatore
535 1530 599 1551 non
615 1518 748 1562 indiget.
771 1523 874 1550 vestra
894 1524 997 1551 autem
1023 1523 1056 1551 et
1077 1519 1386 1551 Lacedaemoniorum
1411 1518 1588 1560 respublica
1608 1529 1658 1550 me

189 1583 351 1616 nunquam
373 1575 407 1606 in
421 1574 574 1607 exercitus
601 1575 712 1606 ducem
727 1574 866 1616 eligeret.
888 1575 1022 1605 idoneos
1043 1574 1128 1607 enim
1152 1575 1248 1606 duces
1265 1584 1320 1605 vos
1343 1584 1410 1605 esse
1422 1573 1553 1616 putatis.
1598 1574 1657 1606 So.

188 1627 220 1659 Ο
235 1628 355 1670 optime
377 1628 450 1666 Ion,
476 1628 710 1671 Apollodorum
736 1629 930 1672 Cyzicenum
951 1639 1016 1660 non
1042 1628 1232 1670 cognoscis?
1277 1628 1328 1660 Io.
1353 1628 1457 1665 Quem
1473 1627 1656 1669 Apollodo-

188 1683 281 1714 rum?
327 1683 382 1715 So.
406 1682 502 1714 Illum
517 1683 649 1720 scilicet,
673 1694 766 1725 quem
793 1693 879 1725 saepe
894 1683 1116 1720 Athenienses,
1138 1682 1279 1725 quamvis
1301 1683 1416 1724 hospes
1434 1686 1527 1719 esset,
1553 1681 1655 1724 impe-

188 1741 320 1768 ratorem
351 1737 546 1779 delegerunt,
573 1742 607 1769 et
631 1738 886 1770 Phanosthenem
910 1736 1081 1775 Andrium,
1115 1742 1148 1769 et
1175 1737 1375 1769 Heraclidem
1396 1737 1657 1769 Clazomenium:

188 1801 269 1832 quos
283 1791 350 1823 haec
366 1791 490 1830 civitas,
506 1792 582 1824 licet
606 1792 798 1835 peregrinos,
823 1793 898 1835 quia
913 1792 970 1824 viri
985 1797 1168 1835 praestantes
1182 1792 1350 1829 habentur,
1377 1796 1511 1834 praetura
1533 1796 1566 1822 et
1585 1791 1655 1823 allis

187 1845 417 1887 magistratibus
439 1851 540 1878 ornat.
594 1846 706 1878 Ionem
731 1857 802 1879 vero
829 1847 1001 1890 Ephesium
1025 1847 1246 1889 imperatorem
1274 1857 1338 1878 non
1364 1846 1526 1882 decernet,
1549 1856 1653 1887 neque

186 1900 304 1931 honore
330 1900 455 1938 afficiet,
476 1901 502 1932 si
517 1901 630 1932 virtute
654 1906 799 1942 praestare
819 1901 903 1933 visus
929 1901 1047 1933 fuerit?
1093 1901 1181 1939 Quid
1199 1910 1282 1938 vero,
1311 1911 1417 1932 nonne
1443 1910 1499 1932 vos
1523 1899 1654 1942 Ephesii

183 1953 285 1995 prisca
315 1954 433 1996 origine
458 1954 669 1986 Athenienses
695 1956 782 1993 estis,
808 1955 1016 1998 Ephesusque
1046 1956 1134 1987 nulla
1162 1956 1291 1988 civitate
1317 1959 1364 1987 est
1389 1954 1543 1986 inferior?
1587 1954 1652 1986 Sed

183 2013 231 2045 tu,
256 2019 276 2039 ο
304 2008 376 2046 Ion,
402 2009 555 2051 siquidem
578 2020 650 2041 vera
666 2010 830 2051 praedicas,
847 2015 880 2042 et
895 2011 1028 2042 scientia
1042 2016 1172 2053 arteque
1196 2016 1286 2052 potes
1311 2009 1483 2041 Homerum
1510 2008 1652 2046 laudare,

184 2062 298 2104 injuria
319 2074 368 2095 me
392 2064 510 2096 afficis:
534 2065 655 2107 quippe
681 2065 735 2107 qui
762 2066 918 2107 professus
945 2067 1046 2097 multa
1070 2071 1104 2098 et
1127 2066 1259 2108 pulchra
1283 2063 1414 2096 Homeri
1438 2064 1529 2101 scire,
1555 2069 1651 2106 teque

183 2122 379 2150 ostensurum
394 2118 470 2149 mihi
486 2119 659 2160 pollicitus,
684 2130 734 2151 me
756 2129 842 2151 nunc
866 2120 1002 2162 decipis,
1026 2131 1063 2151 ac
1082 2120 1268 2162 permultum
1294 2120 1395 2155 abest,
1422 2123 1456 2150 ut
1480 2118 1652 2149 ostendas:

182 2170 337 2213 siquidem
363 2182 423 2204 nec
444 2183 516 2215 quae
541 2173 604 2204 sint
627 2174 699 2211 ista,
725 2184 858 2216 quorum
881 2175 999 2216 peritus
1015 2185 1062 2212 es,
1085 2185 1144 2206 nec
1159 2185 1222 2216 qua
1237 2174 1277 2205 sis
1294 2173 1444 2206 facultate
1467 2173 1649 2213 instructus,

181 2225 303 2266 aperire
329 2226 387 2264 vis,
413 2237 463 2259 me
485 2227 540 2258 diu
562 2227 628 2269 jam
653 2229 857 2260 obsecrante:
883 2233 1021 2260 ceterum
1049 2233 1196 2270 tanquam
1224 2227 1359 2259 Proteus
1374 2226 1476 2258 varius
1502 2225 1648 2266 resultas,

182 2289 300 2310 sursum
313 2281 497 2312 deorsumve
509 2292 688 2319 conversus,
704 2283 785 2314 adeo
795 2288 831 2314 ut
845 2288 1003 2325 postremo
1027 2293 1077 2314 me
1093 2283 1336 2324 subterfugiens,
1352 2281 1520 2323 imperator
1539 2290 1648 2311 evase-

180 2332 233 2374 ris,
247 2342 286 2365 ne
301 2334 378 2366 mihi
393 2336 553 2373 ostendas,
567 2346 630 2378 quo
642 2341 738 2378 pacto
753 2336 852 2378 [542]
875 2337 932 2368 tibi
946 2337 1028 2369 circa
1044 2337 1174 2368 Homeri
1189 2335 1379 2378 sapientiam
1395 2334 1546 2366 facundia
1560 2344 1647 2366 com-

165 2392 279 2429 petat.
324 2388 357 2420 Si
373 2389 456 2421 euim
471 2394 537 2421 arte
552 2390 607 2422 tibi
623 2391 685 2423 hoc
699 2391 794 2429 inest,
818 2391 1083 2434 quemadmodum
1099 2401 1183 2423 nunc
1207 2390 1284 2428 dixi,
1310 2389 1534 2432 pollicitusque
1549 2398 1647 2430 expo-

179 2451 254 2473 nere
268 2442 401 2485 decipis,
426 2449 510 2475 certe
522 2443 660 2486 injustus
675 2455 708 2477 es
724 2456 838 2488 meque
854 2445 968 2488 injuria
984 2445 1094 2477 afficis.
1117 2445 1165 2477 sin
1181 2450 1285 2477 autem
1301 2455 1386 2477 cares
1407 2448 1486 2482 arte,
1509 2447 1542 2474 et
1564 2447 1646 2474 sorte

179 2497 314 2536 quadam
339 2496 448 2529 divina
470 2499 509 2530 ab
526 2499 664 2531 Homero
687 2505 806 2542 raptus,
832 2511 903 2532 cum
931 2500 1009 2531 nihil
1032 2500 1201 2542 intelligas,
1228 2499 1328 2531 multa
1353 2503 1386 2530 et
1410 2497 1540 2539 pulchra
1563 2497 1647 2528 circa

180 2548 306 2590 poetam
329 2549 414 2582 hunc
428 2551 521 2589 dicis,
546 2558 583 2584 ut
603 2564 662 2596 ego
689 2555 729 2586 de
751 2560 782 2586 te
801 2554 998 2597 judicabam,
1022 2565 1086 2585 non
1111 2553 1189 2586 facis
1211 2553 1370 2596 injuriam.
1414 2552 1515 2594 Elige,
1543 2558 1645 2583 utrum

180 2603 279 2634 mavis
293 2602 427 2645 injustus
442 2605 548 2643 borno,
564 2616 604 2638 an
619 2608 744 2640 divinus
769 2609 875 2651 potius
901 2609 1066 2651 appellari.
1111 2608 1162 2639 Io.
1184 2608 1293 2650 Longe
1309 2607 1429 2647 differt,
1444 2617 1463 2637 o
1489 2605 1646 2642 Socrates,

178 2662 213 2688 et
238 2657 337 2688 multo
362 2657 520 2699 pulchrius
546 2666 595 2692 est
616 2661 755 2703 judicari
783 2663 939 2694 divinum.
985 2663 1041 2695 So.
1066 2662 1138 2694 Huc
1161 2663 1270 2704 itaque
1296 2662 1382 2703 quod
1409 2660 1568 2703 pulchrius
1585 2665 1645 2699 est,

179 2711 236 2742 tibi
252 2713 335 2753 apud
353 2723 410 2744 nos
433 2713 525 2756 inest,
550 2725 569 2746 o
584 2715 657 2758 Ion,
683 2722 714 2749 te
730 2717 853 2750 scilicet
877 2717 1017 2749 divinum
1045 2716 1150 2759 potius
1173 2727 1266 2760 quam
1291 2716 1489 2748 artificiosum
1515 2713 1644 2746 Homeri

180 2765 373 2798 laudatorem
384 2777 462 2799 esse.

250 3044 340 3077 Plat.
360 3047 415 3078 Tr.
874 3052 902 3084 Ι.
1521 3046 1551 3076 Χ
