1846 3268
206 265 287 305 356
544 291 546 293 ,
804 255 1071 300 PLAroms
1573 262 1674 314 [με

205 362 262 398 au't
276 364 354 399 nihil
369 374 437 396 csse
452 368 508 396 aut
521 373 635 406 corpus
650 371 787 394 asserere
809 362 951 402 nondum
974 362 1106 395 audent.
1151 360 1220 394 110.
1241 360 1356 394 Procul
1378 361 1489 400 dublo,
1501 360 1677 404 Themtete,

207 419 351 452 meliores
365 418 423 453 viri
437 418 529 451 nobis
543 420 721 450 evaserunt.
739 426 811 449 narn
826 415 1010 458 quicunque
1023 415 1148 448 illorum
1162 415 1283 458 Spartae
1298 420 1395 458 atque
1409 415 1568 459 indigenae
1589 421 1678 460 sunt,

206 474 317 506 horum
332 477 477 505 neutrum
492 481 625 503 asserere
639 475 805 503 verenturz
829 470 925 502 immo
940 469 1027 511 quod
1052 479 1160 512 pugno
1167 468 1282 511 'premi
1306 468 1430 512 nequit,
1444 469 1574 503 omnino
1597 469 1676 503 nihil

208 537 276 559 esse
299 526 540 559 contenderent.
581 524 669 557 Tris.
691 524 802 556 Ferme
826 523 912 566 quod
937 522 1077 555 sentiunt
1101 523 1261 557 enarrasti.
1306 522 1373 556 Ho.
1397 522 1451 555 Ab
1475 523 1536 556 illis
1563 523 1676 560 iterum

207 580 433 622 perquiramus.
489 578 573 611 Nam
598 578 625 613 si
650 577 727 621 quid
744 577 794 615 nel
820 577 967 620 exiguum
993 576 1120 619 quidem
1150 577 1368 620 incorporeum
1392 587 1460 610 csse
1484 577 1679 617 concedunt.

208 633 333 666 sufficit.
378 633 474 671 Quod
497 632 690 675 incorporeis
715 631 807 664 simul
831 637 929 674 atque
950 630 1109 673 corporeis
1125 631 1216 664 rebus
1231 635 1280 663 est
1294 630 1436 669 insitum,
1450 630 1542 673 cujus
1556 631 1677 670 ratione

208 697 276 719 esse
292 691 425 729 utraque
439 686 563 725 dicunt,
578 687 640 720 hoc
655 684 772 718 abillis
797 685 931 728 exprimi
955 684 1134 728 querimus.
1175 682 1265 718 Tau.
1288 684 1426 717 Deesset
1449 684 1528 718 forte
1548 685 1611 718 illis
1628 695 1679 719 re-

206 740 349 782 sponsio,
361 739 388 773 si
409 740 488 782 quid
503 739 549 772 eis
564 739 627 771 tale
651 739 859 782 contingeret.
902 737 971 771 Ho.
994 738 1091 781 Vide,
1109 743 1213 778 utrum
1234 738 1483 781 proponentibus
1505 739 1598 771 nobis
1621 750 1679 774 ens

206 793 270 826 tale
284 793 436 836 quiddam
453 794 597 835 existere,
609 793 774 826 admissuri
787 793 861 825 sint.
905 792 994 824 Tur-:-
1017 791 1179 830 Quidnam
1193 791 1329 826 declara.
1351 791 1431 825 forte
1453 792 1538 824 enim
1558 793 1679 826 intelli·

207 858 329 889 gemus.
374 846 442 880 Ho.
465 847 551 880 Dico
569 847 717 890 equidem
741 846 896 889 quicquid
921 846 1095 888 potentiam
1116 856 1338 889 quamcunque
1364 850 1492 878 nactum
1507 851 1555 879 est
1570 846 1620 879 vel
1634 847 1677 880 ad

207 900 293 933 aliud
310 902 467 943 agendum
483 901 532 934 vel
550 901 734 943 patiendum
749 901 789 933 ab
803 900 880 938 alio,
895 900 1039 943 quamvis
1054 891 1217 933 minimum
1232 900 1312 943 quid
1326 909 1346 931 a
1359 899 1509 934 vilissimo
1524 901 1678 943 quodam,

208 960 241 992 ct
255 955 280 985 si
296 955 396 986 solum
412 954 520 993 semel,
536 954 701 997 quodlibet
716 955 778 987 tale
793 965 827 987 re
842 964 915 986 vera
931 964 1010 987 esse.
1053 953 1095 986 Et
1110 955 1170 986 hac
1185 964 1241 986 ens
1255 953 1440 986 definitione
1458 954 1614 992 describo,
1629 955 1679 986 ni-

206 1008 250 1039 hil
265 1008 351 1040 aliud
367 1018 461 1050 quam
477 1008 650 1050 potentiam
666 1018 746 1040 esse.
789 1007 878 1040 Tun.
898 1007 944 1039 At
957 1017 1029 1038 vero
1045 1012 1210 1049 postquam
1226 1006 1259 1039 iu
1275 1006 1440 1049 praesentia
1455 1006 1517 1049 ipsi
1530 1007 1591 1040 hoc
1612 1017 1679 1040 me-

207 1061 267 1098 lius
282 1061 360 1093 nihil
375 1063 505 1103 habent,
515 1063 576 1094 hoc
590 1067 624 1093 et
634 1061 809 1104 accipiunt.
854 1060 922 1093 Ho.
946 1061 1061 1094 Probe.
1083 1061 1215 1093 forsitan
1230 1061 1382 1102 deinceps
1396 1059 1488 1092 nobis
1506 1060 1678 1103 aliquando

208 1120 241 1151 et
254 1115 316 1147 illis
331 1115 421 1147 aliter
435 1115 606 1148 dicendum
622 1116 791 1148 videbitur.
837 1115 947 1157 Atque
963 1115 995 1146 id
1021 1125 1104 1147 nunc
1131 1125 1205 1157 erga
1226 1114 1298 1146 illos
1320 1114 1422 1157 [248]
1445 1113 1615 1153 admissum
1629 1125 1680 1147 a·

208 1174 339 1211 tumque
367 1174 503 1202 maneat.
549 1169 638 1202 Tun.
661 1169 788 1202 Manet.
834 1168 903 1202 Ho.
926 1168 981 1201 Ad
1007 1169 1184 1211 specierum
1208 1168 1326 1201 amicos
1345 1168 1415 1211 jam
1437 1168 1678 1204 descendamus.

206 1227 241 1253 tu
258 1227 363 1255 autem
379 1222 470 1254 nobis
495 1222 619 1255 illorum
646 1233 771 1255 sensum
793 1222 1008 1264 interpretare.
1054 1221 1143 1255 Tan.
1165 1221 1246 1254 Fiet.
1289 1222 1359 1257 Ηο.
1381 1221 1484 1255 Aliud
1499 1221 1678 1262 essentiam,

207 1275 292 1309 aliud
307 1276 538 1318 generationem
555 1276 674 1319 dicitis,
687 1277 818 1308 alterum
844 1277 885 1308 ab
910 1276 1007 1308 altero
1031 1276 1254 1308 secernentes?
1298 1275 1386 1308 Tun.
1408 1275 1540 1319 Absque
1553 1282 1680 1310 contro·

206 1329 318 1361 versia.
363 1329 430 1362 Ηο.
453 1330 495 1361 Et
510 1340 641 1373 corpore
655 1331 783 1374 quidem
807 1341 865 1361 nos
887 1340 944 1372 per
966 1340 1092 1362 sensum
1119 1340 1189 1361 cum
1206 1330 1408 1371 generatione
1422 1330 1678 1366 communicare:

206 1383 311 1415 anima
326 1393 398 1415 vero
414 1394 469 1426 per
484 1383 636 1417 rationem
651 1395 723 1416 cum
739 1395 810 1416 vera
821 1383 956 1416 essentia
970 1394 980 1423 3
1002 1394 1096 1425 quam
1112 1393 1235 1425 semper
1249 1384 1423 1416 secundum
1446 1384 1559 1416 eadem
1576 1389 1610 1416 et
1621 1394 1678 1416 eo·

207 1438 279 1469 dem
295 1438 390 1470 modo
404 1449 474 1470 sese
488 1439 615 1477 habere,
629 1438 862 1480 generationem
875 1448 948 1469 vero
962 1437 1039 1469 alias
1055 1437 1144 1469 aliter
1165 1447 1316 1479 apparere
1337 1437 1520 1470 asseveratis
1534 1437 1548 1469 ?.
1589 1436 1679 1471 Tu.

205 1491 438 1528 Asseveramus.
482 1492 552 1524 Ho.
574 1492 836 1524 Communionem
852 1492 947 1531 hanc,
960 1502 979 1522 o
995 1491 1052 1522 viri
1076 1491 1217 1531 omnium
1232 1490 1358 1533 optimi,
1373 1491 1452 1533 quiri
1478 1490 1511 1524 in
1526 1491 1679 1524 ambobus

206 1555 275 1577 csse
289 1545 420 1578 dicitis?
444 1556 519 1578 num
536 1546 580 1584 id,
595 1547 682 1589 quod
698 1557 755 1578 nos
770 1546 868 1588 paulo
881 1550 954 1578 ante
969 1545 1220 1577 inducebamus?
1264 1545 1352 1578 Tun.
1376 1545 1462 1583 Quid
1477 1544 1560 1578 istuc
1573 1545 1585 1577 ?
1608 1545 1677 1579 He.

206 1599 390 1632 Passionem
405 1600 454 1632 vel
479 1601 635 1632 cetlonem
661 1611 699 1632 ex
725 1601 868 1643 potentia
893 1600 1096 1642 quadam,ab
1122 1599 1161 1631 iis
1177 1609 1250 1641 quae
1273 1599 1409 1631 invicem
1433 1599 1679 1641 congrediuntur

208 1654 456 1695 provenientem.
502 1654 645 1686 Forsitan
656 1654 779 1686 illorum
795 1654 834 1685 ad
851 1655 919 1686 haec
933 1653 1181 1696 responsionem,
1197 1663 1216 1685 o
1231 1653 1406 1691 Theaetete.
1421 1653 1506 1685 haud
1517 1653 1594 1687 satis
1607 1665 1682 1697 per·

206 1708 306 1750 cipis;
328 1718 366 1739 ac
381 1719 431 1740 me
446 1708 593 1740 diuturna
609 1719 680 1741 cum
708 1708 769 1740 illis
792 1707 989 1740 consuetudo
1017 1707 1057 1739 ad
1080 1706 1316 1750 percipiendum
1333 1706 1437 1748 juvat.
1480 1706 1567 1740 Tua.
1589 1707 1679 1745 Quid

206 1772 280 1805 ergo
296 1763 511 1804 respondent?
556 1762 622 1794 Hc.
646 1761 722 1794 Non
737 1763 816 1794 dant
829 1762 921 1794 nobis
937 1762 1023 1805 quod
1040 1772 1135 1804 supra
1149 1762 1299 1793 adversus
1314 1760 1456 1793 homines
1467 1765 1546 1792 terra
1556 1761 1680 1802 genitos

207 1816 248 1847 de
274 1814 411 1848 essentia
436 1816 569 1849 dictum.
613 1816 702 1849 Tne.
726 1816 814 1854 Quid
840 1816 943 1848 illud?
987 1815 1055 1848 Ho.
1076 1815 1290 1848 Sufficientem
1315 1815 1434 1846 entium
1461 1814 1679 1849 definitionem

206 1870 288 1901 hanc
305 1870 394 1912 posui
412 1881 419 1901 :
444 1870 594 1902 videlicet
608 1871 736 1912 quando
752 1870 846 1903 alicui
859 1870 973 1913 agendi
986 1870 1035 1902 vel
1051 1869 1195 1912 patiendi
1206 1870 1250 1901 vis
1262 1869 1367 1911 aliqua
1379 1869 1426 1901 vel
1440 1863 1570 1901 minima
1579 1870 1682 1906 adest.

208 1922 296 1956 Tne.
319 1923 412 1955 Hanc
428 1923 539 1965 ipsam.
585 1924 654 1957 Ηο.
678 1923 731 1956 Ad
748 1925 815 1956 haec
839 1925 940 1963 aiunt,
954 1925 1040 1967 quod
1063 1924 1224 1966 generatio
1240 1923 1391 1966 potentiae
1405 1923 1520 1965 agendi
1535 1923 1584 1955 vel
1597 1923 1681 1966 pati-

207 1976 284 2009 endi
300 1981 349 2008 est
371 1977 549 2019 particeps:
574 1979 718 2010 essentiae
732 1989 806 2015 yero
831 1979 917 2010 nulla
943 1978 1126 2020 hujusmodi
1150 1977 1293 2019 potentia
1313 1977 1474 2009 convenit.
1517 1976 1605 2009 Tun.
1625 1976 1680 2010 An

208 2040 273 2061 non
287 2029 320 2061 id
337 2031 422 2072 quod
438 2031 562 2070 dicunt,
578 2032 695 2074 aliquid
713 2033 784 2064 est?
829 2032 897 2064 Ho.
919 2032 971 2063 Ad
995 2034 1056 2064 hoc
1077 2042 1095 2063 a
1122 2031 1213 2063 nobis
1229 2030 1456 2073 objiciendum,
1470 2031 1556 2073 quod
1568 2031 1682 2064 clarius

207 2084 247 2116 ab
271 2084 333 2115 illis
359 2085 467 2116 audire
491 2086 649 2127 cupimus,
675 2091 778 2118 utrum
805 2086 1014 2119 assentiantur
1039 2086 1174 2118 animam
1196 2095 1397 2127 cognoscere,
1422 2085 1590 2117 essentiam
1605 2095 1680 2117 vero

209 2137 371 2180 cognosci.
431 2138 520 2171 Tus.
557 2138 722 2172 Affirmant
745 2140 900 2182 profecto.
954 2139 1023 2173 Ho.
1047 2140 1248 2181 Cognoscere
1275 2139 1324 2170 vel
1352 2138 1502 2181 cognosci
1523 2139 1682 2172 actionem

209 2191 330 2223 vocatis
345 2191 394 2223 vel
421 2192 597 2234 passionem
614 2194 663 2226 vel
688 2198 876 2236 utrumque:
901 2193 951 2225 vel
977 2198 1120 2234 neutrum
1144 2193 1273 2225 istorum
1299 2193 1332 2224 in
1356 2198 1467 2224 neutro
1491 2192 1679 2235 participare

207 2245 325 2277 vultis?
370 2245 477 2285 Patet,
491 2247 576 2289 quod
599 2247 631 2278 in
657 2252 769 2279 neutro
795 2252 953 2280 neutrum.
977 2247 1119 2289 alioquin
1145 2245 1300 2279 contraria
1325 2246 1460 2288 illorum,
1484 2256 1556 2289 quae
1582 2257 1681 2289 supra
1731 2251 1737 2262 ⁹

208 2305 440 2341 concesserant,
454 2311 539 2332 nunc
556 2301 768 2332 admitterent.
803 2301 892 2333 Tne.
917 2300 1078 2343 Intelligo.
1115 2300 1182 2332 Ηο.
1204 2300 1237 2332 Si
1249 2300 1377 2343 quidem
1388 2310 1577 2342 cognoscere
1588 2310 1682 2342 agere

210 2352 331 2395 aliquid
348 2358 441 2390 esset,
458 2354 607 2395 cognosci
622 2365 696 2386 vero
712 2355 791 2397 pati,
805 2355 892 2397 quod
913 2354 1124 2396 cognoscitur,
1141 2358 1308 2396 pateretur.
1331 2358 1364 2386 et
1383 2353 1498 2386 iccirco
1511 2354 1679 2387 essentiam

208 2407 267 2438 hac
293 2407 412 2438 ratione
433 2407 500 2450 pati
525 2419 564 2439 ex
590 2408 660 2451 ipsa
686 2409 869 2451 cognitione
895 2408 1104 2451 contingeret,
1119 2409 1194 2440 dum
1217 2408 1439 2450 cognoscitur:
1462 2412 1496 2440 et
1520 2413 1679 2450 quatenus

207 2460 422 2503 cognoscitur,
438 2465 566 2493 eatenus
583 2462 670 2504 pati:
694 2467 728 2494 et
741 2468 895 2505 quatenus
911 2463 1040 2505 patitur,
1053 2467 1184 2493 eatenus
1208 2467 1241 2493 et
1264 2462 1390 2493 moveri.
1414 2461 1500 2503 quod
1516 2461 1600 2494 circa
1614 2472 1679 2494 rem

207 2514 350 2546 stabilem
366 2514 432 2546 fieri
444 2525 508 2546 non
530 2526 622 2558 posse
637 2516 783 2549 dicimus.
826 2517 913 2550 Tus.
937 2517 1052 2549 Recte.
1091 2516 1157 2549 Ho.
1181 2516 1268 2554 Quid
1283 2516 1378 2548 vero?
1401 2516 1455 2549 dic
1479 2526 1536 2558 per
1552 2515 1680 2553 Jovem.

207 2577 240 2598 re
255 2577 328 2599 vera
353 2573 487 2606 motum,
502 2569 610 2608 vitam,
626 2570 774 2609 animam,
790 2571 976 2614 sapientiam
995 2570 1138 2613 nunquid
1164 2571 1204 2602 ab
1228 2580 1278 2608 eo,
1293 2571 1379 2612 quod
1403 2570 1530 2602 omnino
1554 2580 1591 2603 ae
1607 2580 1680 2603 vere

212 2625 272 2658 est,
290 2622 398 2653 abesse
411 2632 534 2664 prorsus
546 2624 809 2657 existimandum:
834 2636 937 2668 neque
952 2624 1055 2657 vivere
1068 2625 1182 2667 ipsum,
1197 2635 1300 2667 neque
1316 2634 1437 2666 sapere,
1457 2623 1558 2667 [249]
1574 2633 1679 2666 neque

206 2676 414 2706 venerandam
437 2682 639 2720 sanctamque
660 2684 796 2712 mentem
826 2680 953 2718 habere,
981 2680 1036 2711 sed
1064 2679 1222 2710 immobile
1246 2678 1420 2721 stabileque
1444 2678 1532 2710 esse?
1587 2676 1677 2710 Tru.

207 2728 388 2760 Absurdum
403 2730 496 2762 nimis
509 2731 556 2769 id.
571 2733 699 2775 hospes,
713 2734 739 2766 si
754 2734 957 2767 concedatur.
1002 2733 1069 2768 110.
1092 2732 1124 2764 N
1128 2733 1248 2775 unquid
1266 2739 1400 2764 mentem
1412 2732 1539 2775 quidem
1549 2731 1677 2768 habere,

207 2781 303 2814 vitam
316 2793 390 2815 vero
409 2783 536 2816 minime
550 2785 561 2816 ἓ
607 2787 694 2819 Tus.
716 2788 780 2826 Qui
796 2789 902 2821 istuc?
947 2788 1014 2821 Ηο.
1038 2787 1091 2819 Αη
1115 2789 1182 2819 haec
1207 2794 1335 2829 utraque
1351 2787 1450 2819 inesse
1465 2786 1512 2818 illi
1523 2785 1678 2822 dicemus,

207 2841 392 2869 nontamen
412 2838 451 2869 ab
476 2849 514 2870 eo
538 2839 689 2873 inanima
712 2843 887 2875 contineri?
934 2843 1020 2875 Tun.
1044 2842 1091 2873 At
1114 2853 1251 2884 quonam
1276 2842 1383 2887 modo‘
1394 2840 1454 2872 alio
1477 2837 1675 2872 contineret?

208 2890 276 2924 Ho.
301 2891 413 2924 Utrum
431 2898 579 2936 mentem,
593 2894 700 2934 vitam,
716 2897 849 2930 animam
865 2898 979 2930 habere
994 2897 1162 2929 dicendum
1177 2909 1183 2927 2
1208 2896 1366 2927 immobile
1381 2900 1498 2931 tamen,
1512 2903 1583 2925 cum
1607 2902 1674 2924 om-

207 2945 280 2979 nino
308 2947 347 2978 sit
366 2947 548 2988 auimatum,
565 2949 759 2984 consistere?
803 2952 889 2985 Ture.
913 2952 993 2986 Hinc
1021 2952 1127 2985 omnia
1152 2951 1228 2984 mihi
1256 2950 1374 2983 ratione
1400 2958 1502 2981 carcre
1517 2947 1672 2980 videntur.
