1832 3256
227 202 281 240 46
819 202 1086 245 PLATONIS
1115 199 1117 201 ’
1598 203 1696 258 [319

229 314 269 336 eo
293 304 447 347 proficiet,
466 315 504 338 ac
518 305 634 338 deinde
650 305 853 348 interrogaret
876 307 1082 349 Zeuxippum,
1104 316 1164 348 qua
1187 305 1218 337 in
1233 315 1265 338 rc
1284 306 1321 337 sit
1338 305 1544 348 profecturus,
1569 314 1697 348 respon-

228 357 317 389 deret
331 358 450 401 utique,
467 359 505 390 In
522 359 681 402 pingendo
694 371 702 391 :
720 360 787 391 etsi
802 359 1006 402 Orthagoram
1018 360 1201 392 Thebanum
1213 361 1391 401 conveniat,
1406 361 1576 402 audiatque
1590 369 1630 391 ex
1644 359 1700 390 illo

229 411 399 444 doctiorem
415 423 448 446 se
464 413 496 445 in
511 414 578 445 dies
594 414 662 456 ejus
677 414 906 448 consuetudine
921 423 1097 451 evasurum,
1113 415 1182 454 sed,
1194 425 1256 457 qua
1271 415 1303 446 in
1318 425 1350 446 re
1365 414 1550 455 doctiorem,
1567 412 1700 445 interro-

229 470 293 506 get,
309 465 348 497 In
365 467 510 499 tibiarum
526 478 617 506 sono,
629 468 819 510 Orthagoras
833 469 1036 510 respondebit
1049 479 1057 499 ε
1080 469 1191 500 eodem
1210 468 1303 499 modo
1319 473 1351 500 et
1366 472 1399 499 tu
1415 468 1488 499 huic
1504 466 1698 499 adolescenti

228 519 368 562 mihique
383 531 440 563 pro
457 521 510 553 illo
526 522 646 563 petenti
661 523 827 564 responde.
873 521 930 553 Ais
946 522 1044 559 enim,
1059 522 1298 564 Hippocratem,
1322 522 1347 553 si
1364 522 1543 563 Protagora}
1559 522 1699 552 adhaere-

227 573 286 614 bit,
298 573 333 605 in
352 574 420 606 dies
435 575 608 607 doctiorem
620 575 697 607 fore.
742 586 804 618 qua
819 576 946 607 tandem
967 575 1000 607 in
1027 576 1083 607 re?
1106 576 1241 607 declara.
1285 575 1365 607 Tum
1390 575 1587 616 Protagoras,
1613 574 1699 606 Scite

228 626 398 670 interrogas
412 632 447 659 tu
463 629 604 671 quidem,
620 641 638 661 o
650 629 813 662 Socrates:
837 620 869 661 et
885 639 945 671 ego
960 629 1008 661 his
1022 629 1076 671 qui
1092 630 1192 672 probe
1208 630 1410 671 interrogant,
1425 629 1557 660 libenter
1568 639 1700 670 respon-

227 680 302 712 deo.
345 681 559 724 Hippocrates
580 684 720 725 quidem,
740 684 765 715 si
790 694 912 715 mecum
936 688 1084 722 versetur,
1111 683 1144 714 in
1170 693 1242 715 eum
1266 693 1397 715 errorem
1422 693 1485 714 non
1509 682 1641 724 incidet,
1665 682 1699 713 in

227 743 321 776 quern
338 737 446 778 procul
458 737 556 769 dubio
571 738 734 770 incidisset
748 748 819 770 curn
831 737 977 779 sophistis
993 737 1063 768 aliis
1079 742 1289 769 conversatus.
1322 737 1376 769 alii
1398 737 1552 780 siquidem
1570 735 1698 778 juveni-

228 788 287 820 bus
301 790 426 822 obsunt.
471 790 592 822 Invitos
606 802 742 834 namque
757 791 827 823 illos
847 792 887 822 ad
902 797 983 823 artes
997 792 1166 828 retrahunt,
1192 802 1269 833 quas
1291 792 1489 833 aufugerant,
1510 789 1699 822 ratiocinati-

228 852 304 874 ones
319 854 411 886 porro
425 846 749 889 computationesque‚
763 845 994 891 astronomiam,
1019 845 1230 887 geometriam,
1244 845 1392 877 musicam
1408 845 1545 876 tradunt.
1567 848 1601 875 et
1615 843 1699 885 Hip-

229 894 312 937 piam
327 897 417 929 simul
433 899 587 941 aspiciens
605 901 740 938 addidit,
757 900 907 942 Quisquis
921 904 1025 931 autem
1041 900 1080 931 ad
1097 910 1146 931 me
1161 899 1294 937 venerit,
1310 900 1410 930 solum
1425 898 1459 930 id
1474 899 1587 939 discet,
1607 897 1699 940 cujus

228 949 327 991 gratia
350 952 459 983 venit:
483 953 651 995 disciplina
663 965 735 986 vero
763 954 943 995 hujusmodi
963 959 1021 991 est,
1048 955 1185 996 prudens
1206 954 1239 985 in
1262 965 1293 986 re
1316 953 1459 984 familiari
1482 957 1515 984 et
1538 951 1699 993 republica

227 1003 430 1046 consultatio,
454 1016 517 1048 qua
536 1007 606 1048 quis
624 1012 657 1039 et
678 1008 807 1039 domum
829 1013 913 1040 recte
928 1009 1092 1050 gubernat,
1117 1013 1149 1039 et
1165 1008 1300 1039 civitatis
1321 1007 1450 1049 negotia
1471 1006 1589 1048 optime
1603 1010 1636 1037 et
1651 1005 1700 1036 di-

229 1057 332 1089 cendo
349 1058 503 1102 transigit,
518 1065 551 1091 et
573 1062 708 1102 agendo.
734 1061 830 1104 [319]
855 1062 909 1095 So.
933 1061 984 1093 An
1010 1061 1153 1102 intelligo
1171 1062 1256 1103 quod
1274 1061 1332 1102 vis,
1354 1060 1546 1102 Protagora?
1575 1059 1699 1091 civilem

226 1120 364 1153 namque
379 1119 474 1145 artem
489 1114 593 1146 dicere
609 1116 683 1147 mihi
699 1116 825 1157 videris,
842 1116 1047 1158 pollicerique
1061 1116 1143 1147 viros
1159 1116 1296 1158 optimos
1310 1115 1394 1147 cives
1414 1114 1545 1146 efficere.
1589 1113 1701 1145 Paor.

227 1163 301 1196 Hoc
318 1166 419 1208 ipsum
434 1174 495 1208 est,
516 1179 536 1199 o
551 1169 704 1207 Socrates,
720 1171 805 1211 quod
822 1170 935 1212 passim
952 1170 1116 1211 praedicas.
1160 1170 1216 1201 So.
1239 1169 1268 1200 O
1285 1179 1377 1211 quam
1394 1168 1574 1211 praeclarum
1589 1171 1700 1198 nactus

228 1228 263 1250 es
278 1220 462 1253 artificium!
487 1223 513 1254 si
529 1224 623 1255 modo
638 1235 671 1255 es
687 1230 809 1257 nactus.
853 1224 934 1255 nihil
949 1235 1023 1256 sane
1043 1224 1128 1255 aliud
1149 1234 1223 1265 erga
1241 1229 1272 1255 te
1295 1234 1390 1266 quam
1405 1223 1492 1265 quod
1511 1221 1612 1254 sentio
1628 1231 1700 1263 pro-

228 1271 404 1307 ferendum.
447 1275 486 1307 Id
503 1277 663 1318 equidem,
684 1289 703 1309 o
719 1278 902 1320 Protagora,
925 1278 1031 1310 doceri
1053 1287 1116 1308 non
1132 1288 1224 1318 posse
1240 1281 1392 1318 putaram.
1417 1276 1472 1307 tibi
1489 1281 1594 1307 tamen
1609 1280 1699 1307 autu-

229 1328 329 1360 manti
343 1339 407 1360 non
424 1335 568 1372 praestare
583 1332 677 1363 fidem
693 1343 829 1374 nequeo.
873 1332 976 1369 Quam
993 1342 1064 1362 vero
1079 1331 1120 1362 ob
1135 1341 1260 1362 causam
1277 1341 1380 1372 neque
1395 1330 1501 1361 doceri
1516 1339 1620 1371 posse,
1643 1339 1700 1360 ne-

230 1391 292 1422 que
308 1383 348 1413 ab
362 1383 538 1416 hominibus
553 1385 621 1417 aliis
637 1386 704 1417 aliis
719 1386 798 1417 tradi
815 1396 941 1423 censeo,
964 1384 1034 1427 jure
1051 1384 1208 1416 declarare
1223 1385 1336 1416 debeo.
1381 1383 1550 1425 Equidem,
1565 1383 1651 1424 quod
1668 1387 1701 1414 et

230 1434 326 1467 ceteri
341 1435 445 1469 Graeci
461 1443 625 1481 testantur,
640 1440 849 1471 Athenienses
864 1439 946 1471 viros
961 1439 1119 1481 sapientes
1133 1438 1273 1480 appello.
1318 1437 1424 1469 Video
1439 1438 1544 1479 igitur,
1571 1437 1700 1479 quando

231 1489 385 1522 concione
399 1498 588 1535 congregata
603 1494 723 1536 aliqu-id
739 1495 778 1525 de
794 1493 982 1525 aedificando
998 1493 1167 1524 deliberare
1181 1491 1379 1532 vultcivitas,
1389 1491 1614 1523 aedificatorum
1626 1497 1702 1522 con·

233 1543 336 1576 silium
352 1547 459 1588 expeti
473 1558 482 1579 :
507 1553 544 1579 et
554 1559 624 1579 cum
640 1549 680 1581 de
696 1549 823 1580 navium
839 1549 969 1586 fabrica,
984 1548 1086 1579 fabros
1100 1547 1226 1578 navium
1242 1546 1395 1579 accersiri.
1419 1545 1503 1576 idem
1517 1554 1644 1586 quoque
1655 1543 1703 1574 fa-

232 1597 321 1630 ciunt
337 1599 372 1630 in
387 1601 498 1632 ceteris
521 1603 676 1644 omnibus,
701 1613 898 1645 quaecunque
913 1601 1017 1634 doceri
1036 1606 1068 1634 et
1087 1601 1170 1633 disci
1191 1611 1281 1643 posse
1302 1600 1491 1632 existimant.
1535 1598 1577 1629 Et
1591 1598 1616 1629 si
1630 1597 1702 1640 quis

225 1653 313 1684 ,alius
325 1655 501 1687 consultare
516 1657 557 1688 de
572 1657 645 1688 artis
659 1657 742 1689 illius
758 1668 852 1699 opere
867 1657 982 1700 pergit,
997 1657 1087 1699 cujus
1103 1661 1259 1698 expertem
1276 1665 1343 1686 esse
1366 1659 1490 1696 putant,
1502 1663 1555 1684 seu
1573 1652 1701 1694 praecla-

235 1706 372 1740 tissimus
388 1709 421 1740 in
437 1709 507 1741 aliis
522 1711 569 1742 vir
580 1712 620 1742 sit
635 1712 700 1743 sive
713 1712 883 1743 ditissimus
898 1712 964 1743 sive
979 1711 1148 1742 admodum
1164 1719 1344 1751 generosus,
1360 1707 1460 1739 nihilo
1475 1707 1573 1749 magis
1587 1706 1701 1737 admit-

235 1765 319 1799 tunt,
344 1763 399 1793 sed
415 1763 582 1795 exsibilant
607 1771 640 1796 et
662 1766 856 1808 explodunt:
881 1765 984 1807 quoad
1009 1764 1058 1795 vel
1081 1764 1148 1806 ipse
1171 1762 1308 1794 tumultu
1333 1761 1498 1794 deterritus
1523 1771 1541 1792 a
1562 1760 1701 1792 dicendo

235 1814 367 1847 desistat
391 1817 442 1848 vel
464 1817 651 1860 jubentibus
674 1820 906 1861 magistratibus
931 1818 1052 1850 arciferi
1073 1823 1128 1849 aut
1153 1817 1321 1848 extrudant
1343 1816 1446 1858 ipsum
1470 1815 1624 1858 protinus,
1645 1819 1702 1846 aut

234 1869 429 1911 transfigant.
473 1871 511 1903 Id
535 1872 642 1915 itaque
657 1873 690 1904 in
707 1873 852 1904 omnibus
863 1873 902 1904 ad
919 1872 1156 1915 perceptionem
1171 1871 1281 1902 artium
1299 1869 1525 1912 pertinentibus
1539 1868 1703 1900 observare

234 1929 475 1959 consueverunt.
519 1926 565 1957 At
578 1937 650 1958 cum
665 1928 705 1958 de
721 1927 848 1970 publica
861 1927 996 1959 civitatis
1012 1926 1283 1957 administratione
1298 1923 1539 1956 consultandum
1552 1927 1614 1963 est,
1626 1931 1704 1954 con·

234 1977 308 2008 sulit
321 1979 508 2011 architectus
523 1991 613 2023 aeque
632 1991 669 2013 ac
684 1981 771 2013 faber
791 1982 924 2019 aerarius,
946 1991 1036 2024 aeque
1051 1981 1146 2012 etiam
1173 1980 1280 2020 cerdo,
1294 1983 1457 2020 mercator,
1469 1981 1579 2018 nauta,
1603 1976 1706 2014 dives,

235 2041 367 2073 pauper,
382 2033 540 2075 ignobilis,
555 2046 746 2077 generosus:
771 2047 874 2078 neque
888 2037 997 2067 horum
1011 2035 1093 2067 ullus
1106 2044 1293 2077 quemquam
1318 2032 1470 2075 explodit,
1494 2036 1531 2064 ut
1552 2031 1586 2062 in
1608 2040 1703 2072 supe-

235 2085 366 2118 rioribus
388 2087 602 2131 contingebat,
624 2090 714 2132 quasi
736 2101 888 2133 nusquam
911 2090 1070 2127 didicerit,
1093 2089 1278 2130 nullumque
1301 2087 1445 2119 habuerit
1466 2091 1703 2128 praeceptorem,

236 2143 373 2172 attamen
388 2143 565 2176 consultare
580 2145 707 2177 audeat.
751 2145 885 2178 Constat
898 2155 1002 2187 porro,
1018 2144 1103 2186 quod
1119 2142 1223 2174 doceri
1239 2153 1332 2185 posse
1348 2152 1411 2173 non
1425 2145 1548 2183 putant.
1586 2139 1704 2182 Neque

237 2195 365 2236 publice
376 2195 478 2228 solum
492 2198 564 2236 hoc,
580 2199 634 2230 sed
650 2204 683 2231 et
698 2199 841 2241 privatim
856 2199 1058 2241 conspicitur.
1083 2197 1198 2229 etenim
1220 2197 1275 2239 qui
1297 2196 1380 2227 civili
1398 2195 1554 2238 sapientia
1569 2194 1704 2237 pollent·

224 2250 382 2282 vvirtutem
398 2251 479 2283 hanc
493 2251 526 2282 in
547 2252 642 2283 alium
665 2253 882 2285 transfundere
903 2257 1075 2295 nequeunt.
1119 2252 1280 2294 Siquidem
1303 2250 1439 2282 Pericles
1455 2250 1564 2280 borum
1579 2248 1704 2280 adoles-

236 2309 363 2336 centum
373 2310 472 2347 pater,
486 2306 521 2337 in
533 2306 581 2338 his
592 2308 683 2339 rebus
693 2318 764 2350 quae
775 2308 832 2339 sub
843 2307 990 2349 magistro
1002 2306 1176 2343 discuntur,
1187 2304 1356 2346 diligenter
1366 2314 1420 2335 eos
1430 2302 1564 2335 erudivit
1578 2315 1586 2334 :
1603 2302 1703 2344 [82⁰]

225 2358 272 2390 in
287 2358 334 2390 his
350 2364 453 2390 autem
470 2360 503 2392 in
518 2361 632 2403 quibus
647 2362 714 2404 ipse
730 2362 824 2404 sapit,
839 2372 942 2404 neque
958 2362 1025 2403 ipse
1041 2361 1154 2398 erudit,
1169 2370 1272 2401 neque
1283 2359 1524 2400 altericuiquam
1537 2356 1705 2390 committit

237 2412 451 2446 erudiendos:
475 2415 529 2446 sed
547 2415 660 2456 passim
675 2417 764 2458 quasi
778 2421 945 2458 pascentes
961 2415 1028 2446 sine
1043 2414 1174 2446 custode
1191 2417 1362 2454 pererrant,
1386 2411 1414 2443 si
1428 2412 1508 2443 forte
1531 2421 1607 2443 casu
1623 2420 1703 2453 quo·

237 2465 311 2497 dam
337 2467 370 2498 in
392 2468 474 2500 hanc
490 2469 635 2501 virtutem
651 2469 805 2502 incidant.
850 2469 940 2501 Idem
964 2479 1091 2511 quoque
1113 2467 1264 2503 Pericles,
1287 2476 1358 2498 cum
1377 2470 1462 2498 esset
1483 2465 1598 2497 Cliniae
1619 2469 1704 2496 tutor

238 2520 340 2551 fratris
356 2519 530 2554 Alcibiadis
544 2523 640 2565 hujus
657 2524 782 2555 minoris
797 2529 887 2564 natu,
909 2524 1019 2565 illique
1043 2526 1195 2554 metueret
1217 2521 1256 2552 ab
1271 2520 1453 2560 Alcibiade,
1475 2529 1515 2551 ne
1530 2519 1611 2551 forte
1625 2529 1702 2551 con-

238 2574 406 2606 suetudine
420 2574 489 2617 ejus
504 2575 731 2617 inquinaretur,
747 2576 922 2618 segregavit
935 2587 1002 2614 eos,
1017 2581 1050 2607 et
1065 2575 1198 2607 Cliniam
1215 2575 1300 2616 apud
1313 2573 1523 2615 Ariphronem
1536 2573 1704 2606 educavit:

238 2628 296 2660 ned
312 2629 451 2660 nondum
467 2639 520 2660 sex
535 2629 610 2661 inde
625 2630 741 2661 exactis
756 2629 915 2662 mensibus
931 2629 977 2661 illi
993 2640 1064 2660 eum
1079 2629 1230 2666 reddidit,
1257 2638 1327 2659 cum
1342 2627 1468 2669 ingenio
1483 2627 1567 2658 illius
1581 2626 1706 2659 diffide-

238 2686 297 2714 ret.
341 2682 464 2714 Multos
480 2688 628 2725 praeterea
643 2694 882 2715 commemorare
898 2693 1035 2725 possem,
1057 2683 1111 2724 qui
1136 2693 1207 2714 cum
1226 2682 1256 2712 in
1272 2680 1432 2723 republica
1446 2679 1635 2712 excellentes
1649 2679 1706 2712 viri

238 2740 355 2772 essent,
373 2735 493 2767 nullum
508 2741 612 2768 tamen
628 2742 682 2768 aut
697 2737 954 2779 propinquorum,
977 2741 1032 2767 aut
1046 2736 1217 2767 alienorum
1240 2735 1446 2767 edocuerunt.
1490 2733 1659 2776 Equidem,
1681 2744 1702 2765 ο

239 2789 422 2831 Protagora,
436 2791 511 2821 dum
525 2791 594 2823 haec
609 2791 836 2832 animadverto,
851 2791 995 2822 virtutem
1011 2790 1116 2822 doceri
1132 2799 1224 2831 posse
1239 2789 1360 2821 diffido.
1404 2787 1522 2820 Contra
1536 2797 1609 2819 vero
1628 2787 1705 2819 dum

240 2850 273 2876 te
288 2845 382 2876 audio
399 2845 466 2876 haec
479 2849 681 2884 asserentem,
696 2845 882 2876 sententiam
900 2850 1017 2876 mutare
1031 2854 1138 2885 cogor,
1164 2848 1196 2874 et
1220 2853 1291 2885 quae
1305 2842 1386 2874 dicis
1400 2841 1642 2883 haudquaquam
1658 2850 1710 2872 ar·

241 2898 338 2931 bitror
351 2900 595 2942 contemnenda,
617 2898 796 2930 existimans
811 2903 842 2930 te
857 2909 913 2930 usu
937 2897 1101 2929 multarum
1125 2907 1223 2928 rerum
1247 2895 1450 2937 doctrinaque
1473 2899 1504 2926 et
1525 2894 1707 2926 inventione
