1846 3268
243 270 343 323 208]
811 267 1140 309 CO'NVIVIUM.
1178 295 1183 299 ·
1630 272 1707 310 417

244 373 399 415 provenit.
422 377 469 405 est
483 377 584 404 autem
601 382 680 414 opus
695 371 755 403 hoc
771 371 925 407 divinum,
942 378 973 402 et
997 372 1029 402 in
1054 372 1182 403 animali
1209 372 1277 413 ipso
1303 373 1422 404 mortali
1452 372 1624 404 immortale
1648 374 1707 406 lroc

242 431 303 462 est,
319 426 486 467 conceptio
498 426 619 457 scilicet
631 430 664 457 et
677 425 849 466 generatio.
896 424 974 456 Haec
990 425 1022 455 in
1038 435 1090 463 eo,
1106 425 1190 466 quod
1209 425 1275 456 sine
1292 425 1491 467 proportione
1503 431 1535 456 et
1550 426 1710 456 dissonum

243 483 303 515 est,
313 478 431 520 expleri
447 483 619 520 nequeunt.
643 478 803 509 dissonum
819 483 923 508 autem
940 483 999 513 cst,
1014 479 1098 519 quod
1116 483 1217 519 turpe,
1227 479 1266 509 ab
1282 479 1365 509 omni
1382 479 1466 520 quod
1483 484 1529 509 est
1545 479 1685 510 divinum
1701 491 1707 510 :

244 532 407 573 pulchrum
428 543 501 563 vero
522 531 630 563 divino
645 542 830 563 consonum.
875 531 974 563 Parca
991 531 1085 573 igitur
1099 537 1132 563 et
1148 532 1268 563 Lucina
1294 533 1487 574 generationi
1505 532 1706 573 pulchritudo

242 586 311 626 ipsa
321 590 383 617 est.
429 585 587 623 Quocirca
602 586 747 627 quotiens
763 585 906 626 pulchro,
921 586 1006 627 quod
1025 586 1184 626 gravidum
1201 591 1260 623 est,
1276 587 1425 624 adhaeret,
1444 586 1616 628 laetitiaque
1641 597 1712 628 ges-

242 639 294 676 tit,
310 638 464 671 hilaritate
486 645 519 671 et
541 640 703 681 voluptate
717 639 917 681 diffunditur,
931 639 1074 680 paritque
1098 645 1130 670 et
1145 644 1282 680 generat.
1306 645 1415 671 contra
1432 651 1516 676 vero,
1535 650 1605 670 cum
1624 639 1707 680 turpi

241 694 443 735 propinquat,
459 694 584 724 tristitia
598 695 733 735 quadam
749 698 783 725 et
796 693 906 724 dolore
921 694 1126 730 contrahitur,
1142 694 1390 735 absterreturque
1411 699 1444 726 et
1460 694 1636 734 cohibetur,
1651 704 1709 724 nec

243 747 354 789 gignit,
376 748 431 779 sed
454 748 564 778 foetum
589 748 725 779 retinens
751 747 884 788 angitur.
930 747 1131 788 Quapropter
1147 747 1233 788 quod
1249 748 1408 789 concepit,
1424 752 1455 778 et
1472 747 1538 788 jam
1556 746 1704 786 luxuriat,

241 800 446 842 adultumque
460 801 499 832 ad
517 801 747 842 generationem
763 800 901 840 anhelat,
916 800 996 831 circa
1014 800 1176 842 pulchrum
1193 806 1225 831 et
1242 800 1408 842 plurimum
1425 801 1614 836 obversatur,
1629 810 1709 841 quo-

240 855 323 886 niam
340 855 414 887 inde
428 855 491 887 acri
501 856 657 886 anxietate
673 854 803 886 levatur.
819 859 867 885 est
881 854 964 885 enim
981 865 1066 886 amor
1080 865 1143 885 non
1159 855 1297 896 pulchri,
1311 866 1329 886 ο
1339 854 1496 893 Socrates,
1507 860 1542 884 ut
1554 859 1587 884 tu
1603 858 1710 894 putas.

241 909 299 941 So.
322 908 370 939 At
393 908 505 950 cujus?
551 908 634 940 Dro.
658 907 879 939 Generationis
906 912 1074 950 partusque
1099 907 1131 938 in
1158 907 1299 948 pulchro.
1344 908 1401 938 So.
1424 907 1572 938 Revera?
1621 907 1706 939 Dio.

241 962 378 1002 Revera,
394 962 534 1004 inquam.
577 962 634 993 So.
657 961 722 993 Cur
733 962 941 1003 generationis
956 961 967 991 ἒ
1013 961 1095 993 Βιο.
1120 960 1204 998 Quia
1221 972 1305 992 amor
1321 960 1542 1001 sempiternum
1556 960 1707 1002 quiddam

241 1019 335 1046 estet
352 1015 536 1053 immortale,
559 1015 822 1057 quemadmodum
845 1015 878 1045 in
901 1015 970 1056 ipso
987 1014 1107 1045 mortali
1123 1014 1294 1055 generatio.
1317 1013 1582 1053 immortalitatem
1610 1013 1707 1054 [207]

241 1074 346 1100 autem
360 1079 423 1099 una
436 1079 507 1099 cum
523 1069 607 1100 bono
624 1073 775 1110 appetere
789 1078 917 1099 necesse
933 1073 980 1099 est
995 1079 1032 1099 ex
1047 1067 1121 1104 illis,
1137 1078 1208 1109 quae
1223 1077 1316 1108 supra
1329 1066 1551 1105 concessimus,
1565 1067 1709 1107 quando-

241 1122 369 1164 quidem
386 1132 471 1152 amor
485 1127 534 1154 est
555 1122 721 1163 appetitio,
737 1132 800 1163 qua
823 1122 940 1152 bonum
964 1121 1021 1159 sibi
1037 1121 1170 1162 quisque
1186 1131 1308 1162 semper
1322 1121 1430 1152 adesse
1446 1121 1614 1151 desiderat.
1663 1120 1707 1150 Ex

241 1176 289 1207 liis
303 1176 514 1212 concluditur,
531 1186 664 1208 amorem
681 1174 919 1206 immortalitatis
935 1185 1062 1216 quoque
1077 1174 1267 1205 desiderium
1292 1185 1371 1206 esse.
1417 1173 1494 1204 Haec
1510 1173 1614 1204 omnia
1631 1173 1708 1204 milri

240 1223 384 1261 Diutirna
409 1229 548 1271 tradidit,
562 1239 634 1260 cum
658 1229 699 1260 de
723 1228 879 1259 amatoriis
902 1238 1074 1259 sermonem
1098 1228 1218 1259 habuit.
1243 1238 1301 1259 nec
1326 1238 1390 1258 non
1413 1227 1456 1258 sic
1484 1226 1686 1268 interrogavit
1699 1238 1706 1257 :

241 1283 343 1320 Quam
372 1283 466 1325 liujus
488 1284 599 1314 amoris
625 1283 868 1325 cupiditatisque
893 1292 1031 1324 causam,
1047 1292 1065 1313 o
1090 1282 1244 1318 Socrates,
1267 1281 1445 1312 arbitraris?
1469 1291 1509 1312 an
1526 1291 1589 1311 non
1606 1281 1706 1321 vides,

239 1346 333 1378 quam
349 1338 482 1378 graviter
494 1337 671 1368 afficiuntur
686 1336 859 1367 animantes
876 1346 997 1376 omnes,
1012 1341 1045 1379 et
1059 1346 1129 1377 quae
1146 1336 1332 1377 gradiuntur
1344 1340 1379 1366 et
1406 1345 1475 1376 quae
1491 1334 1611 1378 volant,
1635 1344 1706 1364 cum

239 1391 279 1421 ad
297 1391 528 1432 generationem
543 1395 610 1421 toto
622 1390 744 1431 impetu
761 1390 957 1431 proferuntur
971 1395 1004 1420 et
1018 1389 1128 1420 amoris
1154 1390 1262 1420 ardore
1286 1388 1447 1419 insaniunt
1460 1388 1471 1417 ?
1517 1387 1623 1418 Primo
1638 1387 1708 1428 qui-

240 1445 312 1476 dem
329 1444 540 1486 generationis
556 1454 649 1475 causa
663 1454 757 1486 quam
773 1445 970 1475 vehementer
986 1443 1134 1485 congredi
1150 1442 1396 1484 concupiscunt!
1422 1441 1538 1472 deiude
1554 1445 1706 1482 quantum

238 1497 319 1530 circa
335 1503 478 1529 natorum
493 1498 642 1529 alimenta
657 1497 816 1528 laborant!
842 1498 1012 1539 horumque
1028 1507 1123 1528 causa
1147 1496 1303 1527 imbecilla
1318 1495 1410 1526 etiam
1432 1493 1580 1526 animalia
1595 1493 1706 1524 adver—

238 1562 292 1582 sus
313 1551 525 1582 robustissima
545 1551 656 1593 proelia
682 1557 828 1593 poscunt,
843 1556 876 1582 et
902 1562 958 1593 pro
975 1551 1036 1582 illis
1051 1551 1236 1582 occumbere
1254 1554 1360 1591 parata
1375 1553 1462 1586 sunt,
1478 1558 1515 1579 ac
1529 1548 1610 1578 fame
1625 1547 1705 1578 deti-

225 1614 322 1646 cere,
337 1606 431 1637 modo
455 1606 534 1637 lilios
561 1606 711 1644 nutriant,
737 1611 770 1638 et
795 1607 879 1638 aliud
906 1607 1071 1648 quodlibet
1095 1607 1244 1638 audacter
1270 1605 1504 1647 aggrediuntur.
1550 1603 1704 1641 Homines

238 1658 364 1700 quidem
381 1659 460 1691 sorte
475 1665 598 1701 putaret
612 1660 767 1701 quispiam
784 1660 910 1691 rationis
934 1660 1076 1692 discursu
1098 1661 1165 1691 haec
1181 1670 1271 1701 agere
1286 1670 1294 1690 :
1323 1659 1417 1689 brutis
1433 1663 1536 1690 autem
1560 1667 1704 1699 quaenam

238 1712 351 1743 amoris
367 1718 428 1744 tam
443 1713 580 1745 ardentis
594 1724 688 1745 causa
702 1714 772 1745 est?
798 1714 955 1755 assignare
978 1715 1059 1745 hanc
1082 1714 1198 1755 potes?
1242 1713 1299 1744 So.
1324 1711 1470 1743 Minime.
1493 1746 1495 1748 ,
1518 1711 1603 1742 Dio.
1627 1709 1703 1742 Cre·

238 1766 329 1797 disne
346 1777 481 1808 unquam
499 1767 530 1798 in
546 1767 702 1798 amatoriis
717 1767 834 1809 peritus
849 1768 926 1804 fore,
949 1768 1022 1799 dum
1040 1769 1106 1799 lraec
1131 1767 1254 1808 ignoras
1269 1767 1280 1798 ?
1327 1766 1380 1798 So.
1406 1765 1458 1796 Ob
1483 1765 1563 1796 hanc
1578 1774 1703 1796 causam

238 1820 278 1850 ad
293 1825 339 1857 te,
353 1831 372 1851 o
388 1820 541 1858 Diotima,
558 1826 594 1852 ut
616 1831 708 1862 supra
729 1821 805 1860 dixi,
819 1821 980 1863 confugio,
992 1821 1068 1862 quia
1095 1825 1286 1862 praeceptore
1310 1830 1358 1850 me
1379 1818 1519 1859 indigere
1534 1827 1703 1858 cognosco.

237 1874 345 1904 horum
361 1874 479 1915 itaque,
495 1885 614 1916 precor,
631 1880 663 1906 et
677 1875 822 1916 aliorum,
838 1885 1034 1916 quaecunque
1056 1876 1096 1905 ad
1123 1884 1258 1906 amorem
1280 1873 1426 1913 attinent,
1441 1882 1564 1915 causam
1583 1871 1704 1904 afferas,

237 1927 322 1959 Dio.
345 1928 378 1958 Si
392 1928 505 1965 credis,
519 1927 604 1959 illius
619 1933 729 1960 natura
745 1939 879 1959 amorem
903 1939 984 1968 esse,
999 1928 1090 1969 cujus
1111 1938 1194 1969 saepe
1216 1927 1283 1968 jam
1299 1926 1442 1962 diximus,
1459 1936 1498 1956 ne
1516 1925 1642 1957 mireris.
1664 1934 1702 1955 ex

236 1981 296 2012 hoc
311 1981 393 2012 enim
410 1981 561 2017 similiter,
577 1987 613 2012 ut
627 1992 664 2013 ex
681 1982 902 2022 superioribus,
917 1987 1026 2012 natura
1042 1981 1179 2012 mortalis
1195 1991 1316 2022 semper
1330 1984 1362 2011 et
1371 1979 1555 2011 immortalis
1567 1989 1635 2010 csse
1648 1988 1703 2019 pro

234 2035 351 2067 viribus
366 2035 494 2066 nititur:
520 2036 578 2066 hoc
594 2041 698 2066 autem
712 2035 915 2077 generatione
930 2035 1084 2066 duntaxat
1104 2033 1289 2075 assequitur,
1306 2033 1452 2075 quoniam
1477 2042 1597 2073 semper
1623 2031 1703 2063 alte-

234 2099 300 2119 rum
312 2088 462 2130 juvenem
477 2089 588 2120 veteris
604 2089 674 2121 loco
690 2089 862 2122 substituit.
885 2089 1041 2120 enimvero
1058 2099 1095 2120 co
1112 2088 1181 2129 ipso
1204 2088 1236 2118 in
1261 2093 1414 2128 tempore,
1429 2097 1492 2128 quo
1516 2085 1701 2117 animalium

233 2143 480 2184 unumquodque
494 2143 596 2174 vivere
612 2143 737 2178 dicitur,
753 2143 900 2184 idemque
915 2153 993 2179 esse,
1008 2143 1095 2185 (uta
1109 2141 1243 2183 pueritia
1261 2142 1299 2185 ad
1323 2139 1534 2181 senectutem)
1558 2139 1702 2180 quamvis

233 2194 318 2226 idem
334 2195 467 2233 dicatur,
479 2205 638 2238 nunquam
651 2200 754 2227 tamen
769 2196 802 2226 in
818 2206 850 2227 se
866 2195 936 2237 ipso
951 2196 1060 2227 eadem
1076 2195 1231 2235 continet,
1246 2194 1300 2226 sed
1324 2204 1439 2224 novum
1463 2203 1586 2235 semper
1602 2192 1700 2224 effici—

235 2252 285 2278 tur
297 2252 330 2279 et
346 2253 448 2279 vetera
463 2248 560 2286 exuit,
572 2249 743 2287 secundum
756 2249 848 2290 pilos,
863 2259 1000 2285 carnem,
1016 2259 1085 2279 ossa
1097 2259 1133 2281 ac
1146 2248 1330 2289 sanguinem
1341 2236 1558 2283 etuniversum
1572 2256 1699 2287 corpus.

233 2300 347 2343 Neque
362 2300 394 2332 in
409 2313 539 2344 corpore
552 2301 664 2339 solum,
681 2313 784 2333 verum
801 2301 932 2334 enimin
948 2302 1053 2333 anima
1069 2302 1102 2333 id
1125 2301 1291 2346 contingit.
1315 2311 1428 2338 mores,
1443 2299 1703 2339 consuetudines,

232 2355 408 2396 opiniones,
418 2357 596 2397 cupidines,
609 2356 798 2397 voluptates,
808 2356 931 2387 dolores
943 2360 1039 2397 atque
1050 2355 1173 2387 timores
1184 2355 1334 2387 continue
1345 2359 1558 2396 permutantur
1573 2367 1581 2384 z
1598 2363 1702 2394 neque

233 2409 400 2450 quicquam
416 2420 454 2441 ex
465 2410 534 2441 istis
550 2410 633 2441 idem
648 2417 681 2441 et
695 2409 794 2441 simile
810 2415 996 2451 perseverat,
1011 2410 1064 2440 sed
1084 2409 1183 2450 priora
1198 2409 1326 2451 quidem
1341 2408 1517 2444 abolentur,
1533 2417 1614 2438 nova
1629 2417 1701 2437 vero

232 2463 417 2495 succedunt.
452 2463 538 2501 Quin
551 2464 659 2503 etiam,
668 2465 753 2506 quod
766 2464 933 2496 mirabilius
941 2468 1002 2500 est,
1014 2463 1152 2495 scientiae
1166 2473 1291 2504 quoque
1302 2473 1366 2493 non
1378 2462 1476 2492 solum
1486 2461 1556 2491 atiae
1570 2471 1700 2492 evanes-

233 2522 322 2553 cunt,
346 2515 443 2559 [208]
461 2518 536 2549 aliae
552 2522 702 2559 surgunt:
727 2528 830 2559 neque
847 2529 967 2560 semper
983 2518 1155 2550 secundum
1169 2517 1314 2549 scientias
1325 2516 1422 2547 iidem
1439 2525 1543 2546 sumus
1557 2525 1565 2545 ι
1593 2524 1699 2544 verum

231 2569 326 2600 etiam
340 2571 524 2611 unaquaevis
541 2571 739 2603 scientiarum
755 2571 836 2603 idem
851 2573 978 2613 patitur.
1024 2572 1119 2608 Quod
1133 2571 1218 2602 enim
1235 2570 1350 2604 dicitur
1365 2569 1528 2605 Meditari,
1541 2567 1629 2609 quasi
1646 2578 1700 2598 ex-

229 2622 300 2654 ierit
314 2623 444 2654 scientia
458 2623 583 2657 dicitur.
627 2625 758 2657 Oblivio
774 2636 908 2668 namque
924 2625 1182 2669 scientiaehexitus
1204 2630 1252 2655 est
1266 2635 1274 2655 ι
1299 2622 1462 2654 meditatio
1478 2633 1563 2659 vero,
1586 2631 1698 2651 novam

231 2677 410 2707 memoriam
420 2687 542 2719 seiirper
551 2678 696 2710 abeuntis
711 2679 781 2711 loco
794 2680 972 2719 restituens,
988 2678 1147 2710 scientiam
1164 2682 1275 2716 servat,
1292 2683 1327 2709 ut
1336 2687 1402 2709 esse
1415 2676 1526 2707 eadem
1543 2675 1695 2705 videatur.

230 2729 303 2761 Hoc
314 2730 423 2771 ntique
438 2736 533 2772 pacto
545 2742 637 2763 omne
653 2733 940 2774 monateservatur,
955 2743 1018 2764 non
1034 2732 1107 2774 quia
1123 2742 1245 2773 semper
1260 2731 1387 2763 omnino
1401 2730 1484 2761 idem
1500 2728 1551 2766 sit,
1569 2733 1602 2757 ut
1617 2726 1698 2756 divi-

230 2793 319 2824 num,
334 2785 387 2815 sed
401 2785 475 2826 quia
485 2786 571 2826 quod
584 2786 715 2818 tabescit
725 2791 758 2818 et
771 2786 849 2829 abit,
862 2797 978 2817 novum
990 2791 1022 2818 et
1032 2785 1132 2817 simile
1147 2785 1207 2818 sibi
1224 2785 1383 2826 relinquit.
1428 2782 1498 2813 Hoc
1514 2791 1533 2811 a
1548 2780 1698 2817 remedio,

233 2835 388 2874 Socrates,
401 2839 486 2878 quod
503 2838 631 2870 mortale
645 2844 705 2879 est,
721 2839 786 2870 sive
801 2849 913 2881 corpus
929 2850 982 2870 seu
998 2839 1165 2880 quodlibet
1177 2839 1274 2875 aliud,
1290 2837 1445 2879 particeps
1458 2832 1698 2866 immortalitatis

230 2890 354 2922 evadit:
379 2891 464 2931 quod
493 2901 566 2922 vero
587 2891 727 2923 divinum
752 2898 784 2923 et
806 2892 992 2930 immortale,
1008 2892 1070 2923 alia
1093 2892 1223 2924 ratione.
1269 2889 1479 2928 Quamobrem
1504 2885 1604 2917 mirari
1631 2895 1696 2916 1¹0¹!

232 2942 340 2979 debes,
352 2943 377 2974 si
392 2944 496 2976 omnia
511 2955 637 2986 germen
653 2956 741 2977 suum
759 2951 869 2978 natura
885 2945 1075 2986 carissimum
1091 2946 1239 2989 habeant.
1256 2954 1326 2976 nam
1343 2939 1695 2989 immortalitatisgratia

313 2997 404 3031 Plat.
434 2998 489 3031 Tr.
938 2999 954 3030 Ι
958 3020 966 3031 .
1529 2995 1547 3023 3
1574 2991 1601 3024 G
