1846 3268
180 272 280 324 292]
710 269 1107 312 EUTHYDEMUS.
1572 275 1651 313 299

178 377 357 411 stantiorem
372 375 551 420 quempiam
574 374 673 405 virum
689 378 875 416 praesentem
898 374 965 405 haec
988 374 1114 407 dixisse.
1138 385 1209 407 nam
1225 377 1301 408 >lime
1325 387 1374 408 me
1403 377 1558 410 audivisse
1581 389 1648 411 non

180 432 307 463 dubito.
351 432 415 463 Cn.
438 431 499 462 Per
521 429 645 466 Jovem,
660 439 679 460 ο
703 429 860 465 Socrates,
876 428 1082 460 excellentior
1107 429 1220 470 aliquis
1242 431 1305 462 ista
1327 433 1495 473 protulisse
1512 434 1649 466 videtur.

182 486 298 518 Verum
313 490 386 527 post
399 486 465 516 liaec
477 493 570 525 quam
583 489 679 514 artem
695 483 880 524 perscrutati
891 482 988 514 estis?
1011 483 1214 516 invenistisne
1226 491 1323 516 artem
1334 496 1427 528 quam
1445 487 1647 528 quaerebatis,

180 549 220 571 an
236 539 325 570 non?
368 539 425 570 So.
446 537 568 576 Quaeris
584 547 624 568 an
637 537 868 568 invenerimus?
917 537 1000 568 Risu
1015 538 1166 580 quiddam
1193 538 1322 580 dignum
1339 540 1430 571 nobis
1451 540 1581 574 accidit.
1603 546 1652 573 et-

179 593 263 626 enim
290 603 453 635 puerorum
468 603 565 630 more,
580 592 636 634 qui
657 591 801 634 galeritas
819 591 888 628 ¹sive
911 591 1040 623 alaudas
1063 592 1283 634 insequuntur,
1305 595 1484 625 vehementi
1511 595 1650 637 quodam

181 648 297 679 affectu
313 647 451 690 singulas
467 647 612 679 scientias
627 647 906 688 persequebamur:
929 651 963 677 et
985 646 1040 677 illa
1063 657 1186 689 semper
1199 657 1294 689 quarn
1310 653 1457 689 capturos
1473 659 1531 679 nos
1546 659 1565 680 e
1580 659 1650 680 ves-

181 700 258 743 tigio
274 699 470 743 putabamus,
486 701 622 732 fallebat
632 711 689 732 nos
705 705 737 732 et
752 704 882 742 repente
898 699 1156 742 subterfugiebat.
1205 701 1292 738 Quid
1307 702 1364 732 tibi
1375 702 1487 733 multas
1500 703 1652 734 reseram?

180 750 316 798 Regiam
340 760 424 787 certe
450 760 547 789 artem
564 754 703 797 ingressi
731 765 848 792 sumus,
865 765 933 786 eam
959 754 1177 796 contemplati,
1191 760 1293 785 utrum
1318 756 1386 787 haee
1412 761 1554 791 ea.esset
1578 767 1650 798 quae

182 810 291 842 beatos
306 809 434 842 efficiat.
477 810 540 842 Sed
554 809 642 840 velut
657 809 690 840 in
701 809 935 851 -Labyrinthum
953 809 1086 851 delapsi,
1101 808 1175 847 dum
1191 819 1289 850 prope
1298 809 1398 841 finem
1413 820 1482 841 esse
1494 810 1561 851 jam
1577 821 1650 852 spe,-

180 864 335 901 rabamus,
351 863 521 905 retrogradi
536 873 638 894 rursus
653 863 693 894 ad
706 862 895 904 principium
917 863 1157 899 revertebamur,
1173 863 1284 894 eodem
1300 864 1392 894 modo
1408 864 1526 901 affecti,
1541 875 1604 907 quo
1619 865 1652 896 in

181 917 363 959 quaestionis
374 917 470 948 ›initio
485 917 653 952 fueramus.
691 917 764 949 Ca.
787 914 861 954 Quo
873 921 966 958 pacto
978 916 1065 948 vobis
1079 917 1139 948 hoc
1151 916 1288 948 accidit?
1333 917 1391 949 So.
1413 917 1540 950 Dicam.
1576 918 1654 950 Visa

181 972 274 1003 nobis
287 977 334 1002 est
343 972 431 1013 regia
445 971 578 1003 facul-tas
592 972 702 1005 eadem
718 981 786 1002 esse
801 975 895 1012 atque
910 970 1024 1002 civilis.
1047 976 1079 1002 et
1093 981 1165 1002 cum
1182 981 1229 1002 res
1244 970 1383 1002 militaris
1397 982 1435 1003 ac
1451 982 1559 1004 omnes
1581 972 1652 1004 reli-

181 1036 255 1068 quae
270 1026 434 1057 facultates
449 1035 577 1067 operum
604 1036 729 1061 suorum
756 1025 920 1067 imperium
945 1024 1031 1056 civili
1057 1025 1114 1056 arti
1138 1026 1312 1057 concedere
1330 1026 1518 1063 viderentur,
1536 1031 1649 1068 utpote

181 1089 252 1122 quae
266 1079 333 1110 sola
347 1079 393 1110 uti
403 1079 499 1110 sciat:
523 1078 601 1110 nihil
616 1079 708 1110 nobis
723 1079 950 1121 impedimento
977 1079 1043 1110 fore
1067 1079 1256 1120 putavimus,
1279 1090 1342 1122 quo
1367 1080 1468 1111 minus
1484 1081 1552 1112 haec
1567 1086 1651 1112 esset

180 1143 274 1175 quarn
289 1133 513 1175 quaerebamus,
527 1143 683 1176 causaque
699 1138 781 1165 recte
801 1133 834 1164 in
857 1133 984 1164 civitate
1006 1133 1132 1174 agendi,
1148 1138 1180 1164 et
1203 1134 1375 1165 secundum
1391 1134 1472 1166 illud
1487 1135 1649 1177 AEsclryli,

182 1187 248 1219 sola
263 1187 362 1229 puppi
378 1187 549 1229 praesidens
564 1187 711 1224 civitatis,
727 1187 886 1229 totiusque
901 1188 1111 1229 gubernacula
1126 1198 1247 1229 regem,
1263 1188 1475 1220 dominaretur
1489 1189 1650 1227 omnihus,

185 1242 370 1283 singulaque
385 1241 476 1272 utilia
491 1242 645 1273 redderet.
692 1241 758 1274 CR.
780 1241 832 1272 An
848 1252 914 1272 non
937 1246 1022 1273 recte
1037 1241 1136 1272 visum
1159 1247 1207 1272 est
1223 1242 1322 1279 vobis,
1337 1253 1355 1273 o
1381 1242 1548 1274 Socrates?
1594 1244 1652 1275 So.

182 1295 258 1336 Ipse
269 1294 440 1336 judicabis,
455 1295 554 1337 Crito,
566 1295 591 1326 si
615 1295 722 1326 audire
737 1295 885 1338 volueris,
901 1305 971 1336 quae
993 1296 1083 1326 nobis
1100 1295 1251 1337 deinceps
1261 1296 1475 1338 contigerunt.
1498 1307 1571 1328 nam
1586 1307 1652 1328 rur.-

181 1359 234 1380 sus
249 1350 332 1381 hunc
345 1350 376 1380 in
390 1350 518 1382 modurn
534 1349 744 1391 quaesivimus.
788 1350 871 1392 Age,
887 1360 937 1380 ars
953 1350 1037 1391 regia
1059 1350 1203 1380 omnibus
1225 1350 1407 1391 praesidens,
1424 1361 1545 1392 opusne
1559 1352 1652 1386 nobis

183 1402 311 1444 aliquod
324 1403 431 1440 eflicit,
446 1414 486 1434 an
502 1403 620 1434 nullum
636 1404 647 1434 ?
692 1403 832 1435 Omnino
849 1404 977 1445 aliquod
993 1403 1137 1435 exhibere
1152 1404 1289 1435 invicem
1305 1415 1413 1436 omues
1423 1405 1652 1437 consensimus.

179 1455 296 1488 Nonne
315 1462 348 1490 et
364 1462 397 1488 tu
413 1457 492 1494 haec,
508 1457 608 1495 Crito,
624 1458 837 1489 concederes?
885 1458 950 1490 Cn.
973 1456 1105 1499 Absque
1129 1458 1237 1489 dubio.
1283 1458 1340 1489 So.
1363 1458 1458 1495 Quod
1476 1469 1550 1500 ergo
1565 1459 1651 1491 illius

179 1521 259 1552 opus
274 1521 341 1542 esse
354 1511 496 1543 diceres?
519 1512 783 1553 quemadmodum
809 1511 835 1542 si
859 1516 890 1543 te
915 1522 1067 1554 rogarem,
1081 1511 1246 1543 Medicina
1261 1512 1336 1543 dum
1352 1513 1531 1544 dominatur
1547 1513 1650 1544 omni-

179 1566 250 1603 bus,
265 1576 399 1608 quorum
412 1566 540 1597 domina
554 1571 613 1604 est,
629 1567 788 1608 quodnam
810 1577 890 1608 opus
912 1567 1061 1598 exhibet?
1085 1577 1126 1597 an
1149 1576 1213 1597 non
1239 1566 1405 1598 sanitatem
1432 1567 1575 1608 protinus
1600 1579 1648 1600 re-

178 1621 348 1661 sponderes
358 1620 374 1651 v?
419 1620 482 1652 Cn.
507 1620 637 1662 Utique.
684 1620 741 1653 So.
764 1620 824 1652 Ars
836 1621 911 1652 item
926 1625 1029 1652 vestra
1044 1620 1244 1662 agricultura,
1259 1621 1334 1651 dum
1348 1621 1526 1652 dominatur
1541 1622 1645 1653 omni-

177 1674 236 1705 hus
250 1684 381 1715 quorum
396 1678 444 1705 est
457 1674 597 1715 domina,
612 1675 696 1715 quod
713 1685 792 1716 opus
808 1675 919 1716 implet
933 1675 943 1705 ?
965 1685 1070 1706 nonne
1089 1674 1186 1716 [292]
1211 1674 1392 1705 alimoniam
1412 1680 1543 1707 exterra
1558 1676 1649 1708 nobis

178 1728 333 1770 porrigere
348 1728 490 1759 diceres?
535 1728 599 1760 Cn.
623 1728 791 1770 Equidem.
836 1729 892 1761 So.
915 1728 1022 1770 Regia
1045 1739 1118 1770 ergo
1139 1728 1282 1769 facultas,
1297 1739 1368 1759 curn
1395 1728 1543 1760 omnibus
1569 1739 1649 1771 quo,-

178 1791 246 1813 rum
258 1786 306 1814 est
319 1782 448 1813 domina
462 1783 651 1820 dominetur,
667 1783 754 1825 quod
777 1793 856 1824 opus
879 1782 1012 1824 explet?
1055 1782 1148 1815 Forte
1171 1782 1203 1813 id
1227 1783 1259 1813 in
1287 1787 1433 1824 promptu
1459 1793 1524 1814 non
1541 1784 1650 1816 habes.

179 1836 245 1869 Gn.
267 1835 343 1867 Non
359 1846 414 1877 per
426 1837 553 1878 Jovem,
568 1847 587 1867 o
602 1837 756 1869 Socrates.
802 1837 858 1868 SO.
882 1836 996 1879 Neque
1022 1847 1091 1874 nos,
1108 1847 1126 1868 ο
1145 1837 1244 1868 Crito.
1267 1837 1322 1868 sed
1344 1838 1405 1868 hoc
1429 1837 1536 1868 saltem
1553 1839 1652 1875 nosti,

176 1890 203 1921 si
219 1891 286 1922 haec
299 1900 336 1921 ea
348 1894 396 1922 est
409 1900 502 1932 quam
517 1895 713 1932 exoptamus,
731 1890 838 1922 utilem
855 1902 922 1922 esse
937 1891 1018 1922 hanc
1041 1897 1198 1933 oportere.
1241 1890 1306 1922 Cn.
1329 1891 1543 1932 Summopere.
1591 1892 1649 1925 So.

177 1944 296 1976 Nonne
308 1945 402 1986 igitur
425 1944 500 1975 boni
514 1944 632 1987 aliquid
648 1945 757 1976 afferre
778 1945 871 1976 nobis
889 1955 958 1976 eam
981 1955 1109 1976 necesse
1135 1945 1210 1976 est?
1258 1945 1322 1978 Cn..
1346 1945 1485 1976 Necesse
1510 1945 1652 1976 omnino.

178 1998 236 2031 So.
258 1999 385 2030 Bonum
412 2003 516 2030 autern
540 1999 619 2031 nihil
639 2010 707 2031 esse
730 2000 816 2031 aliud
842 2010 936 2042 quam
959 2000 1124 2031 scientiam
1141 2000 1312 2042 quandam,
1328 2010 1388 2041 ego
1403 2004 1435 2030 et
1450 1999 1570 2031 Clinias
1586 2010 1650 2031 una

177 2053 405 2086 consensimus,
450 2053 515 2086 CF..
538 2053 589 2085 Ita
618 2058 702 2086 certe
727 2055 867 2087 dicebas.
891 2043 893 2045 Ι
911 2054 968 2086 So.
992 2053 1099 2096 Opera
1127 2053 1253 2096 quidem
1281 2054 1382 2086 civilis
1412 2054 1649 2095 gubernationis

178 2107 247 2139 haec
261 2117 329 2138 esse
344 2106 510 2149 plurimum
530 2107 662 2150 quisque
686 2108 816 2145 diceret,
832 2107 946 2139 divites
960 2108 1062 2140 facere
1083 2108 1182 2149 cives,
1198 2107 1311 2139 liberos
1327 2113 1359 2139 et
1374 2108 1558 2140 concordes.
1581 2108 1649 2140 haec

179 2165 283 2192 autem
297 2161 403 2193 omnia
417 2172 520 2203 neque
535 2160 616 2193 bona
631 2173 735 2205 neque
755 2163 836 2194 mala
852 2167 1076 2204 apparuerunt.
1123 2162 1259 2204 Oportet
1280 2167 1383 2193 autern
1410 2171 1493 2202 eam,
1504 2167 1544 2200 ,ut
1570 2172 1648 2193 con-

178 2214 270 2252 stitit,
287 2215 443 2256 sapientes
458 2215 579 2247 efficere
601 2216 827 2259 scientiamque
854 2217 1001 2255 tribuere,
1017 2217 1043 2248 si
1067 2217 1162 2247 modo
1185 2227 1222 2247 ea
1237 2217 1342 2252 futura
1365 2215 1406 2246 sit
1418 2226 1491 2258 quae
1506 2215 1605 2257 prosit
1618 2221 1652 2247 et

179 2269 288 2301 beatos
311 2268 437 2303 efficiat.
482 2269 548 2302 Cn.
571 2270 657 2302 Vera
680 2281 794 2303 narras.
837 2271 892 2303 Sic
913 2271 997 2303 enim
1022 2276 1098 2302 tunc
1112 2271 1193 2302 inter
1207 2281 1262 2301 vos
1289 2270 1441 2306 constitit,
1458 2274 1494 2299 ut
1518 2269 1587 2311 ipse
1602 2279 1651 2300 re-

177 2323 336 2355 censuisti.
379 2324 437 2357 So.
460 2323 615 2366 Nunquid
640 2325 725 2367 regia
747 2325 914 2367 disciplina
939 2325 1096 2366 sapientes
1124 2324 1201 2356 facit
1220 2323 1365 2355 homines
1395 2328 1491 2365 atque
1521 2323 1646 2354 bonos?

178 2376 243 2408 Ca.
265 2377 352 2414 Quid
370 2378 528 2420 prohibet,
541 2379 706 2411 Socrates?
752 2380 809 2411 So.
831 2379 917 2411 Num
934 2385 967 2410 et
978 2389 1101 2416 omnes,
1116 2384 1149 2409 et
1171 2379 1203 2409 in
1219 2378 1363 2409 omnibus
1379 2378 1489 2414 bonos,
1506 2387 1647 2408 omnem-

177 2440 240 2472 que
255 2431 416 2465 scientiam
430 2432 500 2474 ipsa
516 2434 657 2475 praebet?
681 2434 855 2475 coriarium,
871 2433 1013 2465 fabrilem
1028 2438 1060 2464 et
1083 2433 1216 2474 reliquas
1232 2432 1390 2464 universas
1404 2432 1416 2462 ?
1462 2431 1526 2463 CR.
1550 2431 1647 2462 Haud

179 2484 326 2526 equidem
341 2486 480 2523 arbitror,
496 2497 515 2518 o
531 2487 687 2519 Socrates.
731 2488 788 2522 So.
809 2488 855 2520 At
880 2499 973 2529 quam
997 2487 1186 2520 scientiam?
1211 2491 1243 2518 et
1267 2497 1330 2529 qua
1346 2486 1378 2516 in
1393 2496 1426 2517 re
1446 2484 1648 2526 juvabimur?

177 2537 318 2580 Operum
333 2538 459 2582 quidem
482 2540 619 2580 illorum,
635 2552 706 2583 quae
731 2553 837 2584 neque
859 2542 944 2573 bona
966 2546 1040 2573 sunt
1067 2552 1171 2584 neque
1196 2541 1288 2578 mala,
1304 2540 1450 2582 opificem
1465 2550 1532 2571 esse
1548 2539 1649 2581 ipsam

177 2592 260 2624 haud
277 2598 420 2635 oportet:
444 2595 607 2627 scientiam
621 2607 695 2629 ¹trero
710 2597 803 2629 aliam
819 2597 957 2639 praebere
971 2597 1088 2628 nullam
1105 2607 1199 2638 quam
1214 2596 1315 2637 ipsam
1331 2595 1465 2636 seipsam
1488 2594 1648 2626 convenit.

176 2645 329 2678 Dicamus
354 2647 449 2690 igitur
462 2659 605 2690 quasnam
631 2651 700 2684 haec
725 2651 777 2688 sit,
792 2656 825 2683 et
847 2661 911 2693 quo
934 2651 1090 2693 juvemur.
1136 2651 1234 2682 Visne
1249 2660 1319 2681 eam
1344 2649 1496 2685 dicamus,
1513 2659 1531 2678 ο
1549 2647 1650 2681 Crito,

175 2711 238 2743 qua
266 2701 363 2732 bonos
386 2702 466 2734 alios
491 2704 664 2736 faciemus?
719 2705 786 2740 Ca.
808 2705 892 2740 Volo
916 2705 1074 2748 equidem·
1118 2705 1172 2737 So.
1207 2704 1282 2742 Quo
1311 2703 1386 2734 boni
1412 2702 1502 2733 nobis
1533 2707 1624 2732 erunt
1638 2702 1650 2732 ἓ

173 2764 276 2797 quove
292 2755 384 2787 utiles
397 2756 408 2786 ?
422 2767 461 2788 an
474 2756 615 2789 dicemus
624 2758 735 2790 iterum
746 2760 832 2801 quod
845 2759 923 2790 alios
938 2760 1038 2790 bonos
1057 2759 1197 2790 sacient?
1222 2758 1338 2799 aliique
1354 2756 1399 2788 illi
1415 2755 1493 2787 alios
1507 2755 1620 2785 iterum
1637 2754 1649 2784 Ξ

177 2809 250 2846 Quo
276 2814 380 2841 autem
402 2810 479 2842 boni
501 2811 576 2849 sint,
598 2822 753 2854 nusquam
775 2818 941 2855 apparent,
968 2817 1134 2855 postquam
1158 2812 1213 2844 illa.
1235 2822 1306 2854 quae
1333 2809 1434 2842 civilis
1460 2808 1532 2839 artis
1554 2817 1650 2849 opera

179 2863 401 2904 praedicantur,
427 2864 641 2906 negleximus:
666 2871 713 2906 et,
733 2867 818 2908 quod
842 2867 1006 2909 proverbio
1031 2867 1138 2903 fertur,
1161 2877 1232 2898 curn
1255 2866 1343 2896 aiunt
1353 2863 1443 2896 Jovis
1468 2861 1651 2897 Corinthus,

179 2916 270 2947 nobis
286 2917 421 2949 accidit:
448 2923 542 2961 atque
558 2924 594 2950 ut
608 2930 699 2961 supra
713 2921 862 2959 dixeram,
879 2931 970 2963 aequo
986 2921 1162 2960 intervallo,
1179 2920 1273 2951 immo
1290 2919 1384 2950 etiam
1406 2915 1537 2957 longiori
1554 2925 1646 2955 quam

179 2974 273 3003 antea
295 2971 334 3004 ab
359 2971 430 3014 ejus
450 2973 523 3020 artis
547 2973 731 3010 inventione
753 2975 918 3018 distamus,
934 2985 1004 3018 quae
1021 2979 1166 3017 praestare
1181 2974 1271 3007 nobis
1288 2970 1513 3005 beatitudinem
1535 2968 1648 3001 valcat.
