<?xml version="1.0" encoding="UTF-8"?>
<!DOCTYPE html PUBLIC "-//W3C//DTD XHTML 1.0 Transitional//EN"
    "http://www.w3.org/TR/xhtml1/DTD/xhtml1-transitional.dtd">
<html xmlns="http://www.w3.org/1999/xhtml" xml:lang="en" lang="en">
 <head>
  <title>
</title>
<meta http-equiv="Content-Type" content="text/html;charset=utf-8" />
  <meta name='ocr-system' content='tesseract 3.04.00' />
  <meta name='ocr-capabilities' content='ocr_page ocr_carea ocr_par ocr_line ocrx_word'/>
</head>
<body>
  <div class='ocr_page' id='page_1' title='image "./platonisetquaeve10plat_0473.png"; bbox 0 0 1846 3268; ppageno 0'>
   <div class='ocr_carea' id='block_1_1' title="bbox 195 314 1651 365">
    <p class='ocr_par' dir='ltr' id='par_1_1' title="bbox 195 314 1651 365">
     <span class='ocr_line' id='line_1_1' title="bbox 195 314 1651 365; baseline 0.004 -10"><span class='ocrx_word' id='word_1_1' title='bbox 195 315 291 365; x_wconf 85' lang='lat'>118]</span> <span class='ocrx_word' id='word_1_2' title='bbox 808 314 1027 357; x_wconf 83' lang='lat' dir='ltr'><strong>PHAEDO.</strong></span> <span class='ocrx_word' id='word_1_3' title='bbox 1571 323 1651 361; x_wconf 84' lang='lat'><strong>463</strong></span> 
     </span>
    </p>
   </div>
   <div class='ocr_carea' id='block_1_2' title="bbox 178 416 1673 2131">
    <p class='ocr_par' dir='ltr' id='par_1_2' title="bbox 178 416 1673 2131">
     <span class='ocr_line' id='line_1_2' title="bbox 193 416 1649 463; baseline 0.003 -13"><span class='ocrx_word' id='word_1_4' title='bbox 193 423 265 461; x_wconf 82' lang='lat' dir='ltr'><strong>post</strong></span> <span class='ocrx_word' id='word_1_5' title='bbox 279 417 439 461; x_wconf 78' lang='lat' dir='ltr'><strong>potionem</strong></span> <span class='ocrx_word' id='word_1_6' title='bbox 460 416 670 454; x_wconf 83' lang='lat' dir='ltr'>deambulare,</span> <span class='ocrx_word' id='word_1_7' title='bbox 686 418 790 459; x_wconf 84' lang='lat' dir='ltr'><strong>quoad</strong></span> <span class='ocrx_word' id='word_1_8' title='bbox 805 419 923 460; x_wconf 86' lang='lat' dir='ltr'><strong>gravari</strong></span> <span class='ocrx_word' id='word_1_9' title='bbox 947 419 1006 450; x_wconf 86' lang='lat' dir='ltr'><strong>tibi</strong></span> <span class='ocrx_word' id='word_1_10' title='bbox 1032 419 1147 450; x_wconf 81' lang='lat' dir='ltr'><strong>sentias</strong></span> <span class='ocrx_word' id='word_1_11' title='bbox 1172 429 1283 460; x_wconf 86' lang='lat' dir='ltr'><strong>crura;</strong></span> <span class='ocrx_word' id='word_1_12' title='bbox 1306 425 1417 462; x_wconf 82' lang='lat' dir='ltr'><strong>postea</strong></span> <span class='ocrx_word' id='word_1_13' title='bbox 1433 430 1504 454; x_wconf 84' lang='lat' dir='ltr'><strong>vero</strong></span> <span class='ocrx_word' id='word_1_14' title='bbox 1523 422 1649 463; x_wconf 83' lang='lat' dir='ltr'><strong>jacere:</strong></span> 
     </span>
     <span class='ocr_line' id='line_1_3' title="bbox 193 470 1652 514; baseline 0.002 -11"><span class='ocrx_word' id='word_1_15' title='bbox 193 477 288 514; x_wconf 87' lang='lat' dir='ltr'><strong>atque</strong></span> <span class='ocrx_word' id='word_1_16' title='bbox 303 472 346 504; x_wconf 88' lang='lat' dir='ltr'><strong>ita</strong></span> <span class='ocrx_word' id='word_1_17' title='bbox 362 477 396 503; x_wconf 88' lang='lat' dir='ltr'><strong>tu</strong></span> <span class='ocrx_word' id='word_1_18' title='bbox 411 471 518 504; x_wconf 80' lang='lat' dir='ltr'><strong>facies.</strong></span> <span class='ocrx_word' id='word_1_19' title='bbox 560 470 639 503; x_wconf 77' lang='lat' dir='ltr'><strong>Haec</strong></span> <span class='ocrx_word' id='word_1_20' title='bbox 654 471 762 502; x_wconf 84' lang='lat' dir='ltr'><strong>dicens</strong></span> <span class='ocrx_word' id='word_1_21' title='bbox 785 472 922 513; x_wconf 80' lang='lat' dir='ltr'>porrexit</span> <span class='ocrx_word' id='word_1_22' title='bbox 946 471 1076 504; x_wconf 81' lang='lat' dir='ltr'><strong>calicem</strong></span> <span class='ocrx_word' id='word_1_23' title='bbox 1094 472 1227 505; x_wconf 86' lang='lat' dir='ltr'><strong>Socrati.</strong></span> <span class='ocrx_word' id='word_1_24' title='bbox 1272 473 1414 505; x_wconf 79' lang='lat' dir='ltr'><strong>Socrates</strong></span> <span class='ocrx_word' id='word_1_25' title='bbox 1430 485 1501 506; x_wconf 91' lang='lat' dir='ltr'><strong>vero</strong></span> <span class='ocrx_word' id='word_1_26' title='bbox 1515 475 1652 508; x_wconf 79' lang='lat' dir='ltr'><strong>hilariter</strong></span> 
     </span>
     <span class='ocr_line' id='line_1_4' title="bbox 193 524 1652 571; baseline 0.002 -14"><span class='ocrx_word' id='word_1_27' title='bbox 193 526 374 563; x_wconf 78' lang='lat' dir='ltr'>admodum,</span> <span class='ocrx_word' id='word_1_28' title='bbox 404 536 423 557; x_wconf 93' lang='lat' dir='ltr'><strong>o</strong></span> <span class='ocrx_word' id='word_1_29' title='bbox 447 525 645 562; x_wconf 81' lang='lat' dir='ltr'><strong>Echecrates,</strong></span> <span class='ocrx_word' id='word_1_30' title='bbox 671 524 808 566; x_wconf 84' lang='lat' dir='ltr'><strong>accepit,</strong></span> <span class='ocrx_word' id='word_1_31' title='bbox 832 525 909 557; x_wconf 81' lang='lat' dir='ltr'><strong>nihil</strong></span> <span class='ocrx_word' id='word_1_32' title='bbox 935 526 1063 557; x_wconf 89' lang='lat' dir='ltr'><strong>omnino</strong></span> <span class='ocrx_word' id='word_1_33' title='bbox 1084 530 1271 563; x_wconf 88' lang='lat' dir='ltr'><strong>commotus,</strong></span> <span class='ocrx_word' id='word_1_34' title='bbox 1294 537 1396 568; x_wconf 86' lang='lat' dir='ltr'><strong>neque</strong></span> <span class='ocrx_word' id='word_1_35' title='bbox 1421 528 1524 560; x_wconf 86' lang='lat' dir='ltr'><strong>colore</strong></span> <span class='ocrx_word' id='word_1_36' title='bbox 1548 539 1652 571; x_wconf 90' lang='lat' dir='ltr'><strong>neque</strong></span> 
     </span>
     <span class='ocr_line' id='line_1_5' title="bbox 197 578 1650 622; baseline 0.002 -12"><span class='ocrx_word' id='word_1_37' title='bbox 197 579 285 610; x_wconf 91' lang='lat' dir='ltr'><strong>vultu</strong></span> <span class='ocrx_word' id='word_1_38' title='bbox 301 584 440 611; x_wconf 84' lang='lat' dir='ltr'><strong>mutato:</strong></span> <span class='ocrx_word' id='word_1_39' title='bbox 463 578 520 610; x_wconf 82' lang='lat' dir='ltr'><strong>sed</strong></span> <span class='ocrx_word' id='word_1_40' title='bbox 536 579 798 620; x_wconf 84' lang='lat' dir='ltr'><strong>quemadmodum</strong></span> <span class='ocrx_word' id='word_1_41' title='bbox 815 584 1030 617; x_wconf 84' lang='lat' dir='ltr'><strong>consueverat,</strong></span> <span class='ocrx_word' id='word_1_42' title='bbox 1047 579 1169 611; x_wconf 81' lang='lat' dir='ltr'><strong>taurine</strong></span> <span class='ocrx_word' id='word_1_43' title='bbox 1184 579 1271 611; x_wconf 91' lang='lat' dir='ltr'><strong>illum</strong></span> <span class='ocrx_word' id='word_1_44' title='bbox 1290 580 1458 622; x_wconf 84' lang='lat' dir='ltr'><strong>aspiciens,</strong></span> <span class='ocrx_word' id='word_1_45' title='bbox 1482 581 1569 619; x_wconf 89' lang='lat' dir='ltr'><strong>Quid</strong></span> <span class='ocrx_word' id='word_1_46' title='bbox 1594 582 1650 618; x_wconf 87' lang='lat' dir='ltr'><strong>ais,</strong></span> 
     </span>
     <span class='ocr_line' id='line_1_6' title="bbox 194 632 1649 676; baseline 0.002 -13"><span class='ocrx_word' id='word_1_47' title='bbox 194 632 318 676; x_wconf 87' lang='lat' dir='ltr'><strong>inquit?</strong></span> <span class='ocrx_word' id='word_1_48' title='bbox 341 633 455 664; x_wconf 85' lang='lat' dir='ltr'><strong>licetne</strong></span> <span class='ocrx_word' id='word_1_49' title='bbox 474 643 513 664; x_wconf 86' lang='lat' dir='ltr'><strong>ex</strong></span> <span class='ocrx_word' id='word_1_50' title='bbox 536 633 597 664; x_wconf 87' lang='lat' dir='ltr'><strong>hoc</strong></span> <span class='ocrx_word' id='word_1_51' title='bbox 618 632 734 674; x_wconf 89' lang='lat' dir='ltr'><strong>poculo</strong></span> <span class='ocrx_word' id='word_1_52' title='bbox 749 632 893 664; x_wconf 81' lang='lat' dir='ltr'><strong>nonnihil</strong></span> <span class='ocrx_word' id='word_1_53' title='bbox 907 633 1083 674; x_wconf 85' lang='lat' dir='ltr'><strong>spargendo</strong></span> <span class='ocrx_word' id='word_1_54' title='bbox 1099 633 1293 664; x_wconf 86' lang='lat' dir='ltr'><strong>sacrificare?</strong></span> <span class='ocrx_word' id='word_1_55' title='bbox 1337 633 1485 672; x_wconf 87' lang='lat' dir='ltr'><strong>Tantum,</strong></span> <span class='ocrx_word' id='word_1_56' title='bbox 1500 634 1613 676; x_wconf 86' lang='lat' dir='ltr'><strong>inquit,</strong></span> <span class='ocrx_word' id='word_1_57' title='bbox 1630 646 1649 666; x_wconf 95' lang='lat' dir='ltr'><strong>o</strong></span> 
     </span>
     <span class='ocr_line' id='line_1_7' title="bbox 189 686 1650 729; baseline 0.001 -11"><span class='ocrx_word' id='word_1_58' title='bbox 189 686 341 724; x_wconf 85' lang='lat' dir='ltr'><strong>Socrates,</strong></span> <span class='ocrx_word' id='word_1_59' title='bbox 355 686 568 724; x_wconf 82' lang='lat' dir='ltr'><strong>contrivimus,</strong></span> <span class='ocrx_word' id='word_1_60' title='bbox 580 690 730 728; x_wconf 83' lang='lat' dir='ltr'><strong>quantum</strong></span> <span class='ocrx_word' id='word_1_61' title='bbox 746 686 820 717; x_wconf 75' lang='lat' dir='ltr'><strong>satis</strong></span> <span class='ocrx_word' id='word_1_62' title='bbox 835 687 900 717; x_wconf 79' lang='lat' dir='ltr'><strong>sore</strong></span> <span class='ocrx_word' id='word_1_63' title='bbox 917 686 1106 728; x_wconf 81' lang='lat' dir='ltr'><strong>putavimus.</strong></span> <span class='ocrx_word' id='word_1_64' title='bbox 1150 686 1315 729; x_wconf 76' lang='lat' dir='ltr'><strong>Intelfigo,</strong></span> <span class='ocrx_word' id='word_1_65' title='bbox 1325 686 1439 729; x_wconf 84' lang='lat' dir='ltr'><strong>inquit.</strong></span> <span class='ocrx_word' id='word_1_66' title='bbox 1463 689 1518 719; x_wconf 90' lang='lat' dir='ltr'><strong>sed</strong></span> <span class='ocrx_word' id='word_1_67' title='bbox 1529 693 1562 720; x_wconf 92' lang='lat' dir='ltr'><strong>et</strong></span> <span class='ocrx_word' id='word_1_68' title='bbox 1575 689 1650 720; x_wconf 86' lang='lat' dir='ltr'><strong>licet</strong></span> 
     </span>
     <span class='ocr_line' id='line_1_8' title="bbox 189 739 1651 783; baseline 0.002 -13"><span class='ocrx_word' id='word_1_69' title='bbox 189 744 222 771; x_wconf 85' lang='lat' dir='ltr'><strong>et</strong></span> <span class='ocrx_word' id='word_1_70' title='bbox 247 744 370 782; x_wconf 86' lang='lat' dir='ltr'><strong>oportet</strong></span> <span class='ocrx_word' id='word_1_71' title='bbox 394 750 480 771; x_wconf 84' lang='lat' dir='ltr'><strong>orare</strong></span> <span class='ocrx_word' id='word_1_72' title='bbox 505 741 593 778; x_wconf 87' lang='lat' dir='ltr'><strong>deos,</strong></span> <span class='ocrx_word' id='word_1_73' title='bbox 620 745 656 771; x_wconf 90' lang='lat' dir='ltr'><strong>ut</strong></span> <span class='ocrx_word' id='word_1_74' title='bbox 680 739 755 771; x_wconf 79' lang='lat' dir='ltr'><strong>felix</strong></span> <span class='ocrx_word' id='word_1_75' title='bbox 781 739 821 771; x_wconf 85' lang='lat' dir='ltr'><strong>sit</strong></span> <span class='ocrx_word' id='word_1_76' title='bbox 841 740 1068 782; x_wconf 79' lang='lat' dir='ltr'><strong>transmigratio</strong></span> <span class='ocrx_word' id='word_1_77' title='bbox 1093 745 1209 771; x_wconf 88' lang='lat' dir='ltr'><strong>nostra.</strong></span> <span class='ocrx_word' id='word_1_78' title='bbox 1233 741 1317 782; x_wconf 91' lang='lat' dir='ltr'><strong>quod</strong></span> <span class='ocrx_word' id='word_1_79' title='bbox 1339 741 1485 783; x_wconf 87' lang='lat' dir='ltr'><strong>equidem</strong></span> <span class='ocrx_word' id='word_1_80' title='bbox 1510 742 1651 779; x_wconf 90' lang='lat' dir='ltr'><strong>obsecro,</strong></span> 
     </span>
     <span class='ocr_line' id='line_1_9' title="bbox 190 793 1648 837; baseline 0.001 -12"><span class='ocrx_word' id='word_1_81' title='bbox 190 798 284 835; x_wconf 82' lang='lat' dir='ltr'><strong>atque</strong></span> <span class='ocrx_word' id='word_1_82' title='bbox 299 794 418 825; x_wconf 86' lang='lat' dir='ltr'><strong>utinam</strong></span> <span class='ocrx_word' id='word_1_83' title='bbox 431 793 475 825; x_wconf 85' lang='lat' dir='ltr'><strong>ita</strong></span> <span class='ocrx_word' id='word_1_84' title='bbox 489 793 562 824; x_wconf 83' lang='lat' dir='ltr'><strong>fiat!</strong></span> <span class='ocrx_word' id='word_1_85' title='bbox 609 794 651 824; x_wconf 88' lang='lat' dir='ltr'><strong>Et</strong></span> <span class='ocrx_word' id='word_1_86' title='bbox 663 793 753 825; x_wconf 86' lang='lat' dir='ltr'><strong>simul</strong></span> <span class='ocrx_word' id='word_1_87' title='bbox 767 794 814 824; x_wconf 91' lang='lat' dir='ltr'><strong>his</strong></span> <span class='ocrx_word' id='word_1_88' title='bbox 829 794 923 825; x_wconf 90' lang='lat' dir='ltr'><strong>dictis</strong></span> <span class='ocrx_word' id='word_1_89' title='bbox 946 794 1119 825; x_wconf 86' lang='lat' dir='ltr'><strong>admonens</strong></span> <span class='ocrx_word' id='word_1_90' title='bbox 1141 794 1233 826; x_wconf 82' lang='lat' dir='ltr'><strong>facile</strong></span> <span class='ocrx_word' id='word_1_91' title='bbox 1256 795 1425 826; x_wconf 89' lang='lat' dir='ltr'><strong>admodum</strong></span> <span class='ocrx_word' id='word_1_92' title='bbox 1446 795 1648 837; x_wconf 83' lang='lat' dir='ltr'><strong>alacriterque</strong></span> 
     </span>
     <span class='ocr_line' id='line_1_10' title="bbox 187 846 1649 890; baseline 0.001 -12"><span class='ocrx_word' id='word_1_93' title='bbox 187 846 296 879; x_wconf 84' lang='lat' dir='ltr'><strong>ebibit.</strong></span> <span class='ocrx_word' id='word_1_94' title='bbox 340 847 487 889; x_wconf 83' lang='lat' dir='ltr'><strong>Plerique</strong></span> <span class='ocrx_word' id='word_1_95' title='bbox 503 853 641 878; x_wconf 91' lang='lat' dir='ltr'><strong>nostrum</strong></span> <span class='ocrx_word' id='word_1_96' title='bbox 657 857 796 889; x_wconf 88' lang='lat' dir='ltr'><strong>eousque</strong></span> <span class='ocrx_word' id='word_1_97' title='bbox 810 847 943 878; x_wconf 90' lang='lat' dir='ltr'><strong>retinere</strong></span> <span class='ocrx_word' id='word_1_98' title='bbox 958 847 1191 889; x_wconf 85' lang='lat' dir='ltr'><strong>quodammodo</strong></span> <span class='ocrx_word' id='word_1_99' title='bbox 1207 847 1361 890; x_wconf 82' lang='lat' dir='ltr'><strong>lacrymas</strong></span> <span class='ocrx_word' id='word_1_100' title='bbox 1378 853 1589 890; x_wconf 75' lang='lat' dir='ltr'><strong>potueramus,</strong></span> <span class='ocrx_word' id='word_1_101' title='bbox 1615 854 1649 880; x_wconf 85' lang='lat' dir='ltr'><strong>at</strong></span> 
     </span>
     <span class='ocr_line' id='line_1_11' title="bbox 186 900 1646 944; baseline 0.002 -13"><span class='ocrx_word' id='word_1_102' title='bbox 186 905 351 942; x_wconf 82' lang='lat' dir='ltr'><strong>postquam</strong></span> <span class='ocrx_word' id='word_1_103' title='bbox 368 905 401 932; x_wconf 92' lang='lat' dir='ltr'><strong>et</strong></span> <span class='ocrx_word' id='word_1_104' title='bbox 415 900 574 932; x_wconf 87' lang='lat' dir='ltr'><strong>bibentem</strong></span> <span class='ocrx_word' id='word_1_105' title='bbox 591 900 724 931; x_wconf 88' lang='lat' dir='ltr'><strong>vidimus</strong></span> <span class='ocrx_word' id='word_1_106' title='bbox 738 906 771 931; x_wconf 87' lang='lat' dir='ltr'><strong>et</strong></span> <span class='ocrx_word' id='word_1_107' title='bbox 794 900 921 938; x_wconf 82' lang='lat' dir='ltr'><strong>bibisse,</strong></span> <span class='ocrx_word' id='word_1_108' title='bbox 937 900 1065 932; x_wconf 87' lang='lat' dir='ltr'><strong>ulterius</strong></span> <span class='ocrx_word' id='word_1_109' title='bbox 1089 911 1153 932; x_wconf 86' lang='lat' dir='ltr'><strong>non</strong></span> <span class='ocrx_word' id='word_1_110' title='bbox 1181 901 1361 943; x_wconf 89' lang='lat' dir='ltr'><strong>potuimus;</strong></span> <span class='ocrx_word' id='word_1_111' title='bbox 1383 902 1438 934; x_wconf 88' lang='lat' dir='ltr'><strong>sed</strong></span> <span class='ocrx_word' id='word_1_112' title='bbox 1454 913 1504 934; x_wconf 91' lang='lat' dir='ltr'><strong>me</strong></span> <span class='ocrx_word' id='word_1_113' title='bbox 1518 903 1646 944; x_wconf 88' lang='lat' dir='ltr'><strong>quidem</strong></span> 
     </span>
     <span class='ocr_line' id='line_1_12' title="bbox 186 954 1646 997; baseline 0.001 -12"><span class='ocrx_word' id='word_1_114' title='bbox 186 954 275 986; x_wconf 91' lang='lat' dir='ltr'><strong>dolor</strong></span> <span class='ocrx_word' id='word_1_115' title='bbox 289 955 368 986; x_wconf 88' lang='lat' dir='ltr'><strong>adeo</strong></span> <span class='ocrx_word' id='word_1_116' title='bbox 383 955 560 997; x_wconf 83' lang='lat' dir='ltr'><strong>superabat,</strong></span> <span class='ocrx_word' id='word_1_117' title='bbox 577 959 612 986; x_wconf 86' lang='lat' dir='ltr'><strong>ut</strong></span> <span class='ocrx_word' id='word_1_118' title='bbox 633 955 778 997; x_wconf 82' lang='lat' dir='ltr'><strong>lacrymae</strong></span> <span class='ocrx_word' id='word_1_119' title='bbox 801 955 929 996; x_wconf 88' lang='lat' dir='ltr'><strong>largiter</strong></span> <span class='ocrx_word' id='word_1_120' title='bbox 949 955 1016 996; x_wconf 89' lang='lat' dir='ltr'><strong>jam</strong></span> <span class='ocrx_word' id='word_1_121' title='bbox 1044 954 1120 985; x_wconf 89' lang='lat' dir='ltr'><strong>mihi</strong></span> <span class='ocrx_word' id='word_1_122' title='bbox 1137 955 1335 996; x_wconf 86' lang='lat' dir='ltr'><strong>profluerent.</strong></span> <span class='ocrx_word' id='word_1_123' title='bbox 1382 956 1582 997; x_wconf 80' lang='lat' dir='ltr'><strong>Quapropter</strong></span> <span class='ocrx_word' id='word_1_124' title='bbox 1595 967 1646 987; x_wconf 92' lang='lat' dir='ltr'><strong>me</strong></span> 
     </span>
     <span class='ocr_line' id='line_1_13' title="bbox 184 1009 1673 1051; baseline -0.001 -11"><span class='ocrx_word' id='word_1_125' title='bbox 184 1013 350 1050; x_wconf 83' lang='lat' dir='ltr'><strong>protegens</strong></span> <span class='ocrx_word' id='word_1_126' title='bbox 365 1009 579 1050; x_wconf 87' lang='lat' dir='ltr'><strong>deplorabam,</strong></span> <span class='ocrx_word' id='word_1_127' title='bbox 594 1020 657 1040; x_wconf 89' lang='lat' dir='ltr'><strong>uon</strong></span> <span class='ocrx_word' id='word_1_128' title='bbox 669 1010 756 1040; x_wconf 89' lang='lat' dir='ltr'><strong>illurn</strong></span> <span class='ocrx_word' id='word_1_129' title='bbox 772 1009 911 1050; x_wconf 90' lang='lat' dir='ltr'><strong>quidem,</strong></span> <span class='ocrx_word' id='word_1_130' title='bbox 927 1010 981 1040; x_wconf 85' lang='lat' dir='ltr'><strong>sed</strong></span> <span class='ocrx_word' id='word_1_131' title='bbox 1002 1009 1157 1040; x_wconf 81' lang='lat' dir='ltr'><strong>fortunam</strong></span> <span class='ocrx_word' id='word_1_132' title='bbox 1173 1019 1286 1050; x_wconf 87' lang='lat' dir='ltr'><strong>meam,</strong></span> <span class='ocrx_word' id='word_1_133' title='bbox 1300 1009 1353 1051; x_wconf 89' lang='lat' dir='ltr'><strong>qui</strong></span> <span class='ocrx_word' id='word_1_134' title='bbox 1369 1009 1424 1040; x_wconf 84' lang='lat' dir='ltr'><strong>tali</strong></span> <span class='ocrx_word' id='word_1_135' title='bbox 1440 1009 1540 1041; x_wconf 89' lang='lat' dir='ltr'><strong>amico</strong></span> <span class='ocrx_word' id='word_1_136' title='bbox 1556 1010 1646 1042; x_wconf 89' lang='lat' dir='ltr'><strong>orba·</strong></span> <span class='ocrx_word' id='word_1_137' title='bbox 1669 1037 1673 1039; x_wconf 79' lang='grc'><strong>.</strong></span> 
     </span>
     <span class='ocr_line' id='line_1_14' title="bbox 186 1063 1643 1106; baseline 0.001 -13"><span class='ocrx_word' id='word_1_138' title='bbox 186 1067 236 1093; x_wconf 87' lang='lat' dir='ltr'><strong>tus</strong></span> <span class='ocrx_word' id='word_1_139' title='bbox 250 1073 360 1095; x_wconf 83' lang='lat' dir='ltr'><strong>essem.</strong></span> <span class='ocrx_word' id='word_1_140' title='bbox 404 1063 492 1095; x_wconf 86' lang='lat' dir='ltr'><strong>Crito</strong></span> <span class='ocrx_word' id='word_1_141' title='bbox 508 1068 612 1095; x_wconf 84' lang='lat' dir='ltr'><strong>autem</strong></span> <span class='ocrx_word' id='word_1_142' title='bbox 628 1064 721 1095; x_wconf 89' lang='lat' dir='ltr'><strong>etiam</strong></span> <span class='ocrx_word' id='word_1_143' title='bbox 744 1063 840 1106; x_wconf 89' lang='lat' dir='ltr'><strong>prius,</strong></span> <span class='ocrx_word' id='word_1_144' title='bbox 858 1074 929 1095; x_wconf 91' lang='lat' dir='ltr'><strong>cum</strong></span> <span class='ocrx_word' id='word_1_145' title='bbox 946 1063 1099 1106; x_wconf 79' lang='lat' dir='ltr'><strong>lacrymas</strong></span> <span class='ocrx_word' id='word_1_146' title='bbox 1115 1063 1259 1105; x_wconf 87' lang='lat' dir='ltr'><strong>nequiret</strong></span> <span class='ocrx_word' id='word_1_147' title='bbox 1274 1063 1448 1105; x_wconf 83' lang='lat' dir='ltr'><strong>continere,</strong></span> <span class='ocrx_word' id='word_1_148' title='bbox 1465 1069 1643 1095; x_wconf 83' lang='lat' dir='ltr'><strong>surrexerat.</strong></span> 
     </span>
     <span class='ocr_line' id='line_1_15' title="bbox 185 1115 1644 1160; baseline 0.001 -13"><span class='ocrx_word' id='word_1_149' title='bbox 185 1115 248 1147; x_wconf 87' lang='lat' dir='ltr'><strong>Sed</strong></span> <span class='ocrx_word' id='word_1_150' title='bbox 264 1115 479 1159; x_wconf 87' lang='lat' dir='ltr'><strong>Apollodorus</strong></span> <span class='ocrx_word' id='word_1_151' title='bbox 495 1127 554 1149; x_wconf 88' lang='lat' dir='ltr'><strong>nec</strong></span> <span class='ocrx_word' id='word_1_152' title='bbox 569 1117 601 1148; x_wconf 91' lang='lat' dir='ltr'><strong>in</strong></span> <span class='ocrx_word' id='word_1_153' title='bbox 617 1118 768 1159; x_wconf 89' lang='lat' dir='ltr'><strong>superiori</strong></span> <span class='ocrx_word' id='word_1_154' title='bbox 783 1118 911 1159; x_wconf 90' lang='lat' dir='ltr'><strong>quidem</strong></span> <span class='ocrx_word' id='word_1_155' title='bbox 926 1123 1066 1160; x_wconf 84' lang='lat' dir='ltr'><strong>tempore</strong></span> <span class='ocrx_word' id='word_1_156' title='bbox 1091 1128 1229 1159; x_wconf 87' lang='lat' dir='ltr'><strong>unquam</strong></span> <span class='ocrx_word' id='word_1_157' title='bbox 1253 1118 1424 1160; x_wconf 79' lang='lat' dir='ltr'><strong>lacrymare</strong></span> <span class='ocrx_word' id='word_1_158' title='bbox 1449 1123 1621 1149; x_wconf 83' lang='lat' dir='ltr'><strong>cessaverat</strong></span> <span class='ocrx_word' id='word_1_159' title='bbox 1636 1129 1644 1149; x_wconf 70' lang='grc' dir='ltr'><em>ε</em></span> 
     </span>
     <span class='ocr_line' id='line_1_16' title="bbox 183 1170 1644 1213; baseline 0.001 -13"><span class='ocrx_word' id='word_1_160' title='bbox 183 1173 260 1201; x_wconf 84' lang='lat' dir='ltr'><strong>tunc</strong></span> <span class='ocrx_word' id='word_1_161' title='bbox 274 1180 346 1201; x_wconf 90' lang='lat' dir='ltr'><strong>vero</strong></span> <span class='ocrx_word' id='word_1_162' title='bbox 362 1171 520 1212; x_wconf 84' lang='lat' dir='ltr'><strong>praecipue</strong></span> <span class='ocrx_word' id='word_1_163' title='bbox 537 1171 720 1209; x_wconf 82' lang='lat' dir='ltr'><strong>vociferans,</strong></span> <span class='ocrx_word' id='word_1_164' title='bbox 736 1181 832 1213; x_wconf 84' lang='lat' dir='ltr'><strong>seque</strong></span> <span class='ocrx_word' id='word_1_165' title='bbox 846 1171 948 1213; x_wconf 87' lang='lat' dir='ltr'><strong>ipsum</strong></span> <span class='ocrx_word' id='word_1_166' title='bbox 959 1171 1121 1208; x_wconf 84' lang='lat' dir='ltr'><strong>afflictans,</strong></span> <span class='ocrx_word' id='word_1_167' title='bbox 1132 1171 1288 1202; x_wconf 88' lang='lat' dir='ltr'><strong>neminem</strong></span> <span class='ocrx_word' id='word_1_168' title='bbox 1299 1170 1423 1212; x_wconf 90' lang='lat' dir='ltr'><strong>reliquit</strong></span> <span class='ocrx_word' id='word_1_169' title='bbox 1435 1171 1644 1213; x_wconf 69' lang='lat' dir='ltr'><strong>praesentium,</strong></span> 
     </span>
     <span class='ocr_line' id='line_1_17' title="bbox 184 1223 1644 1267; baseline 0.001 -13"><span class='ocrx_word' id='word_1_170' title='bbox 184 1223 276 1264; x_wconf 85' lang='lat' dir='ltr'><strong>cujus</strong></span> <span class='ocrx_word' id='word_1_171' title='bbox 289 1223 390 1256; x_wconf 88' lang='lat' dir='ltr'><strong>vicem</strong></span> <span class='ocrx_word' id='word_1_172' title='bbox 406 1235 470 1256; x_wconf 85' lang='lat' dir='ltr'><strong>uon</strong></span> <span class='ocrx_word' id='word_1_173' title='bbox 495 1225 683 1266; x_wconf 85' lang='lat' dir='ltr'><strong>deploraret,</strong></span> <span class='ocrx_word' id='word_1_174' title='bbox 699 1230 810 1267; x_wconf 87' lang='lat' dir='ltr'><strong>praeter</strong></span> <span class='ocrx_word' id='word_1_175' title='bbox 835 1226 928 1257; x_wconf 91' lang='lat' dir='ltr'><strong>unius</strong></span> <span class='ocrx_word' id='word_1_176' title='bbox 953 1226 1088 1257; x_wconf 87' lang='lat' dir='ltr'><strong>Socratis</strong></span> <span class='ocrx_word' id='word_1_177' title='bbox 1104 1226 1215 1257; x_wconf 89' lang='lat' dir='ltr'><strong>vicem.</strong></span> <span class='ocrx_word' id='word_1_178' title='bbox 1260 1225 1320 1256; x_wconf 87' lang='lat' dir='ltr'><strong>Ille</strong></span> <span class='ocrx_word' id='word_1_179' title='bbox 1335 1235 1407 1256; x_wconf 88' lang='lat' dir='ltr'><strong>vero</strong></span> <span class='ocrx_word' id='word_1_180' title='bbox 1421 1225 1488 1256; x_wconf 87' lang='lat' dir='ltr'><strong>haec</strong></span> <span class='ocrx_word' id='word_1_181' title='bbox 1504 1226 1644 1256; x_wconf 86' lang='lat' dir='ltr'><strong>animad-</strong></span> 
     </span>
     <span class='ocr_line' id='line_1_18' title="bbox 184 1278 1643 1322; baseline 0.001 -14"><span class='ocrx_word' id='word_1_182' title='bbox 184 1282 319 1315; x_wconf 76' lang='lat' dir='ltr'><strong>vertens,</strong></span> <span class='ocrx_word' id='word_1_183' title='bbox 336 1278 512 1321; x_wconf 84' lang='lat' dir='ltr'><strong>Quidnam,</strong></span> <span class='ocrx_word' id='word_1_184' title='bbox 527 1279 643 1322; x_wconf 90' lang='lat' dir='ltr'><strong>inquit,</strong></span> <span class='ocrx_word' id='word_1_185' title='bbox 659 1290 678 1310; x_wconf 94' lang='lat' dir='ltr'><strong>o</strong></span> <span class='ocrx_word' id='word_1_186' title='bbox 695 1279 751 1310; x_wconf 79' lang='lat' dir='ltr'><strong>viri</strong></span> <span class='ocrx_word' id='word_1_187' title='bbox 766 1280 935 1317; x_wconf 88' lang='lat' dir='ltr'><strong>mirabiles,</strong></span> <span class='ocrx_word' id='word_1_188' title='bbox 952 1279 1067 1321; x_wconf 85' lang='lat' dir='ltr'><strong>agitis?</strong></span> <span class='ocrx_word' id='word_1_189' title='bbox 1090 1279 1178 1321; x_wconf 90' lang='lat' dir='ltr'><strong>atqui</strong></span> <span class='ocrx_word' id='word_1_190' title='bbox 1193 1290 1252 1321; x_wconf 86' lang='lat' dir='ltr'><strong>ego</strong></span> <span class='ocrx_word' id='word_1_191' title='bbox 1268 1279 1402 1310; x_wconf 87' lang='lat' dir='ltr'><strong>maxime</strong></span> <span class='ocrx_word' id='word_1_192' title='bbox 1417 1279 1497 1310; x_wconf 88' lang='lat' dir='ltr'><strong>hanc</strong></span> <span class='ocrx_word' id='word_1_193' title='bbox 1513 1279 1554 1309; x_wconf 91' lang='lat' dir='ltr'><strong>ob</strong></span> <span class='ocrx_word' id='word_1_194' title='bbox 1569 1289 1643 1310; x_wconf 89' lang='lat' dir='ltr'><strong>cau-</strong></span> 
     </span>
     <span class='ocr_line' id='line_1_19' title="bbox 185 1332 1643 1375; baseline 0.001 -13"><span class='ocrx_word' id='word_1_195' title='bbox 185 1341 249 1363; x_wconf 86' lang='lat' dir='ltr'><strong>sam</strong></span> <span class='ocrx_word' id='word_1_196' title='bbox 263 1332 405 1364; x_wconf 88' lang='lat' dir='ltr'><strong>mulieres</strong></span> <span class='ocrx_word' id='word_1_197' title='bbox 419 1333 595 1375; x_wconf 84' lang='lat' dir='ltr'><strong>abegeram,</strong></span> <span class='ocrx_word' id='word_1_198' title='bbox 610 1343 650 1364; x_wconf 88' lang='lat' dir='ltr'><strong>ne</strong></span> <span class='ocrx_word' id='word_1_199' title='bbox 664 1333 739 1364; x_wconf 87' lang='lat' dir='ltr'><strong>talia</strong></span> <span class='ocrx_word' id='word_1_200' title='bbox 753 1334 903 1366; x_wconf 80' lang='lat' dir='ltr'><strong>facerent.</strong></span> <span class='ocrx_word' id='word_1_201' title='bbox 927 1333 1103 1365; x_wconf 85' lang='lat' dir='ltr'><strong>audiveram</strong></span> <span class='ocrx_word' id='word_1_202' title='bbox 1121 1333 1216 1370; x_wconf 87' lang='lat' dir='ltr'><strong>enim,</strong></span> <span class='ocrx_word' id='word_1_203' title='bbox 1231 1333 1263 1363; x_wconf 90' lang='lat' dir='ltr'><strong>in</strong></span> <span class='ocrx_word' id='word_1_204' title='bbox 1280 1332 1500 1363; x_wconf 87' lang='lat' dir='ltr'><strong>benedictione</strong></span> <span class='ocrx_word' id='word_1_205' title='bbox 1515 1342 1582 1364; x_wconf 87' lang='lat' dir='ltr'><strong>esse</strong></span> <span class='ocrx_word' id='word_1_206' title='bbox 1604 1343 1643 1363; x_wconf 81' lang='lat' dir='ltr'><strong>ex</strong></span> 
     </span>
     <span class='ocr_line' id='line_1_20' title="bbox 182 1386 1645 1429; baseline 0 -13"><span class='ocrx_word' id='word_1_207' title='bbox 182 1386 242 1418; x_wconf 86' lang='lat' dir='ltr'><strong>hac</strong></span> <span class='ocrx_word' id='word_1_208' title='bbox 258 1386 322 1417; x_wconf 84' lang='lat' dir='ltr'><strong>vita</strong></span> <span class='ocrx_word' id='word_1_209' title='bbox 343 1386 549 1428; x_wconf 88' lang='lat' dir='ltr'><strong>migrandum.</strong></span> <span class='ocrx_word' id='word_1_210' title='bbox 593 1387 875 1429; x_wconf 77' lang='lat' dir='ltr'><strong>Quiescite·igitur</strong></span> <span class='ocrx_word' id='word_1_211' title='bbox 898 1392 993 1429; x_wconf 89' lang='lat' dir='ltr'><strong>atque</strong></span> <span class='ocrx_word' id='word_1_212' title='bbox 1016 1387 1158 1418; x_wconf 86' lang='lat' dir='ltr'><strong>tolerate.</strong></span> <span class='ocrx_word' id='word_1_213' title='bbox 1203 1386 1272 1417; x_wconf 90' lang='lat' dir='ltr'><strong>Nos</strong></span> <span class='ocrx_word' id='word_1_214' title='bbox 1294 1396 1365 1416; x_wconf 90' lang='lat' dir='ltr'><strong>vero</strong></span> <span class='ocrx_word' id='word_1_215' title='bbox 1388 1387 1455 1417; x_wconf 89' lang='lat' dir='ltr'><strong>haec</strong></span> <span class='ocrx_word' id='word_1_216' title='bbox 1481 1386 1645 1417; x_wconf 82' lang='lat' dir='ltr'><strong>audientes</strong></span> 
     </span>
     <span class='ocr_line' id='line_1_21' title="bbox 184 1438 1644 1482; baseline 0 -12"><span class='ocrx_word' id='word_1_217' title='bbox 184 1439 374 1482; x_wconf 86' lang='lat' dir='ltr'><strong>erubuimus,</strong></span> <span class='ocrx_word' id='word_1_218' title='bbox 396 1441 633 1482; x_wconf 84' lang='lat' dir='ltr'><strong>destitimusque</strong></span> <span class='ocrx_word' id='word_1_219' title='bbox 657 1451 675 1471; x_wconf 90' lang='lat' dir='ltr'><strong>a</strong></span> <span class='ocrx_word' id='word_1_220' title='bbox 700 1440 857 1482; x_wconf 84' lang='lat' dir='ltr'><strong>lacrymis.</strong></span> <span class='ocrx_word' id='word_1_221' title='bbox 903 1440 967 1471; x_wconf 89' lang='lat' dir='ltr'><strong>Sed</strong></span> <span class='ocrx_word' id='word_1_222' title='bbox 992 1440 1072 1481; x_wconf 83' lang='lat' dir='ltr'><strong>ipse,</strong></span> <span class='ocrx_word' id='word_1_223' title='bbox 1089 1450 1159 1471; x_wconf 86' lang='lat' dir='ltr'><strong>cum</strong></span> <span class='ocrx_word' id='word_1_224' title='bbox 1181 1439 1263 1470; x_wconf 88' lang='lat' dir='ltr'><strong>inter</strong></span> <span class='ocrx_word' id='word_1_225' title='bbox 1278 1438 1541 1469; x_wconf 85' lang='lat' dir='ltr'><strong>deambulandum</strong></span> <span class='ocrx_word' id='word_1_226' title='bbox 1555 1449 1644 1471; x_wconf 86' lang='lat' dir='ltr'><strong>crura</strong></span> 
     </span>
     <span class='ocr_line' id='line_1_22' title="bbox 178 1491 1644 1534; baseline 0 -11"><span class='ocrx_word' id='word_1_227' title='bbox 178 1491 246 1534; x_wconf 88' lang='lat' dir='ltr'><strong>jam</strong></span> <span class='ocrx_word' id='word_1_228' title='bbox 262 1493 382 1534; x_wconf 85' lang='lat' dir='ltr'><strong>gravari</strong></span> <span class='ocrx_word' id='word_1_229' title='bbox 395 1494 535 1530; x_wconf 85' lang='lat' dir='ltr'><strong>sentiret,</strong></span> <span class='ocrx_word' id='word_1_230' title='bbox 547 1493 649 1534; x_wconf 86' lang='lat' dir='ltr'><strong>jacuit</strong></span> <span class='ocrx_word' id='word_1_231' title='bbox 658 1493 843 1534; x_wconf 77' lang='lat' dir='ltr'><strong>resupinus:</strong></span> <span class='ocrx_word' id='word_1_232' title='bbox 868 1493 912 1525; x_wconf 90' lang='lat' dir='ltr'><strong>sic</strong></span> <span class='ocrx_word' id='word_1_233' title='bbox 927 1493 1021 1530; x_wconf 86' lang='lat' dir='ltr'><strong>enim,</strong></span> <span class='ocrx_word' id='word_1_234' title='bbox 1038 1492 1091 1534; x_wconf 89' lang='lat' dir='ltr'><strong>qui</strong></span> <span class='ocrx_word' id='word_1_235' title='bbox 1106 1502 1259 1524; x_wconf 87' lang='lat' dir='ltr'><strong>venenum</strong></span> <span class='ocrx_word' id='word_1_236' title='bbox 1273 1492 1415 1533; x_wconf 86' lang='lat' dir='ltr'><strong>praebuit,</strong></span> <span class='ocrx_word' id='word_1_237' title='bbox 1427 1491 1571 1532; x_wconf 88' lang='lat' dir='ltr'><strong>jusserat.</strong></span> <span class='ocrx_word' id='word_1_238' title='bbox 1587 1492 1644 1534; x_wconf 91' lang='lat' dir='ltr'><strong>qui</strong></span> 
     </span>
     <span class='ocr_line' id='line_1_23' title="bbox 183 1544 1643 1588; baseline 0 -12"><span class='ocrx_word' id='word_1_239' title='bbox 183 1545 360 1587; x_wconf 86' lang='lat' dir='ltr'><strong>paulopost</strong></span> <span class='ocrx_word' id='word_1_240' title='bbox 373 1557 444 1577; x_wconf 90' lang='lat' dir='ltr'><strong>eum</strong></span> <span class='ocrx_word' id='word_1_241' title='bbox 460 1551 603 1588; x_wconf 87' lang='lat' dir='ltr'><strong>tangens,</strong></span> <span class='ocrx_word' id='word_1_242' title='bbox 618 1546 714 1588; x_wconf 86' lang='lat' dir='ltr'><strong>pedes</strong></span> <span class='ocrx_word' id='word_1_243' title='bbox 739 1551 771 1577; x_wconf 85' lang='lat' dir='ltr'><strong>et</strong></span> <span class='ocrx_word' id='word_1_244' title='bbox 794 1556 882 1578; x_wconf 85' lang='lat' dir='ltr'><strong>crura</strong></span> <span class='ocrx_word' id='word_1_245' title='bbox 904 1545 1136 1584; x_wconf 84' lang='lat' dir='ltr'><strong>consideravit;</strong></span> <span class='ocrx_word' id='word_1_246' title='bbox 1159 1544 1277 1576; x_wconf 87' lang='lat' dir='ltr'><strong>deinde</strong></span> <span class='ocrx_word' id='word_1_247' title='bbox 1291 1545 1412 1586; x_wconf 87' lang='lat' dir='ltr'><strong>gravius</strong></span> <span class='ocrx_word' id='word_1_248' title='bbox 1436 1545 1643 1586; x_wconf 85' lang='lat' dir='ltr'><strong>comprimens</strong></span> 
     </span>
     <span class='ocr_line' id='line_1_24' title="bbox 182 1598 1644 1641; baseline -0.001 -11"><span class='ocrx_word' id='word_1_249' title='bbox 182 1599 297 1640; x_wconf 87' lang='lat' dir='ltr'><strong>pedem</strong></span> <span class='ocrx_word' id='word_1_250' title='bbox 311 1598 393 1640; x_wconf 84' lang='lat' dir='ltr'><strong>ejus,</strong></span> <span class='ocrx_word' id='word_1_251' title='bbox 409 1599 551 1641; x_wconf 87' lang='lat' dir='ltr'><strong>quaesivit</strong></span> <span class='ocrx_word' id='word_1_252' title='bbox 563 1610 603 1630; x_wconf 85' lang='lat' dir='ltr'><strong>an</strong></span> <span class='ocrx_word' id='word_1_253' title='bbox 617 1600 755 1631; x_wconf 86' lang='lat' dir='ltr'><strong>sentiret.</strong></span> <span class='ocrx_word' id='word_1_254' title='bbox 780 1599 908 1641; x_wconf 86' lang='lat' dir='ltr'><strong>negavit</strong></span> <span class='ocrx_word' id='word_1_255' title='bbox 922 1599 1077 1631; x_wconf 90' lang='lat' dir='ltr'><strong>Socrates.</strong></span> <span class='ocrx_word' id='word_1_256' title='bbox 1122 1599 1183 1630; x_wconf 88' lang='lat' dir='ltr'><strong>Ille</strong></span> <span class='ocrx_word' id='word_1_257' title='bbox 1199 1609 1301 1629; x_wconf 87' lang='lat' dir='ltr'><strong>rursus</strong></span> <span class='ocrx_word' id='word_1_258' title='bbox 1316 1599 1427 1641; x_wconf 88' lang='lat' dir='ltr'><strong>pressit</strong></span> <span class='ocrx_word' id='word_1_259' title='bbox 1449 1598 1546 1641; x_wconf 85' lang='lat'>[118]</span> <span class='ocrx_word' id='word_1_260' title='bbox 1570 1599 1644 1630; x_wconf 85' lang='lat' dir='ltr'><strong>tibi-</strong></span> 
     </span>
     <span class='ocr_line' id='line_1_25' title="bbox 181 1652 1643 1695; baseline 0.001 -12"><span class='ocrx_word' id='word_1_261' title='bbox 181 1662 227 1689; x_wconf 84' lang='lat' dir='ltr'><strong>as,</strong></span> <span class='ocrx_word' id='word_1_262' title='bbox 243 1652 456 1695; x_wconf 82' lang='lat' dir='ltr'><strong>paulatimque</strong></span> <span class='ocrx_word' id='word_1_263' title='bbox 473 1663 566 1684; x_wconf 89' lang='lat' dir='ltr'><strong>manu</strong></span> <span class='ocrx_word' id='word_1_264' title='bbox 581 1654 753 1685; x_wconf 87' lang='lat' dir='ltr'><strong>ascendens</strong></span> <span class='ocrx_word' id='word_1_265' title='bbox 768 1653 908 1685; x_wconf 86' lang='lat' dir='ltr'><strong>ostendit</strong></span> <span class='ocrx_word' id='word_1_266' title='bbox 923 1653 1013 1684; x_wconf 88' lang='lat' dir='ltr'><strong>nobis</strong></span> <span class='ocrx_word' id='word_1_267' title='bbox 1029 1653 1141 1695; x_wconf 85' lang='lat' dir='ltr'><strong>frigere</strong></span> <span class='ocrx_word' id='word_1_268' title='bbox 1156 1663 1208 1684; x_wconf 80' lang='lat' dir='ltr'><strong>eas</strong></span> <span class='ocrx_word' id='word_1_269' title='bbox 1222 1658 1315 1694; x_wconf 87' lang='lat' dir='ltr'><strong>atque</strong></span> <span class='ocrx_word' id='word_1_270' title='bbox 1336 1653 1443 1694; x_wconf 83' lang='lat' dir='ltr'><strong>rigere.</strong></span> <span class='ocrx_word' id='word_1_271' title='bbox 1465 1657 1498 1684; x_wconf 80' lang='lat' dir='ltr'><strong>et</strong></span> <span class='ocrx_word' id='word_1_272' title='bbox 1513 1653 1580 1694; x_wconf 90' lang='lat' dir='ltr'><strong>ipse</strong></span> <span class='ocrx_word' id='word_1_273' title='bbox 1595 1657 1643 1684; x_wconf 87' lang='lat' dir='ltr'><strong>at-</strong></span> 
     </span>
     <span class='ocr_line' id='line_1_26' title="bbox 181 1707 1640 1750; baseline 0.001 -12"><span class='ocrx_word' id='word_1_274' title='bbox 181 1707 254 1749; x_wconf 87' lang='lat' dir='ltr'><strong>tigit</strong></span> <span class='ocrx_word' id='word_1_275' title='bbox 268 1717 381 1744; x_wconf 85' lang='lat' dir='ltr'><strong>rursus,</strong></span> <span class='ocrx_word' id='word_1_276' title='bbox 392 1707 510 1749; x_wconf 85' lang='lat' dir='ltr'><strong>aitque,</strong></span> <span class='ocrx_word' id='word_1_277' title='bbox 523 1718 593 1739; x_wconf 91' lang='lat' dir='ltr'><strong>cum</strong></span> <span class='ocrx_word' id='word_1_278' title='bbox 610 1709 650 1739; x_wconf 89' lang='lat' dir='ltr'><strong>ad</strong></span> <span class='ocrx_word' id='word_1_279' title='bbox 666 1719 719 1740; x_wconf 87' lang='lat' dir='ltr'><strong>cor</strong></span> <span class='ocrx_word' id='word_1_280' title='bbox 734 1708 925 1750; x_wconf 86' lang='lat' dir='ltr'><strong>pervenerit,</strong></span> <span class='ocrx_word' id='word_1_281' title='bbox 941 1713 1017 1740; x_wconf 87' lang='lat' dir='ltr'><strong>tunc</strong></span> <span class='ocrx_word' id='word_1_282' title='bbox 1041 1718 1108 1739; x_wconf 89' lang='lat' dir='ltr'><strong>esse</strong></span> <span class='ocrx_word' id='word_1_283' title='bbox 1133 1707 1343 1739; x_wconf 88' lang='lat' dir='ltr'><strong>decessurum.</strong></span> <span class='ocrx_word' id='word_1_284' title='bbox 1389 1708 1410 1739; x_wconf 92' lang='lat' dir='ltr'><strong>J</strong></span> <span class='ocrx_word' id='word_1_285' title='bbox 1412 1718 1461 1738; x_wconf 85' lang='lat' dir='ltr'><strong>am</strong></span> <span class='ocrx_word' id='word_1_286' title='bbox 1478 1707 1572 1749; x_wconf 83' lang='lat' dir='ltr'><strong>igitur</strong></span> <span class='ocrx_word' id='word_1_287' title='bbox 1586 1707 1640 1740; x_wconf 83' lang='lat' dir='ltr'><strong>fri-</strong></span> 
     </span>
     <span class='ocr_line' id='line_1_27' title="bbox 183 1760 1643 1804; baseline 0.001 -13"><span class='ocrx_word' id='word_1_288' title='bbox 183 1765 314 1802; x_wconf 86' lang='lat' dir='ltr'><strong>guerant</strong></span> <span class='ocrx_word' id='word_1_289' title='bbox 323 1760 353 1792; x_wconf 91' lang='lat' dir='ltr'><strong>ei</strong></span> <span class='ocrx_word' id='word_1_290' title='bbox 364 1761 547 1803; x_wconf 81' lang='lat' dir='ltr'><strong>praecordia,</strong></span> <span class='ocrx_word' id='word_1_291' title='bbox 556 1772 626 1793; x_wconf 91' lang='lat' dir='ltr'><strong>cum</strong></span> <span class='ocrx_word' id='word_1_292' title='bbox 639 1762 790 1804; x_wconf 87' lang='lat' dir='ltr'><strong>detegens</strong></span> <span class='ocrx_word' id='word_1_293' title='bbox 801 1762 884 1804; x_wconf 88' lang='lat' dir='ltr'><strong>(erat</strong></span> <span class='ocrx_word' id='word_1_294' title='bbox 894 1761 977 1794; x_wconf 84' lang='lat' dir='ltr'><strong>enim</strong></span> <span class='ocrx_word' id='word_1_295' title='bbox 991 1766 1076 1793; x_wconf 83' lang='lat' dir='ltr'><strong>veste</strong></span> <span class='ocrx_word' id='word_1_296' title='bbox 1088 1761 1271 1803; x_wconf 80' lang='lat' dir='ltr'><strong>coopertus)</strong></span> <span class='ocrx_word' id='word_1_297' title='bbox 1283 1761 1372 1803; x_wconf 84' lang='lat' dir='ltr'><strong>dixit,</strong></span> <span class='ocrx_word' id='word_1_298' title='bbox 1379 1772 1448 1804; x_wconf 85' lang='lat' dir='ltr'><strong>quae</strong></span> <span class='ocrx_word' id='word_1_299' title='bbox 1459 1772 1518 1793; x_wconf 85' lang='lat' dir='ltr'><strong>vox</strong></span> <span class='ocrx_word' id='word_1_300' title='bbox 1529 1762 1577 1793; x_wconf 87' lang='lat' dir='ltr'><strong>illi</strong></span> <span class='ocrx_word' id='word_1_301' title='bbox 1588 1772 1643 1794; x_wconf 90' lang='lat' dir='ltr'><strong>ex-</strong></span> 
     </span>
     <span class='ocr_line' id='line_1_28' title="bbox 184 1814 1643 1859; baseline 0.001 -13"><span class='ocrx_word' id='word_1_302' title='bbox 184 1819 281 1846; x_wconf 84' lang='lat' dir='ltr'><strong>trema</strong></span> <span class='ocrx_word' id='word_1_303' title='bbox 292 1815 352 1846; x_wconf 84' lang='lat' dir='ltr'><strong>fuit</strong></span> <span class='ocrx_word' id='word_1_304' title='bbox 365 1827 373 1846; x_wconf 76' lang='lat' dir='ltr'><strong><em>z</em></strong></span> <span class='ocrx_word' id='word_1_305' title='bbox 399 1814 427 1846; x_wconf 94' lang='lat' dir='ltr'>O</span> <span class='ocrx_word' id='word_1_306' title='bbox 440 1815 539 1854; x_wconf 83' lang='lat' dir='ltr'><strong>Crito,</strong></span> <span class='ocrx_word' id='word_1_307' title='bbox 552 1816 742 1858; x_wconf 81' lang='lat' dir='ltr'><strong>AEsculapio</strong></span> <span class='ocrx_word' id='word_1_308' title='bbox 753 1817 868 1859; x_wconf 87' lang='lat' dir='ltr'><strong>gallum</strong></span> <span class='ocrx_word' id='word_1_309' title='bbox 881 1817 1031 1848; x_wconf 86' lang='lat' dir='ltr'><strong>debemus</strong></span> <span class='ocrx_word' id='word_1_310' title='bbox 1047 1828 1053 1846; x_wconf 93' lang='lat'>:</span> <span class='ocrx_word' id='word_1_311' title='bbox 1079 1826 1171 1858; x_wconf 90' lang='lat' dir='ltr'><strong>quem</strong></span> <span class='ocrx_word' id='word_1_312' title='bbox 1188 1815 1307 1846; x_wconf 86' lang='lat' dir='ltr'><strong>reddite</strong></span> <span class='ocrx_word' id='word_1_313' title='bbox 1319 1826 1330 1855; x_wconf 65' lang='grc' dir='ltr'><strong><em>ς</em></strong></span> <span class='ocrx_word' id='word_1_314' title='bbox 1352 1825 1454 1857; x_wconf 87' lang='lat' dir='ltr'><strong>neque</strong></span> <span class='ocrx_word' id='word_1_315' title='bbox 1468 1816 1643 1858; x_wconf 85' lang='lat' dir='ltr'><strong>negligatis.</strong></span> 
     </span>
     <span class='ocr_line' id='line_1_29' title="bbox 182 1867 1642 1912; baseline 0.001 -13"><span class='ocrx_word' id='word_1_316' title='bbox 182 1868 265 1906; x_wconf 87' lang='lat' dir='ltr'><strong>Fiet,</strong></span> <span class='ocrx_word' id='word_1_317' title='bbox 279 1867 382 1910; x_wconf 90' lang='lat' dir='ltr'><strong>inquit</strong></span> <span class='ocrx_word' id='word_1_318' title='bbox 406 1868 506 1910; x_wconf 87' lang='lat' dir='ltr'><strong>Crito,</strong></span> <span class='ocrx_word' id='word_1_319' title='bbox 519 1870 604 1912; x_wconf 91' lang='lat' dir='ltr'><strong>quod</strong></span> <span class='ocrx_word' id='word_1_320' title='bbox 616 1869 722 1911; x_wconf 87' lang='lat' dir='ltr'><strong>jubes.</strong></span> <span class='ocrx_word' id='word_1_321' title='bbox 746 1871 799 1902; x_wconf 84' lang='lat' dir='ltr'><strong>sed</strong></span> <span class='ocrx_word' id='word_1_322' title='bbox 825 1870 908 1908; x_wconf 83' lang='lat' dir='ltr'><strong>vide,</strong></span> <span class='ocrx_word' id='word_1_323' title='bbox 923 1870 1067 1912; x_wconf 87' lang='lat' dir='ltr'><strong>nunquid</strong></span> <span class='ocrx_word' id='word_1_324' title='bbox 1093 1868 1178 1901; x_wconf 87' lang='lat' dir='ltr'><strong>aliud</strong></span> <span class='ocrx_word' id='word_1_325' title='bbox 1202 1868 1288 1901; x_wconf 84' lang='lat' dir='ltr'><strong>velis.</strong></span> <span class='ocrx_word' id='word_1_326' title='bbox 1334 1868 1413 1900; x_wconf 85' lang='lat' dir='ltr'><strong>Haec</strong></span> <span class='ocrx_word' id='word_1_327' title='bbox 1439 1869 1642 1912; x_wconf 87' lang='lat' dir='ltr'><strong>interroganti</strong></span> 
     </span>
     <span class='ocr_line' id='line_1_30' title="bbox 183 1921 1640 1966; baseline 0.003 -14"><span class='ocrx_word' id='word_1_328' title='bbox 183 1921 263 1953; x_wconf 88' lang='lat' dir='ltr'><strong>nihil</strong></span> <span class='ocrx_word' id='word_1_329' title='bbox 280 1922 359 1953; x_wconf 85' lang='lat' dir='ltr'><strong>ultra</strong></span> <span class='ocrx_word' id='word_1_330' title='bbox 369 1924 541 1965; x_wconf 86' lang='lat' dir='ltr'><strong>respondit,</strong></span> <span class='ocrx_word' id='word_1_331' title='bbox 552 1924 605 1956; x_wconf 89' lang='lat' dir='ltr'><strong>sed</strong></span> <span class='ocrx_word' id='word_1_332' title='bbox 619 1924 714 1966; x_wconf 91' lang='lat' dir='ltr'><strong>paulo</strong></span> <span class='ocrx_word' id='word_1_333' title='bbox 726 1930 797 1966; x_wconf 86' lang='lat' dir='ltr'><strong>post</strong></span> <span class='ocrx_word' id='word_1_334' title='bbox 808 1929 982 1957; x_wconf 85' lang='lat' dir='ltr'><strong>commotus</strong></span> <span class='ocrx_word' id='word_1_335' title='bbox 997 1929 1055 1956; x_wconf 87' lang='lat' dir='ltr'><strong>est.</strong></span> <span class='ocrx_word' id='word_1_336' title='bbox 1100 1924 1142 1955; x_wconf 85' lang='lat' dir='ltr'><strong>Et</strong></span> <span class='ocrx_word' id='word_1_337' title='bbox 1157 1923 1294 1955; x_wconf 86' lang='lat' dir='ltr'><strong>minister</strong></span> <span class='ocrx_word' id='word_1_338' title='bbox 1306 1923 1425 1955; x_wconf 82' lang='lat' dir='ltr'><strong>detexit</strong></span> <span class='ocrx_word' id='word_1_339' title='bbox 1439 1935 1530 1956; x_wconf 87' lang='lat' dir='ltr'><strong>eum:</strong></span> <span class='ocrx_word' id='word_1_340' title='bbox 1546 1928 1640 1966; x_wconf 87' lang='lat' dir='ltr'><strong>atque</strong></span> 
     </span>
     <span class='ocr_line' id='line_1_31' title="bbox 181 1975 1642 2021; baseline 0.001 -15"><span class='ocrx_word' id='word_1_341' title='bbox 181 1975 249 2017; x_wconf 88' lang='lat' dir='ltr'><strong>ipse</strong></span> <span class='ocrx_word' id='word_1_342' title='bbox 264 1975 383 2008; x_wconf 77' lang='lat' dir='ltr'><strong>lumina</strong></span> <span class='ocrx_word' id='word_1_343' title='bbox 397 1976 475 2008; x_wconf 80' lang='lat' dir='ltr'><strong>fixit.</strong></span> <span class='ocrx_word' id='word_1_344' title='bbox 519 1978 615 2015; x_wconf 84' lang='lat' dir='ltr'><strong>Quod</strong></span> <span class='ocrx_word' id='word_1_345' title='bbox 629 1989 726 2021; x_wconf 88' lang='lat' dir='ltr'><strong>quum</strong></span> <span class='ocrx_word' id='word_1_346' title='bbox 741 1979 827 2011; x_wconf 89' lang='lat' dir='ltr'><strong>Crito</strong></span> <span class='ocrx_word' id='word_1_347' title='bbox 844 1983 994 2020; x_wconf 86' lang='lat' dir='ltr'><strong>cerneret,</strong></span> <span class='ocrx_word' id='word_1_348' title='bbox 1010 1989 1063 2010; x_wconf 88' lang='lat' dir='ltr'><strong>ora</strong></span> <span class='ocrx_word' id='word_1_349' title='bbox 1078 1978 1249 2020; x_wconf 88' lang='lat' dir='ltr'><strong>oculosque</strong></span> <span class='ocrx_word' id='word_1_350' title='bbox 1264 1977 1450 2019; x_wconf 84' lang='lat' dir='ltr'><strong>composuit.</strong></span> <span class='ocrx_word' id='word_1_351' title='bbox 1494 1977 1556 2009; x_wconf 86' lang='lat' dir='ltr'><strong>Hic</strong></span> <span class='ocrx_word' id='word_1_352' title='bbox 1570 1977 1642 2009; x_wconf 87' lang='lat' dir='ltr'><strong>finis</strong></span> 
     </span>
     <span class='ocr_line' id='line_1_32' title="bbox 180 2029 1641 2075; baseline 0.001 -13"><span class='ocrx_word' id='word_1_353' title='bbox 180 2029 243 2062; x_wconf 81' lang='lat' dir='ltr'><strong>fuit</strong></span> <span class='ocrx_word' id='word_1_354' title='bbox 257 2029 350 2062; x_wconf 86' lang='lat' dir='ltr'><strong>amici</strong></span> <span class='ocrx_word' id='word_1_355' title='bbox 364 2031 472 2068; x_wconf 87' lang='lat' dir='ltr'><strong>nostri,</strong></span> <span class='ocrx_word' id='word_1_356' title='bbox 489 2042 508 2063; x_wconf 92' lang='lat' dir='ltr'><strong>o</strong></span> <span class='ocrx_word' id='word_1_357' title='bbox 523 2031 722 2075; x_wconf 85' lang='lat' dir='ltr'><strong>Echecrates,</strong></span> <span class='ocrx_word' id='word_1_358' title='bbox 735 2033 805 2075; x_wconf 84' lang='lat' dir='ltr'><strong>viri,</strong></span> <span class='ocrx_word' id='word_1_359' title='bbox 820 2038 925 2065; x_wconf 84' lang='lat' dir='ltr'><strong>nostro</strong></span> <span class='ocrx_word' id='word_1_360' title='bbox 951 2034 1078 2075; x_wconf 90' lang='lat' dir='ltr'><strong>quidem</strong></span> <span class='ocrx_word' id='word_1_361' title='bbox 1101 2031 1239 2075; x_wconf 84' lang='lat' dir='ltr'><strong>judicio,</strong></span> <span class='ocrx_word' id='word_1_362' title='bbox 1254 2031 1405 2075; x_wconf 87' lang='lat' dir='ltr'><strong>omnium,</strong></span> <span class='ocrx_word' id='word_1_363' title='bbox 1419 2042 1497 2074; x_wconf 86' lang='lat' dir='ltr'><strong>quos</strong></span> <span class='ocrx_word' id='word_1_364' title='bbox 1519 2031 1641 2074; x_wconf 86' lang='lat' dir='ltr'><strong>experti</strong></span> 
     </span>
     <span class='ocr_line' id='line_1_33' title="bbox 184 2085 1166 2131; baseline 0.002 -16"><span class='ocrx_word' id='word_1_365' title='bbox 184 2094 302 2129; x_wconf 84' lang='lat' dir='ltr'><strong>sumus,</strong></span> <span class='ocrx_word' id='word_1_366' title='bbox 319 2085 431 2128; x_wconf 87' lang='lat' dir='ltr'><strong>optimi</strong></span> <span class='ocrx_word' id='word_1_367' title='bbox 447 2090 479 2118; x_wconf 92' lang='lat' dir='ltr'><strong>et</strong></span> <span class='ocrx_word' id='word_1_368' title='bbox 493 2086 633 2129; x_wconf 87' lang='lat' dir='ltr'><strong>apprime</strong></span> <span class='ocrx_word' id='word_1_369' title='bbox 648 2087 871 2130; x_wconf 79' lang='lat' dir='ltr'><strong>sapientissimi</strong></span> <span class='ocrx_word' id='word_1_370' title='bbox 886 2094 979 2131; x_wconf 85' lang='lat' dir='ltr'><strong>atque</strong></span> <span class='ocrx_word' id='word_1_371' title='bbox 989 2086 1166 2130; x_wconf 81' lang='lat' dir='ltr'><strong>justissimi.</strong></span> 
     </span>
    </p>
   </div>
   <div class='ocr_carea' id='block_1_3' title="bbox 578 2961 1245 3046">
    <p class='ocr_par' dir='ltr' id='par_1_3' title="bbox 578 2961 1245 3046">
     <span class='ocr_line' id='line_1_34' title="bbox 598 2961 1213 2997; baseline 0.002 -11"><span class='ocrx_word' id='word_1_372' title='bbox 598 2961 818 2986; x_wconf 73' lang='lat' dir='ltr'>EXCUDEBAT</span> <span class='ocrx_word' id='word_1_373' title='bbox 844 2964 878 2987; x_wconf 77' lang='lat' dir='ltr'><strong>A.</strong></span> <span class='ocrx_word' id='word_1_374' title='bbox 895 2964 925 2988; x_wconf 88' lang='lat' dir='ltr'><strong>s.</strong></span> <span class='ocrx_word' id='word_1_375' title='bbox 950 2963 1086 2997; x_wconf 56' lang='lat' dir='ltr'><strong>vimus,</strong></span> <span class='ocrx_word' id='word_1_376' title='bbox 1111 2965 1146 2987; x_wconf 79' lang='lat' dir='ltr'><strong>A.</strong></span> <span class='ocrx_word' id='word_1_377' title='bbox 1172 2963 1213 2987; x_wconf 81' lang='lat' dir='ltr'><strong>M.</strong></span> 
     </span>
     <span class='ocr_line' id='line_1_35' title="bbox 578 3008 1245 3046; baseline 0.003 -14"><span class='ocrx_word' id='word_1_378' title='bbox 578 3008 649 3032; x_wconf 69' lang='lat' dir='ltr'><strong>nan</strong></span> <span class='ocrx_word' id='word_1_379' title='bbox 678 3009 767 3034; x_wconf 62' lang='lat' dir='ltr'><strong>mou</strong></span> <span class='ocrx_word' id='word_1_380' title='bbox 795 3011 928 3046; x_wconf 58' lang='lat' dir='ltr'><strong>courir,</strong></span> <span class='ocrx_word' id='word_1_381' title='bbox 955 3010 1071 3036; x_wconf 64' lang='lat' dir='ltr'><strong>rii-:nr</strong></span> <span class='ocrx_word' id='word_1_382' title='bbox 1097 3011 1245 3035; x_wconf 70' lang='lat' dir='ltr'><strong>sransr.</strong></span> 
     </span>
    </p>
   </div>
  </div>
 </body>
</html>
