1846 3268
171 249 179 257 ’
211 279 305 330 197]
785 276 1114 317 conwvmm.
1600 281 1676 319 411

200 381 296 414 animi
323 382 490 414 offenderit
510 381 663 423 habitum,
681 379 826 423 aufugit3
854 380 903 412 sin
929 386 1034 412 autem
1061 381 1169 413 mitem
1191 380 1391 423 mollemque,
1414 382 1545 416 habitat.
1591 383 1673 415 Cum

198 437 308 478 itaque
334 437 576 469 mollissimarmn
598 445 698 467 rerum
724 434 921 466 mollissimas
943 446 1065 477 semper
1091 440 1193 477 partes
1220 436 1353 477 pedibus
1391 441 1522 478 totoque
1551 442 1672 479 tangat,

203 491 403 523 tenerrimum
423 501 491 522 esse
513 489 661 521 Amorem
683 499 812 520 necesse
835 494 892 522 est.
937 489 1138 530 Quapropter
1163 494 1195 520 et
1217 488 1345 530 juvenis
1371 493 1419 520 est
1444 494 1476 520 et
1500 496 1588 521 tener
1610 501 1673 532 prae

202 543 316 575 ceteris
343 543 454 576 Amor.
499 543 587 582 Quin
615 543 710 575 etiam
739 553 829 584 aquae
865 542 963 584 [196]
999 543 1097 573 instar
1127 542 1266 584 liquidus
1295 549 1344 574 est
1369 548 1403 575 et
1433 543 1583 577 lubricus.
1606 555 1670 576 non

203 598 288 630 enim
309 598 451 640 undique
471 608 527 639 per
548 608 672 629 omnem
694 597 829 628 animam
851 596 1064 628 circumfluere
1088 602 1195 638 posset
1216 601 1249 628 et
1270 597 1352 629 clam
1377 597 1508 630 influere
1527 602 1561 630 et
1585 598 1674 630 efflu-

201 662 253 684 ere
273 652 365 693 clam,
389 652 416 684 si
437 652 533 683 durus
552 662 590 684 nc
610 652 728 693 rigidus
752 655 846 684 esset.
893 649 987 693 Aptae
1015 660 1100 687 vero,
1115 651 1301 692 compositae
1325 650 1537 692 flexibilisque
1562 651 1670 683 fonnae

199 710 382 748 argumento
407 717 475 738 esso
498 706 674 738 formositas
700 709 817 747 potest,
841 705 902 738 hoe
927 709 976 736 est
999 704 1107 746 figurae
1130 704 1339 746 concinnitas,
1363 714 1426 746 qua
1449 703 1547 736 Amor
1569 704 1671 737 omni-

201 771 254 791 um
275 759 407 791 maxime
429 760 536 802 procul
559 760 658 791 dubio
681 760 846 791 decoratus
870 763 929 790 est.
953 757 1033 789 inter
1054 757 1283 789 deformitatem
1299 768 1389 799 porro
1415 762 1448 788 et
1466 768 1600 790 amorem
1621 763 1672 791 est

199 824 307 856 pugna
335 818 499 856 perpetua.
554 813 678 846 Coloris
707 823 834 856 quoque
862 812 1007 844 decorem
1027 811 1153 843 assidua
1172 811 1255 843 inter
1283 812 1375 843 fiores
1397 811 1549 845 habitatio
1575 811 1669 854 hujus

200 867 266 900 Dei
286 867 454 910 significat.
475 867 510 899 in
531 878 570 899 eo
591 867 757 909 siquidem,
786 867 873 909 quod
899 866 1026 898 floribus
1062 871 1148 898 caret
1173 870 1229 897 aut
1262 866 1424 908 defloruit,
1455 865 1521 898 sive
1553 876 1668 908 corpus

200 921 265 953 sive
289 921 411 953 animus
434 931 488 953 seu
514 921 648 964 quodvis
671 921 757 952 aliud
780 921 834 958 sit,
848 920 946 952 Amor
969 920 1036 963 ipse
1062 930 1126 951 non
1154 920 1291 952 insidet:
1316 920 1497 962 ubicunque
1521 930 1596 951 vero
1610 919 1670 950 flo-

199 974 286 1007 ridus
310 980 344 1006 et
365 975 500 1007 odorifer
525 980 574 1007 est
593 975 695 1016 locus,
711 974 882 1018 gratissime
904 974 1112 1016 conquiescit.
1157 974 1211 1005 De
1237 973 1332 1016 hujus
1348 974 1412 1006 Dei
1435 972 1668 1016 pulchritudine

200 1029 355 1070 permulta
376 1029 503 1072 insuper
515 1030 616 1062 afferri
637 1034 788 1072 possent:
811 1030 866 1061 sed
890 1028 950 1060 ista
971 1029 1140 1061 sufficiunt.
1164 1028 1328 1070 Deinceps
1350 1029 1391 1060 de
1408 1028 1521 1060 virtute
1545 1027 1668 1060 Amoris

201 1087 251 1114 est
265 1083 446 1117 dicendum.
491 1085 587 1122 Quod
611 1084 644 1115 in
666 1083 773 1125 primis
794 1082 919 1114 maximi
938 1082 1118 1115 faciendum
1144 1087 1204 1119 est,
1220 1081 1319 1114 Amor
1339 1093 1398 1114 nec
1413 1081 1560 1123 injuriam
1576 1081 1670 1113 infert

202 1136 276 1168 Deo
291 1137 339 1168 vel
354 1138 494 1178 homini3
519 1149 578 1171 nec
592 1148 612 1170 a
626 1137 699 1170 Deo
714 1137 763 1168 vel
779 1136 905 1170 homine
920 1135 1064 1178 injuriam
1078 1136 1205 1178 patitur.
1227 1146 1290 1167 non
1307 1135 1391 1167 enim
1411 1135 1479 1177 ipse
1495 1135 1527 1166 vi
1542 1134 1670 1176 patitur,

200 1192 228 1223 si
239 1192 316 1234 quid
331 1192 471 1234 patitur;
492 1203 565 1224 nam
588 1191 740 1223 violentia
765 1201 829 1222 non
852 1190 955 1232 tangit
967 1190 1114 1222 Amorem
1127 1202 1135 1221 ε
1160 1200 1263 1232 neque
1277 1190 1308 1221 vi
1322 1189 1414 1226 facit,
1430 1188 1457 1221 si
1472 1189 1548 1231 quid
1562 1189 1670 1221 faciat.

203 1245 336 1288 quisque
360 1246 442 1277 enim
469 1251 582 1288 sponte
605 1245 715 1277 Amori
740 1245 772 1276 in
798 1243 927 1285 singulis
953 1249 1052 1285 paret.
1074 1253 1272 1285 quaecunque
1298 1253 1371 1274 vero
1386 1242 1496 1274 volens
1515 1242 1671 1284 quispiam

202 1308 274 1330 cum
289 1299 415 1331 volente
429 1299 511 1331 ultro
523 1300 691 1337 contrahit,
702 1298 791 1341 justa
805 1298 972 1335 habentur,
995 1302 1029 1328 ut
1045 1297 1137 1339 regiae
1152 1296 1291 1328 civitatis
1306 1297 1390 1338 leges
1406 1300 1558 1327 statuunt.
1601 1295 1672 1330 Nee

198 1351 330 1393 justitiae
355 1353 467 1390 solum,
491 1363 598 1384 verum
625 1353 719 1384 etiam
747 1362 874 1382 summae
900 1356 948 1382 est
971 1351 1186 1392 temperantias
1212 1350 1384 1391 particeps.
1407 1349 1561 1391 siquidem
1589 1349 1671 1382 inter

200 1415 308 1437 omnes
322 1405 481 1444 convenit,
499 1406 733 1447 temperantiam
752 1415 819 1436 esse
836 1404 1020 1436 libidinibus
1035 1409 1068 1436 et
1079 1404 1294 1445 voluptatibus
1306 1403 1473 1440 dominari,
1487 1402 1669 1446 nullamque

200 1459 393 1501 voluptatem
410 1469 478 1490 esse
492 1469 596 1491 amore
611 1459 833 1501 potentiorem.
857 1458 942 1499 quod
967 1457 993 1489 si
1008 1458 1186 1499 voluptates
1206 1467 1315 1488 omnes
1330 1467 1435 1488 amore
1450 1456 1669 1491 imbecilliores

200 1518 286 1551 sunt,
301 1514 341 1545 ab
355 1513 409 1544 illo
425 1512 534 1555 utique
550 1517 745 1554 superantur,
761 1512 813 1543 ille
830 1521 903 1543 vero
918 1511 1109 1542 dominatur.
1153 1511 1252 1543 Amor
1268 1511 1386 1552 itaque,
1402 1510 1550 1552 quoniam
1564 1510 1670 1543 libidi-

200 1567 293 1600 nibus
303 1571 336 1599 et
351 1567 564 1608 voluptatibus
581 1566 772 1607 dominatur,
788 1566 897 1597 mirum
920 1565 953 1596 in
970 1566 1097 1596 modum
1113 1571 1159 1596 est
1177 1571 1365 1606 temperans.
1413 1565 1527 1602 Quoad
1544 1564 1668 1596 fortitu-

199 1621 307 1654 dinem
330 1626 492 1664 praeterea,
508 1630 611 1662 neque
635 1620 722 1651 Mars
745 1620 872 1661 quidem
897 1618 1003 1650 Amori
1028 1618 1153 1650 resistit.
1176 1629 1279 1660 neque
1303 1618 1387 1650 enim
1404 1617 1492 1650 Mars
1508 1618 1668 1655 Amorem,

199 1675 256 1708 sed
278 1675 378 1707 Amor
392 1675 539 1716 Veneris,
553 1680 589 1705 ut
610 1674 721 1715 fertur,
736 1674 869 1705 Martem
887 1673 1020 1705 detinet.
1044 1672 1204 1714 potentius
1225 1677 1329 1703 autern
1353 1677 1413 1710 est,
1438 1672 1523 1714 quod
1547 1672 1670 1704 detinet

200 1739 296 1772 quam
322 1729 407 1772 quod
432 1729 601 1760 detinetur.
625 1728 766 1769 quivero
789 1733 960 1760 ceterorum
984 1727 1151 1758 fortissimo
1175 1726 1364 1763 dominatur,
1387 1726 1525 1757 omnium
1550 1726 1668 1768 absque

202 1784 300 1815 dubio
314 1783 498 1814 fortissimus
512 1787 560 1814 est
581 1782 787 1824 judicandus.
833 1781 885 1813 De
906 1781 1031 1823 justitia
1046 1781 1140 1823 igitur
1156 1780 1424 1822 temperantiaque
1438 1784 1472 1811 et
1485 1779 1670 1811 fortitudine

200 1836 294 1878 hujus
307 1836 371 1868 Dei
383 1835 456 1868 satis
473 1841 522 1867 est
535 1836 666 1869 dictum.
713 1836 766 1868 De
781 1836 935 1878 sapientia
951 1835 1102 1876 deinceps
1113 1835 1283 1866 dicendum
1298 1838 1414 1865 restat:
1438 1834 1522 1875 quod
1540 1833 1669 1875 quidem

202 1901 257 1933 pro
273 1890 388 1922 viribus
401 1894 450 1923 est
464 1890 708 1931 exsequendum.
754 1889 929 1931 Principio,
946 1893 981 1920 ut
995 1894 1028 1920 et
1051 1888 1120 1930 ipse
1135 1892 1231 1919 artem
1248 1897 1361 1928 meam,
1377 1886 1508 1928 perinde
1522 1897 1559 1919 ac
1580 1897 1668 1920 suam

201 1944 440 1987 Eryximaehus,
462 1945 623 1985 honorem,
637 1943 689 1974 hic
710 1943 801 1974 Deus
816 1942 917 1985 poeta
931 1948 980 1974 est
993 1942 1073 1973 adeo
1092 1941 1229 1982 sapiens,
1247 1945 1281 1971 ut
1304 1940 1383 1971 alios
1408 1950 1534 1982 quoque
1556 1939 1669 1981 poetas

202 1998 303 2040 possit
324 1998 458 2030 efficere.
480 1997 613 2040 quilibet
635 1997 731 2034 enirn,
748 1996 821 2028 licet
843 2001 936 2027 antea
952 1995 1049 2032 rudis,
1077 1995 1175 2037 poeta
1196 1994 1315 2035 evadit,
1328 2004 1401 2025 cuni
1426 1994 1558 2035 primum
1572 1992 1671 2025 Amor

200 2051 362 2085 afflaverit.
384 2062 422 2083 ex
437 2062 501 2094 quo
518 2050 681 2093 perspicue
701 2049 878 2092 conjectare
895 2049 982 2086 licet,
992 2048 1141 2081 Amorem
1157 2048 1292 2091 peritum
1307 2058 1375 2079 esse
1391 2047 1531 2089 poetam,
1546 2058 1670 2079 omnes-

201 2116 264 2148 que
279 2105 455 2137 summatim
467 2105 602 2137 musicos
614 2105 720 2147 poEsis
735 2115 879 2136 numeros
895 2103 1068 2136 continere.
1090 2113 1163 2134 narn
1175 2112 1246 2144 quae
1260 2112 1319 2133 nec
1334 2102 1430 2133 habet
1443 2100 1555 2143 aliquis
1566 2111 1670 2143 neque

199 2159 316 2200 noscit,
331 2159 419 2190 alteri
433 2159 507 2190 dare
531 2158 628 2201 [197]
653 2158 703 2191 vel
723 2163 893 2190 monstrare
908 2168 972 2189 non
989 2162 1103 2199 potest.
1147 2156 1243 2193 Quod
1257 2156 1365 2197 utique
1381 2165 1437 2197 per
1450 2154 1574 2187 Amoris
1586 2154 1669 2196 sapi-

201 2213 317 2244 entiam
330 2212 475 2243 animalia
489 2217 604 2244 cuncta
620 2212 787 2254 gignantur
798 2217 893 2253 atque
906 2215 1085 2248 nascantur,
1102 2210 1173 2252 quis
1183 2209 1308 2241 dubitet
1321 2209 1332 2239 ?
1378 2207 1504 2240 Artium
1519 2213 1670 2250 praeterea

203 2266 385 2299 facultatem
400 2276 506 2299 nonne
522 2266 562 2297 ab
576 2266 637 2297 hoc
647 2266 721 2297 Deo
737 2265 816 2297 tradi
829 2265 995 2297 videmus?
1019 2275 1154 2307 eumque
1167 2263 1338 2300 hominem,
1354 2261 1446 2303 cujus
1465 2262 1517 2295 hic
1529 2267 1577 2293 est
1589 2271 1669 2303 prae-

198 2325 322 2362 ceptor,
342 2319 452 2362 quavis
475 2319 509 2351 in
532 2324 597 2351 arte
620 2319 797 2361 praecellere
820 2319 1001 2360 clarumque
1026 2318 1183 2350 evadere?
1207 2321 1317 2349 contra
1340 2326 1412 2347 vero
1437 2326 1522 2352 eum,
1547 2315 1602 2357 qui
1628 2314 1669 2346 ab

202 2374 321 2406 Amore
335 2383 398 2404 non
415 2373 562 2415 tangitur,
572 2373 607 2405 in
622 2374 754 2405 obscuro
764 2372 871 2414 jacere
884 2374 896 2404 ?
941 2373 1119 2414 Sagittandi
1138 2381 1286 2413 namque,
1302 2369 1448 2401 medendi
1462 2373 1494 2400 et
1505 2368 1671 2400 divinandi

200 2427 342 2469 peritiam
364 2427 509 2469 appetitu
530 2432 626 2468 atque
647 2437 752 2457 amore
777 2426 858 2457 duce
882 2426 1003 2457 invenit
1026 2425 1155 2467 Apollo,
1182 2423 1238 2466 qni
1263 2428 1312 2454 est
1326 2423 1450 2454 Amoris
1475 2421 1668 2463 discipulus:

201 2480 349 2514 musicam
368 2480 509 2511 similiter
520 2480 624 2512 Musae
637 2492 644 2510 ε
669 2480 817 2511 fabricam
830 2480 992 2511 Vulcanus
1006 2480 1141 2510 oerariam
1155 2489 1163 2508 ε
1187 2477 1315 2508 texendi
1327 2475 1490 2508 artificium
1502 2475 1647 2506 Minerva
1660 2485 1669 2505 ε

201 2533 351 2576 Juppiter
374 2533 515 2565 Deorum
538 2534 762 2576 hominumque
778 2534 1047 2576 gubernationem.
1092 2531 1249 2570 Quocirca
1265 2541 1312 2562 res
1327 2531 1468 2561 Deorum
1488 2529 1606 2560 Amore
1620 2528 1669 2559 in-

200 2587 393 2619 terveniente
419 2586 580 2628 dispositae
599 2592 684 2625 sunt,
702 2587 831 2625 Amore,
850 2588 994 2629 inquam,
1018 2585 1273 2629 pulchritudinis.
1295 2585 1525 2616 deformitatem
1547 2582 1666 2624 quippe

200 2650 265 2671 non
281 2640 422 2681 sequitur
443 2640 553 2672 Amor.
597 2640 702 2674 Antea
723 2652 811 2682 vero,
830 2646 866 2672 nt
887 2651 982 2684 supra
997 2641 1153 2676 dicebam,
1168 2638 1324 2681 permulta
1338 2642 1434 2679 atque
1448 2636 1566 2668 atrocia
1588 2636 1667 2666 inter

197 2693 287 2725 Deos
302 2698 429 2735 propter
438 2693 643 2726 Necessitatis
658 2705 798 2736 regnum,
811 2700 846 2726 ut
860 2695 987 2732 dicitur,
999 2694 1211 2736 contigerunt.
1234 2696 1400 2734 postquam
1416 2700 1487 2722 vero
1503 2689 1592 2720 Deus
1614 2688 1666 2719 bic

200 2759 238 2780 ex
255 2747 452 2790 pulchrorum
464 2747 619 2779 desiderio
634 2754 725 2779 natus
735 2753 794 2785 est,
813 2750 895 2781 bona
915 2748 1022 2779 omnia
1036 2753 1098 2778 tam
1114 2747 1153 2778 ad
1170 2746 1258 2777 Deos
1272 2755 1365 2787 qnam
1386 2745 1425 2776 ad
1439 2743 1580 2774 homines
1594 2751 1667 2783 pro-

199 2812 324 2834 venere.
368 2801 419 2832 Ita
435 2801 510 2832 mihi
525 2801 659 2838 videtur,
673 2812 693 2833 0
711 2802 855 2840 Phaedre,
872 2802 971 2833 Amor
986 2803 1055 2842 ipse
1070 2801 1202 2842 primum
1226 2799 1448 2842 pulcherrimus
1464 2796 1666 2838 optimusque

201 2865 281 2893 esse,
295 2855 410 2887 deinde
426 2855 499 2886 talia
518 2856 661 2897 quaedam
675 2856 787 2887 ceteris
807 2866 934 2898 quoque
949 2855 1062 2897 largiri.
1108 2854 1264 2886 Succurrit
1281 2853 1353 2884 mihi
1366 2852 1401 2882 in
1417 2847 1581 2892 praesentia
1599 2857 1664 2878 rne-

201 2909 314 2940 trieum
332 2909 480 2951 quiddam
493 2914 587 2951 atque
599 2909 788 2941 concinnum
801 2921 809 2940 ε
833 2909 896 2941 Hic
913 2909 1002 2940 Deus
1017 2914 1077 2950 est,
1089 2908 1142 2950 qui
1157 2917 1263 2949 pacem
1274 2906 1402 2947 largitur
1415 2901 1599 2935 hominibus.
1611 2899 1665 2941 qui

204 2962 287 2994 meri
312 2963 586 3004 tranquillitatem.
608 2963 662 3005 qui
683 2963 788 2997 ventis
809 2962 958 3005 requiem,
972 2961 1073 2996 cubile
1095 2960 1274 2995 viventibus
1298 2957 1494 2998 omniumque
1513 2961 1666 2986 securum.
