1846 3268
222 257 304 295 228
836 252 1102 294 PLATONIS
1602 257 1698 308 [522

223 359 339 391 minem
362 362 489 390 accusat
506 358 675 389 insontem.
721 355 872 387 Profecto
899 356 977 387 nihil
1005 355 1116 388 mirum
1140 355 1234 397 foret,
1246 355 1271 387 si
1294 361 1392 388 morte
1416 356 1590 391 damnarer.
1634 356 1698 391 Vis

225 412 284 444 tibi
309 412 425 453 dicam,
441 422 534 454 quam
557 411 598 442 ob
621 419 747 442 causam
772 410 840 441 haec
856 411 1060 452 exspectem?
1106 409 1193 442 Cn..
1216 410 1300 442 Volo
1315 411 1475 452 equidem.
1519 411 1575 444 So.
1599 411 1705 445 Arbi-

230 472 294 498 tror
307 466 466 508 equidem,
482 472 530 496 me
547 475 610 496 una
632 475 703 496 cnm
728 464 836 505 paucis
850 463 1109 501 Atheniensibus,
1129 475 1170 496 ne
1195 464 1298 496 dicam
1322 466 1576 507 solumLcivilem
1602 466 1701 498 disci-

226 521 347 563 plinam
363 531 394 552 re
411 530 482 552 vera
496 524 638 555 tractare,
655 528 768 560 meque
784 518 883 549 solum
901 529 939 549 ex
956 519 1100 550 omnibus
1124 519 1178 561 qui
1201 529 1286 551 nunc
1312 524 1396 559 sunt,
1412 519 1520 551 civilia
1545 530 1700 554 exercere.

227 580 340 616 utpote
355 575 409 616 qui
426 574 521 616 igitur
534 583 598 604 non
615 573 654 604 ad
673 572 802 614 gratiam
820 572 911 603 verba
927 573 1021 609 facio,
1036 583 1107 614 quae
1124 578 1155 604 et
1169 572 1418 614 frequentissime
1432 573 1528 612 facio,
1541 575 1595 606 sed
1609 575 1649 605 ad
1665 574 1702 605 id

229 629 351 670 potius,
367 629 452 670 quod
469 628 624 670 optimum
641 627 692 663 sit,
707 637 800 668 quam
817 627 904 668 quod
920 626 1134 658 dulcissimum
1150 639 1158 658 ε
1181 637 1284 669 neque
1311 638 1361 665 ea,
1377 628 1416 659 ad
1432 638 1502 669 quae
1517 628 1606 670 quasi
1620 638 1704 670 prae-

226 683 310 715 clara
326 683 471 724 qnaedam
487 687 520 713 tu
537 692 622 713 nunc
649 682 808 712 monendo
835 680 1016 717 exhortaris.
1043 681 1162 723 recipio
1189 692 1238 712 me
1263 681 1438 713 facturum:
1462 681 1606 713 nimirum
1624 683 1702 724 quid

228 737 428 779 potissimum
441 737 472 767 in
487 735 612 778 judicio
629 736 744 777 dicam,
759 745 824 766 non
841 736 953 767 habco.
999 734 1042 766 Et
1057 746 1140 767 nune
1157 735 1285 777 quidem
1305 735 1438 767 recurrit
1464 735 1538 766 mihi
1553 745 1655 768 rursus
1668 735 1707 767 in

227 796 365 822 mentem
382 790 468 832 quod
484 790 524 821 ad
541 789 654 820 Polum
671 789 821 819 dixeram.
842 787 888 820 ita
903 789 988 820 enim
1005 789 1044 819 de
1060 799 1109 819 me
1119 788 1325 827 judicaretur,
1341 790 1605 831 quemadmodum
1622 790 1705 822 inter

227 855 341 888 pueros
356 845 398 876 de
413 844 550 881 medico,
567 854 660 885 quem
677 842 870 875 accusaverit
883 853 1016 885 coquus.
1062 843 1237 875 Considera
1252 845 1347 880 enim,
1363 854 1426 885 qua
1446 854 1479 876 se
1503 845 1623 876 ratione
1643 846 1706 877 de-

226 899 368 930 senderet
384 896 536 935 medicus,
555 898 606 929 die
626 898 685 929 sibi
708 898 792 939 apud
816 907 932 938 pueros
956 898 1055 935 dicta,
1070 898 1096 928 si
1121 893 1276 940 quiscum
1293 898 1340 930 his
1356 899 1457 930 verbis
1470 904 1617 931 accuset:
1642 900 1704 932 Vir

225 953 298 993 iste,
313 964 331 985 o
348 954 450 996 pueri,
466 953 565 984 multa
577 952 666 984 vobis
680 952 789 983 intulit
804 952 898 983 mala.
920 962 993 983 nam
1009 957 1042 983 et
1058 963 1112 983 vos
1127 959 1160 984 et
1175 953 1307 984 minores
1323 953 1416 984 etiarn
1432 958 1548 984 vestros
1562 955 1702 986 secando

223 1008 408 1050 urendoque
424 1011 621 1048 contorquet,
637 1012 670 1037 et
685 1011 852 1037 attenuans
877 1006 1099 1048 suffocansque
1124 1006 1221 1048 [522]
1246 1006 1388 1047 afflictat,
1403 1012 1554 1047 praeterea
1574 1007 1703 1038 amaris*

225 1062 320 1093 simos
334 1062 454 1103 praebet
466 1066 572 1103 potu-⁸3,
584 1066 616 1092 et
628 1061 667 1092 ad
681 1060 794 1092 famem
807 1059 953 1102 sitimque
968 1070 1025 1091 vos
1039 1066 1139 1102 urget.
1163 1070 1223 1102 ego
1240 1071 1312 1091 vero
1329 1065 1438 1091 contra
1454 1060 1552 1091 multa
1565 1065 1598 1092 et
1611 1061 1703 1093 varia·

226 1114 398 1158 suaviaque
411 1115 500 1146 vobis
514 1125 603 1158 paro.
650 1114 683 1146 Si
700 1115 778 1151 haec,
790 1114 936 1160 inquam,
952 1124 1072 1156 coquus
1089 1114 1210 1146 deferat
1225 1120 1400 1152 accusator,
1423 1114 1574 1156 quidnam
1590 1125 1705 1147 censes

225 1170 288 1201 hoc
304 1169 550 1201 circumventum
566 1169 648 1200 malo
665 1168 820 1200 medicum
849 1168 1090 1211 responsurum?
1137 1167 1191 1200 An
1206 1168 1286 1200 forte
1299 1178 1372 1200 vera
1386 1168 1556 1214 fatebitur,
1569 1168 1679 1201 dicens
1692 1180 1704 1201 ε

228 1224 309 1256 Haee
337 1224 498 1266 equidem,
521 1235 540 1255 o
568 1223 669 1266 pueri,
697 1223 838 1255 sanitatis
851 1228 961 1255 vestrae
987 1224 1086 1266 gratia
1109 1223 1194 1256 feei?
1239 1223 1283 1254 At
1297 1233 1371 1255 vero
1395 1232 1489 1264 quam
1504 1223 1706 1255 vehementer

229 1282 323 1320 putas
334 1277 462 1319 judices
478 1277 635 1319 ejusmodi
651 1277 872 1309 reclamaturos
891 1288 961 1309 esse
975 1278 986 1308 ?
1033 1278 1119 1309 Cn..
1143 1277 1357 1309 Vehementer
1379 1277 1509 1309 fortasse
1525 1277 1703 1318 putandum

227 1337 287 1364 est.
333 1332 388 1364 So.
411 1331 530 1363 Nonne
541 1332 636 1373 igitur
652 1336 743 1373 putas
754 1331 789 1362 in
804 1332 939 1363 maxima
953 1342 1024 1363 eum
1048 1331 1255 1373 ambiguitate
1276 1331 1449 1372 inopiaque
1463 1340 1528 1362 suae
1543 1330 1705 1362 deformio-

229 1385 280 1418 nis
296 1390 371 1417 tunc
387 1385 545 1417 detineri?
593 1385 679 1417 Car..
704 1385 846 1417 Prorsus.
891 1386 947 1418 So.
970 1385 1058 1417 Idem
1076 1385 1151 1416 mihi
1176 1385 1253 1421 scio,
1275 1385 1300 1415 si
1320 1385 1358 1415 in
1378 1383 1536 1425 judicium
1557 1385 1705 1426 traherer,-
1752 1416 1757 1419 ,

234 1440 386 1472 eveniret.
409 1449 513 1482 neque
529 1439 613 1470 enirn
630 1440 809 1482 voluptates
823 1440 904 1471 ullas
919 1450 937 1471 a
951 1450 1003 1470 me
1026 1440 1066 1470 ad
1087 1450 1194 1470 eorum
1222 1438 1384 1470 libidinem
1411 1439 1554 1470 inventas
1565 1448 1704 1471 comme-

229 1504 349 1526 morare
365 1503 504 1535 possem,
518 1503 595 1535 quas
618 1493 680 1534 ipsi
703 1493 848 1524 beneficii
874 1492 1084 1535 utilitatisque
1105 1493 1176 1524 loco
1201 1493 1390 1525 existimant.
1419 1503 1480 1534 ego
1495 1502 1567 1524 vero
1582 1503 1704 1535 nequa-

230 1557 338 1589 quam.
348 1568 350 1571 -
361 1557 420 1578 nec
434 1547 592 1592 ministros
607 1547 738 1589 quidem
753 1558 858 1578 earum
875 1547 987 1588 probo,
1003 1558 1106 1589 neque
1114 1536 1176 1578 'eos
1201 1547 1242 1577 ob
1265 1547 1310 1585 id,
1325 1545 1439 1588 quibus
1455 1547 1643 1588 praebentur,
1655 1546 1703 1578 fe-

229 1601 354 1633 liciores
369 1601 526 1633 existimo.
572 1601 730 1632 Praeterea
746 1601 771 1632 si
786 1599 856 1643 quis
871 1611 921 1632 me
937 1600 1025 1632 dicat
1044 1601 1094 1632 vel
1118 1611 1315 1642 cormmpere
1336 1599 1536 1642 juventutem
1556 1599 1588 1631 in
1605 1599 1714 1644 ambi--

230 1654 383 1696 guitatem
408 1655 614 1697 inopiamque
638 1656 828 1687 deducendo
842 1667 851 1694 ;
874 1655 924 1687 vel
948 1655 1122 1696 improbare
1148 1655 1285 1686 seniores
1301 1653 1500 1686 mordacibus
1513 1654 1702 1697 quibusdam
1744 1679 1747 1682 .

230 1708 333 1743 verbis
347 1709 397 1740 vel
413 1709 557 1751 privatim
574 1709 623 1740 vel
639 1709 766 1751 publice
780 1721 787 1740 :
810 1719 874 1740 non
890 1709 1015 1740 dabitur
1027 1708 1104 1739 milii
1122 1708 1185 1740 veri
1205 1708 1333 1740 dicendi
1347 1707 1493 1745 facultas,
1517 1708 1576 1740 Me
1589 1708 1703 1740 videli-

231 1767 284 1794 cet
294 1762 382 1804 juste
397 1763 465 1794 haec
481 1762 721 1800 omniawdicere,
737 1765 908 1804 e’orumqne
932 1762 1071 1804 ipsorum
1084 1762 1237 1793 duntaxat
1253 1762 1379 1793 utilitati
1396 1762 1585 1794 consulere:'
1601 1773 1704 1805 neque

231 1817 318 1848 aliud
335 1818 505 1859 quicquam
524 1817 634 1848 afferre
650 1816 743 1849 facile
759 1822 880 1859 potero.
904 1817 1105 1858 quamobrem
1121 1816 1249 1848 forsitan
1276 1817 1350 1847 nihil
1373 1821 1432 1858 est,
1446 1817 1533 1858 quod
1554 1817 1704 1849 adversus

231 1881 281 1901 me
298 1881 363 1902 non
377 1871 607 1902 decerneretur.
654 1870 741 1902 Cn..
767 1870 904 1901 Videtur
920 1881 993 1912 ergo
1008 1870 1076 1906 tibi,
1092 1881 1110 1901 o
1125 1870 1280 1907 Socrates,
1297 1871 1378 1901 bene
1393 1881 1428 1902 se
1451 1870 1578 1908 habere,
1598 1871 1653 1913 qui
1668 1872 1703 1902 in

229 1925 359 1956 civitate
381 1925 453 1956 talis
469 1925 522 1964 sit,
538 1930 574 1955 ut
588 1925 646 1955 sibi
659 1925 719 1966 ipsi
735 1929 874 1966 nequeat
893 1924 1038 1967 praesidio
1055 1925 1143 1955 fore?
1188 1925 1243 1956 So.
1267 1925 1371 1955 Modo
1397 1925 1457 1956 hoc
1479 1924 1520 1955 sit
1534 1924 1566 1955 in
1581 1924 1670 1966 ipso,
1681 1935 1703 1956 o

232 1978 392 2015 Callicles,
403 1979 488 2020 quod
503 1983 536 2009 tu
551 1979 665 2020 saepius
678 1979 878 2015 consensisti,
894 1983 930 2009 ut
946 1978 1070 2009 sibimet
1083 1978 1115 2009 id
1127 1978 1233 2009 anxilii
1248 1983 1391 2019 praestare
1405 1977 1514 2020 possit,
1523 1988 1588 2019 quo
1599 1988 1703 2020 neque

232 2033 382 2064 adversus
396 2033 540 2064 homines
555 2043 658 2075 neque
673 2033 820 2064 adversus
836 2033 913 2064 deos
926 2032 1040 2074 injuste
1054 2033 1172 2074 aliquid
1189 2033 1298 2064 fecerit
1313 2037 1368 2063 aut.
1382 2031 1508 2064 dixerit.
1538 2032 1598 2063 hoc
1617 2033 1701 2064 enim

231 2087 338 2119 auxilii
354 2098 452 2129 genus
468 2091 612 2129 praestare
629 2087 700 2129 sibi,
715 2087 905 2129 saepiusjam
916 2088 1131 2119 consensimus
1143 2087 1294 2129 optimum
1308 2097 1386 2118 esse..
1416 2085 1451 2117 Si
1465 2087 1534 2128 quis
1546 2086 1704 2128 igitnrme

233 2142 414 2179 convincat,
426 2141 582 2183 ejusmodi
596 2141 747 2172 auxilium
763 2142 838 2172 mibi
852 2141 899 2173 vel
911 2141 981 2173 aliis
993 2142 1102 2173 afferre
1114 2152 1177 2172 non
1188 2152 1292 2183 posse,
1306 2140 1415 2183 procul
1428 2141 1526 2172 dubio
1539 2141 1704 2172 erubesce-

230 2206 308 2234 rem,
322 2196 385 2227 sive
401 2196 482 2227 inter
497 2195 611 2226 multos
626 2195 692 2226 sive
707 2195 787 2226 inter
802 2205 919 2236 paucos
934 2196 999 2226 sive
1013 2196 1097 2227 solus
1112 2205 1130 2226 a
1146 2195 1212 2226 solo
1226 2195 1335 2226 fuerim
1350 2195 1544 2236 redargutus.
1589 2193 1707 2235 Itaque

229 2250 255 2281 si
273 2255 400 2292 propter
413 2250 494 2281 hanc
511 2250 729 2290 impotentiam
746 2260 888 2287 morerer,
906 2249 1038 2291 graviter
1053 2250 1175 2281 ferrern.
1199 2249 1245 2280 sin
1265 2253 1368 2279 autem
1383 2249 1424 2279 ob
1435 2246 1618 2279 adulatoria
1632 2247 1711 2278 rhet

228 2304 338 2336 toricae
348 2305 506 2336 defectum
519 2304 630 2335 ultimo
642 2304 799 2346 supplicio
810 2304 958 2341 afficerer,
970 2310 1054 2336 certo
1067 2305 1144 2341 scio,
1156 2309 1186 2335 te
1198 2303 1411 2344 inspecturum
1427 2312 1476 2332 me
1488 2306 1617 2332 mortem
1634 2311 1704 2343 per-

230 2357 323 2390 facile
333 2358 553 2400 perferentem.
567 2369 638 2390 nam
652 2359 726 2397 mori
743 2358 870 2400 quidem
887 2359 992 2390 nullus
1005 2358 1162 2394 formidat,
1179 2357 1239 2388 nisi
1251 2356 1380 2387 omnino
1392 2354 1521 2390 rationis
1529 2360 1704 2397 expers-at-

231 2421 294 2453 que
304 2411 436 2452 ignavus
449 2423 456 2442 :
480 2411 598 2452 injuste
613 2416 716 2442 autem
734 2422 767 2442 se
783 2422 888 2453 gerere
901 2411 1058 2442 formidat.
1103 2410 1218 2447 Multis
1233 2410 1315 2441 eninr
1330 2409 1468 2451 peccatis
1479 2409 1703 2446 refertamvani·

230 2475 312 2496 mam
325 2466 364 2496 ad
376 2465 491 2496 inferos
503 2466 706 2503 descendere,
721 2470 890 2497 extremum
899 2465 1040 2497 omnium
1053 2470 1099 2496 est
1112 2465 1274 2495 malorum.
1310 2463 1448 2494 Proinde
1457 2463 1481 2494 si
1492 2463 1550 2503 viz,
1563 2462 1596 2494 id
1610 2461 1656 2494 itu
1671 2473 1706 2494 se

229 2520 357 2556 habere,
372 2520 522 2551 rationem
539 2521 670 2552 reddere
686 2521 768 2552 volo.
814 2520 864 2552 CA
871 2530 901 2551 1..
925 2519 1026 2551 Immo
1041 2530 1125 2556 vero,
1137 2529 1207 2551 curn
1217 2524 1320 2550 cetera
1335 2517 1514 2559 perfecerisi,
1529 2517 1590 2548 hoc
1605 2515 1701 2548 etiam

230 2574 359 2616 perfice.
384 2574 480 2615 [523]
503 2574 560 2605 So.
584 2574 671 2605 Audi
687 2574 792 2616 igitur,
810 2578 846 2605 ut
870 2574 972 2614 aiunt,
991 2573 1231 2614 pulcherrimum
1255 2582 1441 2608 sermonem,
1463 2581 1558 2613 quem
1575 2569 1703 2602 tenibi-

230 2633 294 2658 tror
308 2626 446 2658 fabulam
463 2633 643 2669 putaturum
659 2639 667 2660 ε
692 2639 752 2670 ego
765 2639 836 2659 vcro
854 2638 915 2658 non
932 2627 1082 2664 fabulam,
1099 2629 1152 2659 sed
1170 2637 1355 2658 sermonem.
1379 2636 1451 2656 nam
1467 2630 1619 2667 tanquam
1633 2633 1705 2655 vern

231 2691 304 2722 quae
319 2681 459 2713 dicturus
471 2692 551 2718 sum,
566 2682 622 2713 tibi
645 2683 785 2714 narrabo.
832 2682 990 2719 Profecto,
1007 2682 1272 2724 quemadmodum
1290 2681 1335 2712 ait
1358 2680 1526 2716 Homerus,
1539 2677 1710 2719 Juppiter.-

231 2735 405 2777 Neptunus
420 2741 452 2766 et
467 2734 562 2766 Pluto
576 2746 719 2778 regnum,
734 2736 819 2779 quod
831 2740 1022 2778 acceperunt
1036 2746 1055 2767 a
1070 2741 1170 2778 patre,
1187 2735 1269 2766 inter
1280 2745 1312 2766 se
1325 2734 1507 2765 diviserunt.
1552 2730 1706 2763 Eutnbat

232 2794 336 2821 autem
348 2788 403 2820 Jex
418 2789 458 2821 de
473 2789 651 2821 hominibus
667 2791 725 2821 sub
741 2791 887 2826 Saturno,
903 2796 937 2830 et
950 2800 1072 2832 semper
1088 2795 1120 2821 et
1137 2800 1222 2821 nunc
1239 2789 1332 2820 etium
1349 2792 1451 2819 exstat
1465 2785 1549 2828 apud
1563 2785 1653 2825 deos,
1669 2791 1704 2816 ut

234 2843 417 2886 quicunque
431 2842 672 2885 hominesjuste
689 2845 803 2886 pieque
820 2844 914 2875 vitam
930 2844 1080 2886 egissent,
1092 2855 1163 2876 cuni
1180 2855 1198 2875 e
1214 2843 1278 2875 vita
1293 2843 1470 2883 migrarent,
1486 2839 1525 2871 ad
1543 2839 1706 2870 beatorum

230 2897 350 2928 insulas
365 2896 498 2938 profecti
514 2897 547 2927 in
565 2898 649 2928 omni
666 2898 819 2930 felicitate
836 2899 987 2935 viverent,
1005 2909 1022 2929 a
1038 2899 1127 2930 malis
1141 2899 1233 2939 longe
1249 2895 1384 2938 sejuncti
1399 2905 1407 2926 ε
1431 2893 1488 2936 qui
1503 2903 1575 2924 vero
1585 2891 1707 2934 injuste

231 2951 389 2994 impieque
404 2951 564 2990 vixissent,
581 2952 612 2983 in
632 2952 804 2993 punitionis
826 2952 979 2995 justique⁸
990 2953 1138 2995 supplicii
1165 2962 1332 2993 carcerem,
1348 2949 1435 2992 quod
1451 2947 1614 2991 appellant
1627 2946 1706 2978 Tar,
