1846 3268
240 274 315 312 124
838 268 1105 311 PLAT0N1S
1607 269 1704 324 [157

233 375 414 409 consistere.
438 375 553 408 etenim
569 376 688 418 absque
700 375 958 406 transmutatione
973 375 1041 406 haec
1058 373 1125 416 pati
1140 372 1261 416 nequit.
1306 372 1440 416 Nequit.
1484 371 1622 415 Tempus
1630 381 1707 405 vero

233 430 354 462 nullum
367 435 427 471 est,
440 430 472 461 in
484 440 548 472 quo
569 429 732 472 quippiam
748 428 793 461 sic
809 429 922 460 habere
938 439 970 460 se
986 428 1095 471 possit,
1119 432 1156 459 ut
1171 427 1260 459 simul
1278 437 1380 469 neque
1397 433 1470 464 stet,
1491 437 1594 469 neque
1610 427 1704 458 etiam

233 490 404 516 moveatur.
450 484 593 516 Nullum.
639 483 862 515 Verumtamen
886 493 989 525 neque
1016 482 1127 514 transit
1153 482 1270 523 absque
1297 482 1565 513 transmutatione.
1609 481 1708 512 Haud

232 543 480 570 consentaneum
504 543 597 569 esset.
642 538 781 575 Quando
806 547 880 579 ergo
905 536 1038 568 transit?
1061 546 1164 578 neque
1190 535 1273 567 enim
1300 537 1376 567 dum
1405 540 1479 576 stat,
1503 545 1606 577 neque
1630 535 1707 565 dum

232 597 390 633 movetur,
403 592 524 630 transit,
543 600 647 634 neque
669 592 745 623 dum
768 591 800 623 in
826 597 969 634 tempore
984 596 1043 622 est.
1087 590 1163 622 Non
1193 595 1288 622 certe.
1333 589 1387 621 An
1410 594 1458 621 est
1482 590 1543 621 hoc
1565 588 1707 620 mirabile

233 646 397 690 quiddam,
427 646 461 677 in
487 656 551 687 quo
578 651 654 677 tunc
677 650 737 683 est,
761 656 831 678 cum
858 645 993 677 transit?
1040 645 1227 683 Quidnam?
1272 643 1472 675 Momentum
1495 643 1708 682 individuum,
1740 643 1743 646 ⁴

231 700 375 742 inquam.
398 701 459 732 hoc
485 700 567 731 enim
592 705 796 737 momentum,
819 704 937 731 certum
961 699 1115 741 quiddam
1137 698 1307 740 significat,
1332 708 1368 729 ex
1397 708 1461 740 quo
1486 697 1519 728 in
1541 701 1707 738 utrumque

232 754 392 787 transitur.
415 764 521 796 neque
542 754 625 786 enim
642 765 679 785 ex
695 759 790 791 statu,
813 754 888 785 dum
913 758 986 791 stat,
1007 763 1111 795 neque
1132 763 1170 784 ex
1197 756 1296 789 motu,
1322 752 1397 782 dum
1426 755 1578 787 movetur,
1605 750 1708 781 adhuc

233 808 364 840 transit:
388 819 495 840 verum
519 814 739 840 momentanea
754 809 824 850 ipsa
848 812 959 839 natura
979 813 1076 850 atque
1097 807 1251 843 miranda,
1277 806 1381 837 media
1403 812 1506 836 motus
1531 803 1710 846 quietisque

233 862 456 904 interponitur,
470 872 507 895 ac
519 863 607 894 nullo
623 873 746 905 prorsus
761 862 795 894 in
813 867 954 904 tempore
979 867 1040 904 est,
1062 872 1121 894 nec
1137 871 1201 893 non
1217 861 1251 891 in
1266 861 1347 891 hanc
1361 864 1456 901 atque
1471 869 1509 891 ex
1530 858 1601 895 hac,
1625 857 1711 900 quod

233 921 352 948 motum
368 922 428 954 est,
444 917 554 948 transit
566 917 598 948 in
613 922 741 954 statum,
765 922 798 949 et
812 917 898 958 quod
923 916 1058 958 quievit,
1082 916 1115 947 in
1139 920 1270 947 motum.
1317 913 1472 956 Apparet.
1519 911 1627 944 Unum
1647 911 1711 942 ita·

233 981 307 1013 que,
324 970 351 1002 si
366 971 494 1013 quidem
510 975 574 1002 stat
588 975 684 1013 atque
696 976 851 1007 movetur,
873 970 906 1002 in
922 975 1054 1011 utraque
1069 969 1178 1011 procul
1195 969 1294 1000 dubio
1310 967 1432 999 transit.
1453 966 1521 998 solo
1540 966 1624 998 enirn
1647 966 1709 997 hoc

232 1025 329 1056 modo
345 1029 476 1066 utraque
491 1025 580 1058 facit.
603 1025 754 1056 transiens
770 1030 889 1062 autem,
912 1029 1073 1055 momento
1092 1022 1260 1054 individuo
1281 1022 1412 1053 transit:
1437 1031 1572 1063 cumque
1587 1019 1711 1062 migrat,

233 1078 322 1110 nullo
338 1079 370 1110 in
384 1083 526 1121 tempore
541 1083 599 1120 est,
613 1089 717 1121 neque
732 1083 794 1110 stat
809 1083 896 1119 tunc,
911 1088 1015 1120 neque
1027 1082 1180 1109 movetur.
1225 1076 1375 1108 Minime.
1421 1074 1585 1116 Numquid
1597 1074 1711 1105 eodem

235 1133 332 1164 modo
348 1133 389 1164 ad
404 1137 523 1165 ceteras
540 1133 729 1164 mutationes
745 1143 813 1164 sese
829 1133 923 1163 habet
937 1132 948 1163 ?
972 1132 1102 1173 quando
1117 1142 1154 1163 ex
1171 1130 1242 1172 ipso
1258 1140 1326 1162 esse
1349 1129 1382 1160 in
1405 1129 1564 1162 interitum
1586 1128 1709 1170 migrat,

237 1187 337 1230 [157]
361 1186 410 1219 vel
426 1198 464 1218 ex
481 1198 544 1218 non
560 1197 628 1218 esse
644 1187 677 1218 in
693 1187 797 1229 ipsum
814 1187 882 1219 fieri
896 1199 903 1218 :
928 1187 1066 1218 medium
1081 1191 1156 1217 tunc
1173 1185 1210 1215 fit
1224 1184 1423 1227 quorundam
1440 1187 1580 1215 motuum
1593 1193 1630 1214 ac
1646 1187 1710 1213 sta-

235 1246 352 1281 tuum3
376 1251 435 1273 nec
451 1247 500 1273 est
522 1246 612 1280 tunc,
637 1252 740 1283 neque
765 1252 830 1272 non
855 1246 913 1279 est,
934 1252 1042 1283 neque
1067 1241 1104 1271 fit
1129 1239 1237 1282 etiam,
1260 1249 1364 1281 neque
1389 1237 1519 1269 interit?
1564 1236 1713 1268 Videtur.

236 1295 358 1329 Eadem
374 1306 502 1338 quoque
517 1296 637 1327 ratione
653 1306 691 1327 ex
709 1306 772 1327 uno
789 1296 922 1338 migrans
942 1295 976 1327 in
998 1294 1107 1335 multa,
1132 1287 1164 1326 et
1188 1305 1206 1326 e
1231 1293 1337 1325 multis
1352 1293 1384 1324 in
1400 1302 1509 1330 unum,
1530 1301 1591 1323 nec
1611 1301 1709 1322 unum

236 1354 295 1387 est,
311 1361 416 1392 neque
433 1351 544 1388 multa,
571 1361 630 1382 nec
655 1356 876 1392 congregatur,
903 1361 1005 1392 neque
1032 1349 1250 1391 disgregatur:
1274 1352 1306 1379 et
1321 1358 1359 1379 ex
1373 1346 1467 1378 simili
1488 1345 1521 1377 iu
1545 1344 1710 1381 dissimile,

235 1415 403 1447 rursusque
418 1415 456 1436 ex
471 1405 617 1436 dissimili
633 1405 663 1436 in
679 1404 781 1436 simile
798 1405 944 1447 migrans,
960 1415 1020 1437 nec
1035 1404 1148 1442 simile,
1171 1413 1274 1445 neque
1290 1400 1453 1438 dissimile,
1476 1410 1579 1442 neque
1591 1399 1713 1431 assimi-

234 1458 347 1496 latum,
362 1469 479 1502 neque,
503 1464 539 1490 ut
564 1459 609 1491 ita
627 1460 743 1497 dicam,
768 1460 1000 1497 dissimilatum,
1024 1464 1057 1491 et
1080 1470 1119 1491 ex
1139 1469 1235 1500 parvo
1257 1457 1291 1488 in
1311 1466 1471 1498 magnum,
1492 1460 1526 1487 et
1549 1455 1581 1486 in
1607 1454 1712 1496 ipsum

235 1513 370 1555 aequale,
386 1518 419 1544 et
433 1514 588 1545 contraria
602 1514 767 1551 transiens,
790 1524 854 1545 non
879 1523 1022 1555 parvum,
1045 1523 1111 1544 non
1130 1522 1290 1554 magnum,
1311 1516 1376 1542 non
1398 1519 1552 1546 crescens,
1574 1519 1638 1540 non
1653 1508 1712 1540 de-

235 1576 390 1608 crescens,
405 1578 473 1599 non
489 1568 672 1611 adaequans.
718 1567 793 1599 Non
810 1568 943 1601 videtur.
988 1568 1068 1599 Haec
1084 1567 1180 1609 igitur
1193 1566 1350 1606 universa,
1364 1575 1461 1596 unum
1477 1563 1503 1596 si
1512 1568 1572 1601 est,
1584 1563 1711 1606 patitur.

235 1620 382 1658 Quidni?
428 1622 482 1653 An
503 1633 567 1653 non
593 1622 855 1654 considerandum
878 1627 926 1653 est
943 1621 1022 1664 quid
1047 1625 1198 1663 praeterea
1213 1619 1373 1662 patiantur
1387 1617 1460 1655 alia,
1485 1617 1511 1648 si
1526 1627 1623 1648 unum
1639 1617 1711 1648 est?

236 1675 523 1708 Considerandum.
568 1676 770 1718 Dicimusne,
794 1675 902 1708 Unum
928 1676 952 1707 si
979 1680 1040 1717 est,
1062 1675 1125 1706 alia
1150 1675 1189 1706 ab
1217 1685 1280 1705 uno
1305 1672 1372 1715 pati
1396 1671 1517 1714 aliquid
1540 1671 1708 1713 oportere?

234 1728 394 1761 Dicimus.
437 1729 555 1761 Nonne
569 1730 644 1772 quia
659 1730 720 1762 alia
735 1735 819 1767 sunt,
835 1740 927 1773 qnam
943 1740 1054 1770 unum,
1069 1739 1135 1760 non
1150 1738 1246 1760 unum
1258 1727 1352 1759 sunt?
1374 1726 1515 1769 alioquin
1530 1726 1604 1763 alia,
1616 1737 1712 1769 quam

235 1794 347 1822 unum,
368 1795 433 1816 non
449 1790 564 1816 essent.
610 1784 722 1816 Probe.
767 1782 844 1816 Non
860 1790 966 1817 tamen
989 1785 1114 1827 penitus
1138 1793 1204 1815 uno
1228 1783 1350 1825 privata
1370 1787 1455 1819 sunt,
1477 1781 1533 1813 sed
1558 1782 1713 1823 quodam-

235 1838 332 1869 modo
347 1849 411 1870 uno
427 1839 631 1881 participant.
677 1839 751 1876 Qua
765 1838 910 1870 ratione?
957 1838 1116 1876 Quoniam
1133 1838 1195 1869 alia
1218 1837 1258 1868 ab
1274 1846 1351 1878 uno,
1364 1846 1402 1867 ex
1417 1845 1456 1867 eo
1470 1835 1556 1877 quod
1572 1835 1712 1877 partibus

237 1897 396 1930 constant,
411 1893 474 1924 alia
497 1897 571 1924 sunt
597 1903 691 1935 quam
715 1904 824 1925 unum.
849 1894 935 1935 quod
959 1893 1019 1924 nisi
1036 1897 1138 1935 partes
1153 1892 1315 1928 haberent,
1340 1900 1438 1921 unum
1454 1890 1583 1932 penitus
1598 1895 1714 1922 essent.

237 1945 355 1979 Recte.
407 1947 518 1979 Partes
534 1952 638 1980 autem
654 1948 738 1990 ejus,
754 1948 840 1990 quod
855 1953 956 1980 totum
982 1952 1044 1984 est,
1061 1952 1165 1990 partes
1187 1957 1256 1978 esse
1275 1945 1472 1977 asseruimus.
1515 1944 1714 1977 Assemimus

240 2000 347 2042 plane.
393 2000 498 2045 Atqui
514 2006 615 2033 totum
630 2001 732 2044 ipsum
748 2013 844 2033 unum
861 2013 898 2034 ex
923 2002 1031 2033 multis
1052 2013 1119 2034 esse
1142 2004 1279 2042 oportet,
1303 1999 1393 2041 cujus
1411 2004 1515 2041 partes
1535 2005 1620 2037 sunt,
1641 2009 1713 2042 quse

238 2059 344 2096 partes
359 2055 574 2098 appellantur,
590 2056 740 2098 quaelibet
755 2056 839 2087 enim
855 2056 990 2098 partium
1007 2067 1070 2087 non
1085 2056 1254 2086 multorum
1270 2065 1353 2096 pars,
1375 2054 1431 2085 sed
1450 2054 1563 2096 totius,
1582 2054 1715 2087 exsistit.

239 2108 287 2140 At
301 2111 462 2152 quomodo
477 2110 584 2142 istud?
630 2110 664 2142 Si
679 2110 754 2152 quid
772 2110 939 2142 multorum
956 2121 1026 2152 pars
1042 2115 1135 2148 esset,
1152 2109 1266 2152 quibus
1278 2109 1382 2150 ipsum
1397 2109 1523 2146 inesset,
1548 2108 1595 2139 sui
1610 2107 1712 2151 ipsius

238 2164 473 2205 quodammodo
489 2169 571 2196 esset
585 2174 668 2206 pars,
692 2165 752 2196 hoc
777 2169 882 2196 autem
907 2164 1112 2206 impossibile,
1139 2169 1172 2196 et
1187 2163 1317 2195 aliorum
1342 2162 1519 2204 cujusque:
1545 2162 1571 2194 si
1583 2162 1712 2205 quidem

239 2217 391 2251 omnium.
417 2218 510 2250 unius
522 2218 604 2250 enim
618 2229 682 2249 non
698 2218 849 2251 exsistens
863 2229 946 2261 pars,
973 2224 1179 2261 praeterquam
1197 2218 1291 2260 hujus
1306 2217 1441 2249 aliorum
1453 2217 1511 2248 erit
1527 2227 1536 2248 ε
1559 2221 1655 2259 atque
1669 2216 1714 2248 ita

240 2271 490 2315 uniuscujusque
515 2283 584 2314 pars
606 2283 670 2304 non
693 2274 764 2306 erit.
787 2283 852 2304 non
875 2274 1026 2305 exsistens
1043 2284 1115 2306 vero
1139 2284 1209 2315 pars
1235 2272 1403 2314 cujusque,
1424 2271 1540 2303 nullius
1555 2282 1593 2303 ex
1607 2271 1713 2303 multis

240 2326 320 2357 erit:
344 2331 389 2368 ct,
405 2327 430 2358 si
446 2327 574 2365 nullius,
593 2329 731 2359 omnium
747 2328 876 2360 istorum
899 2328 1016 2371 aliquid
1042 2339 1121 2366 esse,
1146 2338 1276 2370 quorum
1299 2327 1414 2359 nullius
1428 2333 1476 2359 est
1490 2327 1539 2360 vel
1555 2338 1638 2371 pars,
1661 2328 1711 2360 vel

239 2377 328 2411 aliud
354 2381 531 2422 quodlibet,
557 2382 761 2424 impossibile.
805 2383 950 2426 Apparet
972 2383 1112 2425 quidem.
1159 2382 1235 2414 Non
1259 2393 1332 2425 ergo
1358 2382 1538 2420 multorum,
1564 2393 1624 2415 nec
1643 2393 1711 2414 om-

239 2432 327 2466 nium
343 2443 413 2475 pars
428 2439 487 2473 est,
503 2445 701 2479 quaecunque
724 2437 764 2468 sit
786 2448 868 2480 pars,
896 2437 951 2468 sed
974 2437 1069 2468 unius
1084 2436 1249 2478 cujusdam
1265 2437 1359 2474 ideae,
1374 2441 1407 2468 et
1422 2437 1514 2468 unius
1529 2436 1713 2479 cujusdam,-

241 2487 328 2529 quod
346 2492 446 2519 toturn
459 2499 618 2528 vocamus,
643 2491 761 2522 sactum
787 2503 826 2523 ex
851 2492 973 2524 cunctis
988 2502 1087 2523 unum
1113 2498 1208 2534 atque
1232 2491 1416 2533 perfectum.
1438 2490 1544 2533 hujus,
1568 2490 1713 2534 inquam,

239 2551 313 2583 pars
331 2546 390 2579 eat,
409 2553 607 2586 quaecunque
620 2545 660 2575 sit
683 2556 762 2587 pars.
809 2545 949 2578 Omnino
972 2546 1112 2586 quidem.
1158 2545 1191 2576 Si
1207 2555 1280 2588 ergo
1296 2545 1359 2577 alia
1373 2550 1477 2587 partes
1490 2545 1620 2582 habent,
1644 2550 1712 2577 toto

241 2600 337 2638 etque
352 2606 417 2628 uno
434 2597 635 2640 participant.
679 2599 834 2634 Maxime.
879 2600 974 2633 Unde
990 2611 1087 2632 unum
1103 2604 1203 2631 totum
1221 2600 1392 2642 perfectum
1410 2604 1512 2642 partes
1533 2589 1714 2638 continens,

241 2648 304 2681 alia
329 2649 398 2692 ipsa
421 2651 462 2682 ab
486 2662 548 2684 uno
573 2664 641 2685 esse
660 2664 789 2686 necesse
810 2660 869 2688 est.
914 2655 1064 2687 Necesse.
1111 2654 1200 2692 Quin
1226 2655 1320 2686 etiam
1346 2655 1387 2686 de
1411 2664 1600 2697 unaquaque
1623 2659 1710 2696 parte

240 2704 351 2736 eadem
368 2705 447 2737 ratio
461 2712 519 2739 est.
543 2707 659 2739 etenim
674 2709 769 2751 hujus
782 2710 874 2742 unius
886 2710 1070 2753 participem
1081 2720 1150 2742 esse
1161 2715 1296 2751 oportet.
1309 2720 1381 2741 nam
1396 2709 1422 2741 si
1435 2719 1631 2751 unaquaeque
1640 2707 1713 2740 iu·-

240 2768 308 2789 rum
322 2769 392 2801 pars
409 2759 507 2803 [158]
524 2766 584 2798 est,
595 2762 655 2794 hoc
669 2763 786 2805 ipsum,
802 2765 888 2806 quod
901 2765 1027 2797 dicitur.
1040 2775 1250 2807 unaquaeque,
1267 2775 1362 2795 unum
1372 2763 1604 2807 quodammodo
1614 2763 1712 2805 signi-

240 2813 316 2845 ficat
329 2825 337 2844 :
361 2812 543 2846 distinctum
560 2814 643 2847 enim
659 2817 810 2859 quiddam
826 2819 866 2850 ab
878 2819 959 2860 aliis,
973 2824 1006 2851 et
1021 2820 1192 2851 secundum
1205 2829 1237 2850 se
1253 2819 1355 2861 ipsum
1371 2817 1523 2850 exsistens
1537 2816 1706 2859 significat,

242 2866 269 2898 si
283 2868 379 2899 modo
393 2878 592 2911 unaquaeque
604 2871 674 2903 erit.
719 2872 834 2905 Recte.
881 2873 949 2906 Erit
963 2879 1068 2906 autem
1086 2874 1177 2905 unius
1194 2874 1363 2916 particeps,
1386 2873 1413 2904 si
1434 2871 1519 2903 aliud
1544 2871 1709 2914 quiddam,

243 2932 338 2965 quam
354 2933 450 2954 unum
463 2923 556 2956 suerit
570 2936 576 2955 :
602 2925 740 2968 alioquin
757 2928 999 2971 haudquaquam
1026 2929 1238 2971 participaret,
1262 2929 1316 2959 sed
1332 2926 1435 2969 ipsum
1451 2936 1546 2958 imum
1559 2930 1652 2958 esset.
1674 2930 1708 2957 at

243 2986 316 3009 vero
333 2987 430 3012 unum
454 2988 521 3011 esse
544 2978 677 3022 aliquid,
703 2987 813 3023 pratter
839 2983 940 3025 ipsum
968 2994 1077 3021 unum,
1103 2983 1180 3016 nihil
1208 2987 1322 3025 potest.
1368 2980 1469 3014 Nihil.
1513 2980 1713 3023 Participnre
